[{"ATOS": {"quote": {"05/12/2021": {"value": "2.6200", "Market Cap": "316.559M", "Beta (5Y Monthly)": "2.24", "PE Ratio (TTM)": "N/A", "EPS (TTM)": "-1.9750", "Earnings Date": "Aug 11, 2021 - Aug 16, 2021", "Forward Dividend & Yield": "N/A (N/A)", "Ex-Dividend Date": "N/A", "1y Target Est": "6.38"}}, "fin": {"TTM": {"Duration": "TTM", "Total Revenue": "0", "Operating Expense": "14,607", "Operating Income": "-14,607", "Net Non Operating Interest Income Expense": "-938.794", "Other Income Expense": "-2,282", "Pretax Income": "-17,828", "Tax Provision": "0", "Net Income Common Stockholders": "-22,331", "Diluted NI Available to Com Stockholders": "-22,331", "Basic EPS": "-", "Diluted EPS": "-", "Basic Average Shares": "-", "Diluted Average Shares": "-", "Total Operating Income as Reported": "-14,607", "Total Expenses": "14,607", "Net Income from Continuing & Discontinued Operation": "-17,828", "Normalized Income": "-15,495", "Interest Expense": "-", "Net Interest Income": "-938.794", "EBIT": "-14,607", "EBITDA": "-14,561", "Reconciled Depreciation": "46.52", "Net Income from Continuing Operation Net Minority Interest": "-17,828", "Total Unusual Items Excluding Goodwill": "-2,333", "Total Unusual Items": "-2,333", "Normalized EBITDA": "-12,228", "Tax Rate for Calcs": "0", "Tax Effect of Unusual Items": "0"}, "12/31/2020": {"Duration": "12/31/2020", "Total Revenue": "0", "Operating Expense": "14,607", "Operating Income": "-14,607", "Net Non Operating Interest Income Expense": "-938.794", "Other Income Expense": "-2,282", "Pretax Income": "-17,828", "Tax Provision": "0", "Net Income Common Stockholders": "-22,331", "Diluted NI Available to Com Stockholders": "-22,331", "Basic EPS": "-", "Diluted EPS": "-", "Basic Average Shares": "-", "Diluted Average Shares": "-", "Total Operating Income as Reported": "-14,607", "Total Expenses": "14,607", "Net Income from Continuing & Discontinued Operation": "-17,828", "Normalized Income": "-15,495", "Interest Expense": "-", "Net Interest Income": "-938.794", "EBIT": "-14,607", "EBITDA": "-", "Reconciled Depreciation": "46.52", "Net Income from Continuing Operation Net Minority Interest": "-17,828", "Total Unusual Items Excluding Goodwill": "-2,333", "Total Unusual Items": "-2,333", "Normalized EBITDA": "-12,228", "Tax Rate for Calcs": "0", "Tax Effect of Unusual Items": "0"}, "12/31/2019": {"Duration": "12/31/2019", "Total Revenue": "0", "Operating Expense": "17,265", "Operating Income": "-17,265", "Net Non Operating Interest Income Expense": "-", "Other Income Expense": "25.648", "Pretax Income": "-17,240", "Tax Provision": "0", "Net Income Common Stockholders": "-17,240", "Diluted NI Available to Com Stockholders": "-17,240", "Basic EPS": "-2.03", "Diluted EPS": "-2.03", "Basic Average Shares": "8,497", "Diluted Average Shares": "8,497", "Total Operating Income as Reported": "-17,265", "Total Expenses": "17,265", "Net Income from Continuing & Discontinued Operation": "-17,240", "Normalized Income": "-17,240", "Interest Expense": "-", "Net Interest Income": "-", "EBIT": "-17,265", "EBITDA": "-", "Reconciled Depreciation": "52.789", "Net Income from Continuing Operation Net Minority Interest": "-17,240", "Total Unusual Items Excluding Goodwill": "-", "Total Unusual Items": "-", "Normalized EBITDA": "-17,213", "Tax Rate for Calcs": "0", "Tax Effect of Unusual Items": "0"}, "12/31/2018": {"Duration": "12/31/2018", "Total Revenue": "0", "Operating Expense": "11,434", "Operating Income": "-11,434", "Net Non Operating Interest Income Expense": "-", "Other Income Expense": "29.299", "Pretax Income": "-11,405", "Tax Provision": "-", "Net Income Common Stockholders": "-22,884", "Diluted NI Available to Com Stockholders": "-22,884", "Basic EPS": "-5.50", "Diluted EPS": "-5.50", "Basic Average Shares": "4,158", "Diluted Average Shares": "4,158", "Total Operating Income as Reported": "-11,434", "Total Expenses": "11,434", "Net Income from Continuing & Discontinued Operation": "-11,405", "Normalized Income": "-11,405", "Interest Expense": "-", "Net Interest Income": "-", "EBIT": "-11,434", "EBITDA": "-", "Reconciled Depreciation": "44.197", "Net Income from Continuing Operation Net Minority Interest": "-11,405", "Total Unusual Items Excluding Goodwill": "-", "Total Unusual Items": "-", "Normalized EBITDA": "-11,390", "Tax Rate for Calcs": "0", "Tax Effect of Unusual Items": "0"}}, "bs": {"12/31/2020": {"Duration": "12/31/2020", "Total Assets": "42,839", "Total Liabilities Net Minority Interest": "15,672", "Total Equity Gross Minority Interest": "27,168", "Total Capitalization": "27,168", "Preferred Stock Equity": "0.001", "Common Stock Equity": "27,168", "Capital Lease Obligations": "18.053", "Net Tangible Assets": "27,155", "Working Capital": "27,099", "Invested Capital": "27,168", "Tangible Book Value": "27,155", "Total Debt": "18.053", "Share Issued": "47,549", "Ordinary Shares Number": "47,549"}, "12/31/2019": {"Duration": "12/31/2019", "Total Assets": "14,490", "Total Liabilities Net Minority Interest": "1,334", "Total Equity Gross Minority Interest": "13,156", "Total Capitalization": "13,156", "Preferred Stock Equity": "0.001", "Common Stock Equity": "13,156", "Capital Lease Obligations": "50.479", "Net Tangible Assets": "13,087", "Working Capital": "12,997", "Invested Capital": "13,156", "Tangible Book Value": "13,087", "Total Debt": "50.479", "Share Issued": "9,131", "Ordinary Shares Number": "9,131"}, "12/31/2018": {"Duration": "12/31/2018", "Total Assets": "11,720", "Total Liabilities Net Minority Interest": "2,915", "Total Equity Gross Minority Interest": "8,805", "Total Capitalization": "8,805", "Preferred Stock Equity": "0.002", "Common Stock Equity": "8,805", "Capital Lease Obligations": "-", "Net Tangible Assets": "8,706", "Working Capital": "8,634", "Invested Capital": "8,805", "Tangible Book Value": "8,706", "Total Debt": "-", "Share Issued": "5,847", "Ordinary Shares Number": "5,847"}}, "cf": {"TTM": {"Duration": "TTM", "Operating Cash Flow": "-11,570", "Investing Cash Flow": "-9.367", "Financing Cash Flow": "38,552", "End Cash Position": "39,664", "Interest Paid Supplemental Data": "-", "Capital Expenditure": "-9.367", "Issuance of Capital Stock": "38,567", "Free Cash Flow": "-11,580"}, "12/31/2020": {"Duration": "12/31/2020", "Operating Cash Flow": "-11,570", "Investing Cash Flow": "-9.367", "Financing Cash Flow": "38,552", "End Cash Position": "39,664", "Interest Paid Supplemental Data": "-", "Capital Expenditure": "-9.367", "Issuance of Capital Stock": "38,567", "Free Cash Flow": "-11,580"}, "12/31/2019": {"Duration": "12/31/2019", "Operating Cash Flow": "-9,128", "Investing Cash Flow": "-7.625", "Financing Cash Flow": "11,337", "End Cash Position": "12,691", "Interest Paid Supplemental Data": "-", "Capital Expenditure": "-7.625", "Issuance of Capital Stock": "0", "Free Cash Flow": "-9,136"}, "12/31/2018": {"Duration": "12/31/2018", "Operating Cash Flow": "-8,962", "Investing Cash Flow": "-110.906", "Financing Cash Flow": "12,291", "End Cash Position": "10,490", "Interest Paid Supplemental Data": "-", "Capital Expenditure": "-110.906", "Issuance of Capital Stock": "12,291", "Free Cash Flow": "-9,073"}}}}, {"VIVO": {"quote": {"05/12/2021": {"value": "18.61", "Market Cap": "806.371M", "Beta (5Y Monthly)": "0.49", "PE Ratio (TTM)": "9.31", "EPS (TTM)": "2.00", "Earnings Date": "Aug 05, 2021 - Aug 09, 2021", "Forward Dividend & Yield": "N/A (N/A)", "Ex-Dividend Date": "Feb 01, 2019", "1y Target Est": "32.00"}}, "fin": {"TTM": {"Duration": "TTM", "Total Revenue": "299,163", "Cost of Revenue": "109,018", "Gross Profit": "190,145", "Operating Expense": "100,882", "Operating Income": "89,263", "Net Non Operating Interest Income Expense": "-2,359", "Other Income Expense": "2,611", "Pretax Income": "89,515", "Tax Provision": "19,377", "Net Income Common Stockholders": "70,138", "Diluted NI Available to Com Stockholders": "70,138", "Basic EPS": "-", "Diluted EPS": "-", "Basic Average Shares": "-", "Diluted Average Shares": "-", "Total Operating Income as Reported": "90,594", "Total Expenses": "209,900", "Net Income from Continuing & Discontinued Operation": "70,138", "Normalized Income": "68,468", "Interest Income": "40", "Interest Expense": "2,399", "Net Interest Income": "-2,359", "EBIT": "91,914", "EBITDA": "106,270", "Reconciled Cost of Revenue": "109,018", "Reconciled Depreciation": "14,356", "Net Income from Continuing Operation Net Minority Interest": "70,138", "Total Unusual Items Excluding Goodwill": "2,131", "Total Unusual Items": "2,131", "Normalized EBITDA": "104,139", "Tax Rate for Calcs": "0", "Tax Effect of Unusual Items": "461.2901"}, "9/30/2020": {"Duration": "9/30/2020", "Total Revenue": "253,667", "Cost of Revenue": "97,419", "Gross Profit": "156,248", "Operating Expense": "96,640", "Operating Income": "59,608", "Net Non Operating Interest Income Expense": "-2,490", "Other Income Expense": "2,175", "Pretax Income": "59,293", "Tax Provision": "13,107", "Net Income Common Stockholders": "46,186", "Diluted NI Available to Com Stockholders": "46,186", "Basic EPS": "1.08", "Diluted EPS": "1.07", "Basic Average Shares": "42,855", "Diluted Average Shares": "43,174", "Total Operating Income as Reported": "61,324", "Total Expenses": "194,059", "Net Income from Continuing & Discontinued Operation": "46,186", "Normalized Income": "44,849", "Interest Income": "142", "Interest Expense": "2,632", "Net Interest Income": "-2,490", "EBIT": "61,925", "EBITDA": "-", "Reconciled Cost of Revenue": "97,419", "Reconciled Depreciation": "13,567", "Net Income from Continuing Operation Net Minority Interest": "46,186", "Total Unusual Items Excluding Goodwill": "1,716", "Total Unusual Items": "1,716", "Normalized EBITDA": "73,776", "Tax Rate for Calcs": "0", "Tax Effect of Unusual Items": "379.236"}, "9/30/2019": {"Duration": "9/30/2019", "Total Revenue": "201,014", "Cost of Revenue": "82,689", "Gross Profit": "118,325", "Operating Expense": "80,979", "Operating Income": "37,346", "Net Non Operating Interest Income Expense": "-1,264", "Other Income Expense": "-4,525", "Pretax Income": "31,557", "Tax Provision": "7,175", "Net Income Common Stockholders": "24,382", "Diluted NI Available to Com Stockholders": "24,382", "Basic EPS": "0.57", "Diluted EPS": "0.57", "Basic Average Shares": "42,571", "Diluted Average Shares": "42,899", "Total Operating Income as Reported": "32,699", "Total Expenses": "163,668", "Net Income from Continuing & Discontinued Operation": "24,382", "Normalized Income": "27,974", "Interest Income": "681", "Interest Expense": "1,945", "Net Interest Income": "-1,264", "EBIT": "33,502", "EBITDA": "-", "Reconciled Cost of Revenue": "82,689", "Reconciled Depreciation": "9,964", "Net Income from Continuing Operation Net Minority Interest": "24,382", "Total Unusual Items Excluding Goodwill": "-4,647", "Total Unusual Items": "-4,647", "Normalized EBITDA": "48,113", "Tax Rate for Calcs": "0", "Tax Effect of Unusual Items": "-1,055"}, "9/30/2018": {"Duration": "9/30/2018", "Total Revenue": "213,571", "Cost of Revenue": "83,110", "Gross Profit": "130,461", "Operating Expense": "85,826", "Operating Income": "44,635", "Net Non Operating Interest Income Expense": "-1,102", "Other Income Expense": "-13,153", "Pretax Income": "30,380", "Tax Provision": "6,531", "Net Income Common Stockholders": "23,849", "Diluted NI Available to Com Stockholders": "23,849", "Basic EPS": "0.56", "Diluted EPS": "0.56", "Basic Average Shares": "42,325", "Diluted Average Shares": "42,754", "Total Operating Income as Reported": "31,584", "Total Expenses": "168,936", "Net Income from Continuing & Discontinued Operation": "23,849", "Normalized Income": "34,094", "Interest Income": "418", "Interest Expense": "1,520", "Net Interest Income": "-1,102", "EBIT": "31,900", "EBITDA": "-", "Reconciled Cost of Revenue": "83,110", "Reconciled Depreciation": "7,924", "Net Income from Continuing Operation Net Minority Interest": "23,849", "Total Unusual Items Excluding Goodwill": "-13,051", "Total Unusual Items": "-13,051", "Normalized EBITDA": "52,875", "Tax Rate for Calcs": "0", "Tax Effect of Unusual Items": "-2,806"}}, "bs": {"9/30/2020": {"Duration": "9/30/2020", "Total Assets": "405,261", "Total Liabilities Net Minority Interest": "157,632", "Total Equity Gross Minority Interest": "247,629", "Total Capitalization": "316,453", "Common Stock Equity": "247,629", "Capital Lease Obligations": "6,467", "Net Tangible Assets": "50,246", "Working Capital": "109,666", "Invested Capital": "316,453", "Tangible Book Value": "50,246", "Total Debt": "75,291", "Net Debt": "15,310", "Share Issued": "43,069", "Ordinary Shares Number": "43,069"}, "9/30/2019": {"Duration": "9/30/2019", "Total Assets": "325,478", "Total Liabilities Net Minority Interest": "134,511", "Total Equity Gross Minority Interest": "190,967", "Total Capitalization": "266,791", "Common Stock Equity": "190,967", "Capital Lease Obligations": "-", "Net Tangible Assets": "41,483", "Working Capital": "123,847", "Invested Capital": "266,791", "Tangible Book Value": "41,483", "Total Debt": "75,824", "Net Debt": "13,427", "Share Issued": "42,712", "Ordinary Shares Number": "42,712"}, "9/30/2018": {"Duration": "9/30/2018", "Total Assets": "251,377", "Total Liabilities Net Minority Interest": "75,959", "Total Equity Gross Minority Interest": "175,418", "Total Capitalization": "220,348", "Common Stock Equity": "175,418", "Capital Lease Obligations": "-", "Net Tangible Assets": "97,668", "Working Capital": "114,880", "Invested Capital": "225,598", "Tangible Book Value": "97,668", "Total Debt": "50,180", "Net Debt": "-", "Share Issued": "42,400", "Ordinary Shares Number": "42,400"}}, "cf": {"TTM": {"Duration": "TTM", "Operating Cash Flow": "67,809", "Investing Cash Flow": "-61,344", "Financing Cash Flow": "-13,557", "End Cash Position": "61,465", "Income Tax Paid Supplemental Data": "-", "Interest Paid Supplemental Data": "-", "Capital Expenditure": "-5,045", "Issuance of Debt": "-", "Repayment of Debt": "-67,000", "Free Cash Flow": "62,764"}, "9/30/2020": {"Duration": "9/30/2020", "Operating Cash Flow": "47,976", "Investing Cash Flow": "-54,598", "Financing Cash Flow": "-3,557", "End Cash Position": "53,514", "Income Tax Paid Supplemental Data": "-", "Interest Paid Supplemental Data": "2,690", "Capital Expenditure": "-3,299", "Issuance of Debt": "50,000", "Repayment of Debt": "-57,000", "Free Cash Flow": "44,677"}, "9/30/2019": {"Duration": "9/30/2019", "Operating Cash Flow": "35,831", "Investing Cash Flow": "-48,452", "Financing Cash Flow": "15,260", "End Cash Position": "62,397", "Income Tax Paid Supplemental Data": "-", "Interest Paid Supplemental Data": "-", "Capital Expenditure": "-3,797", "Issuance of Debt": "75,824", "Repayment of Debt": "-50,250", "Free Cash Flow": "32,034"}, "9/30/2018": {"Duration": "9/30/2018", "Operating Cash Flow": "34,783", "Investing Cash Flow": "-4,201", "Financing Cash Flow": "-27,593", "End Cash Position": "59,763", "Income Tax Paid Supplemental Data": "6,555", "Interest Paid Supplemental Data": "1,487", "Capital Expenditure": "-4,201", "Issuance of Debt": "0", "Repayment of Debt": "-4,500", "Free Cash Flow": "30,582"}}}}, {"TRIB": {"quote": {"05/12/2021": {"value": "3.0500", "Market Cap": "63.75M", "Beta (5Y Monthly)": "1.67", "PE Ratio (TTM)": "N/A", "EPS (TTM)": "-0.3060", "Earnings Date": "May 25, 2021 - May 31, 2021", "Forward Dividend & Yield": "N/A (N/A)", "Ex-Dividend Date": "Jun 05, 2015", "1y Target Est": "7.00"}}, "fin": {"TTM": {"Duration": "TTM", "Total Revenue": "101,980", "Cost of Revenue": "53,400", "Gross Profit": "48,580", "Operating Expense": "28,234", "Operating Income": "20,346", "Net Non Operating Interest Income Expense": "-4,856", "Other Income Expense": "-", "Pretax Income": "15,490", "Tax Provision": "-182", "Net Income Common Stockholders": "-6,388", "Average Dilution Earnings": "-", "Diluted NI Available to Com Stockholders": "-6,388", "Basic EPS": "-", "Diluted EPS": "-", "Basic Average Shares": "-", "Diluted Average Shares": "-", "Total Operating Income as Reported": "20,346", "Total Expenses": "81,634", "Net Income from Continuing & Discontinued Operation": "15,672", "Normalized Income": "15,672", "Interest Income": "36", "Interest Expense": "4,892", "Net Interest Income": "-4,856", "EBIT": "20,382", "EBITDA": "20,382", "Reconciled Cost of Revenue": "53,400", "Reconciled Depreciation": "-", "Net Income from Continuing Operation Net Minority Interest": "15,672", "Total Unusual Items Excluding Goodwill": "-", "Total Unusual Items": "-", "Normalized EBITDA": "20,382", "Tax Rate for Calcs": "0", "Tax Effect of Unusual Items": "0"}, "12/31/2020": {"Duration": "12/31/2020", "Total Revenue": "101,980", "Cost of Revenue": "53,400", "Gross Profit": "48,580", "Operating Expense": "28,234", "Operating Income": "20,346", "Net Non Operating Interest Income Expense": "-4,856", "Other Income Expense": "-", "Pretax Income": "15,490", "Tax Provision": "-182", "Net Income Common Stockholders": "-6,388", "Average Dilution Earnings": "-", "Diluted NI Available to Com Stockholders": "-6,388", "Basic EPS": "-", "Diluted EPS": "-", "Basic Average Shares": "-", "Diluted Average Shares": "-", "Total Operating Income as Reported": "20,346", "Total Expenses": "81,634", "Net Income from Continuing & Discontinued Operation": "15,672", "Normalized Income": "15,672", "Interest Income": "36", "Interest Expense": "4,892", "Net Interest Income": "-4,856", "EBIT": "20,382", "EBITDA": "-", "Reconciled Cost of Revenue": "53,400", "Reconciled Depreciation": "-", "Net Income from Continuing Operation Net Minority Interest": "15,672", "Total Unusual Items Excluding Goodwill": "-", "Total Unusual Items": "-", "Normalized EBITDA": "20,382", "Tax Rate for Calcs": "0", "Tax Effect of Unusual Items": "0"}, "12/31/2019": {"Duration": "12/31/2019", "Total Revenue": "90,435", "Cost of Revenue": "52,315", "Gross Profit": "38,120", "Operating Expense": "37,940", "Operating Income": "180", "Net Non Operating Interest Income Expense": "-5,885", "Other Income Expense": "-24,292", "Pretax Income": "-29,997", "Tax Provision": "-1,006", "Net Income Common Stockholders": "-28,914", "Average Dilution Earnings": "-", "Diluted NI Available to Com Stockholders": "-28,914", "Basic EPS": "-1.40", "Diluted EPS": "-1.40", "Basic Average Shares": "20,902", "Diluted Average Shares": "25,468", "Total Operating Income as Reported": "-24,112", "Total Expenses": "90,255", "Net Income from Continuing & Discontinued Operation": "-28,914", "Normalized Income": "-5,512", "Interest Income": "697", "Interest Expense": "6,582", "Net Interest Income": "-5,885", "EBIT": "-23,415", "EBITDA": "-", "Reconciled Cost of Revenue": "49,789", "Reconciled Depreciation": "4,894", "Net Income from Continuing Operation Net Minority Interest": "-28,991", "Total Unusual Items Excluding Goodwill": "-24,295", "Total Unusual Items": "-24,295", "Normalized EBITDA": "5,774", "Tax Rate for Calcs": "0", "Tax Effect of Unusual Items": "-816.312"}, "12/31/2018": {"Duration": "12/31/2018", "Total Revenue": "97,035", "Cost of Revenue": "55,586", "Gross Profit": "41,449", "Operating Expense": "34,747", "Operating Income": "6,702", "Net Non Operating Interest Income Expense": "-2,956", "Other Income Expense": "-26,929", "Pretax Income": "-23,183", "Tax Provision": "-525", "Net Income Common Stockholders": "-22,090", "Average Dilution Earnings": "0", "Diluted NI Available to Com Stockholders": "-22,090", "Basic EPS": "-1.06", "Diluted EPS": "-1.06", "Basic Average Shares": "20,903", "Diluted Average Shares": "25,877", "Total Operating Income as Reported": "-20,227", "Total Expenses": "90,333", "Net Income from Continuing & Discontinued Operation": "-22,090", "Normalized Income": "3,665", "Interest Income": "2,124", "Interest Expense": "5,080", "Net Interest Income": "-2,956", "EBIT": "-18,103", "EBITDA": "-", "Reconciled Cost of Revenue": "54,290", "Reconciled Depreciation": "4,121", "Net Income from Continuing Operation Net Minority Interest": "-22,658", "Total Unusual Items Excluding Goodwill": "-26,932", "Total Unusual Items": "-26,932", "Normalized EBITDA": "12,950", "Tax Rate for Calcs": "0", "Tax Effect of Unusual Items": "-608.6632"}}, "bs": {"12/31/2020": {"Duration": "12/31/2020", "Total Assets": "130,247", "Total Liabilities Net Minority Interest": "132,466", "Total Equity Gross Minority Interest": "-2,219", "Total Capitalization": "81,665", "Common Stock Equity": "-2,219", "Capital Lease Obligations": "-", "Net Tangible Assets": "-36,079", "Working Capital": "56,242", "Invested Capital": "81,665", "Tangible Book Value": "-36,079", "Total Debt": "83,884", "Net Debt": "56,557", "Share Issued": "83,607", "Ordinary Shares Number": "83,607", "Treasury Shares Number": "-"}, "12/31/2019": {"Duration": "12/31/2019", "Total Assets": "131,071", "Total Liabilities Net Minority Interest": "126,358", "Total Equity Gross Minority Interest": "4,713", "Total Capitalization": "86,734", "Common Stock Equity": "4,713", "Capital Lease Obligations": "20,149", "Net Tangible Assets": "-38,941", "Working Capital": "51,941", "Invested Capital": "86,734", "Tangible Book Value": "-38,941", "Total Debt": "102,170", "Net Debt": "66,790", "Share Issued": "96,163", "Ordinary Shares Number": "83,607", "Treasury Shares Number": "12,556"}, "12/31/2018": {"Duration": "12/31/2018", "Total Assets": "151,659", "Total Liabilities Net Minority Interest": "107,605", "Total Equity Gross Minority Interest": "44,054", "Total Capitalization": "125,436", "Common Stock Equity": "44,054", "Capital Lease Obligations": "962", "Net Tangible Assets": "-8,897", "Working Capital": "69,057", "Invested Capital": "125,436", "Tangible Book Value": "-8,897", "Total Debt": "82,344", "Net Debt": "51,105", "Share Issued": "96,162", "Ordinary Shares Number": "83,606", "Treasury Shares Number": "12,556"}}, "cf": {"TTM": {"Duration": "TTM", "Operating Cash Flow": "-", "Investing Cash Flow": "-", "Financing Cash Flow": "-", "End Cash Position": "27,327", "Capital Expenditure": "-11,547", "Issuance of Capital Stock": "-", "Issuance of Debt": "4,520", "Repayment of Debt": "-", "Repurchase of Capital Stock": "-", "Free Cash Flow": "-"}, "12/31/2020": {"Duration": "12/31/2020", "Operating Cash Flow": "-", "Investing Cash Flow": "-", "Financing Cash Flow": "-", "End Cash Position": "27,327", "Capital Expenditure": "-11,547", "Issuance of Capital Stock": "-", "Issuance of Debt": "4,520", "Repayment of Debt": "-", "Repurchase of Capital Stock": "-", "Free Cash Flow": "-"}, "12/31/2019": {"Duration": "12/31/2019", "Operating Cash Flow": "5,417", "Investing Cash Flow": "-11,853", "Financing Cash Flow": "-7,529", "End Cash Position": "16,400", "Capital Expenditure": "-11,853", "Issuance of Capital Stock": "-", "Issuance of Debt": "0", "Repayment of Debt": "-3,533", "Repurchase of Capital Stock": "0", "Free Cash Flow": "-6,436"}, "12/31/2018": {"Duration": "12/31/2018", "Operating Cash Flow": "7,229", "Investing Cash Flow": "-17,391", "Financing Cash Flow": "-16,872", "End Cash Position": "30,277", "Capital Expenditure": "-17,391", "Issuance of Capital Stock": "0", "Issuance of Debt": "481", "Repayment of Debt": "-12,416", "Repurchase of Capital Stock": "-434", "Free Cash Flow": "-10,162"}}}}, {"BZYR": {"quote": {"05/12/2021": {"value": "0.0290", "Market Cap": "3.812M", "Beta (5Y Monthly)": "1.86", "PE Ratio (TTM)": "N/A", "EPS (TTM)": "-0.0100", "Earnings Date": "N/A", "Forward Dividend & Yield": "N/A (N/A)", "Ex-Dividend Date": "N/A", "1y Target Est": "N/A"}}, "fin": {"TTM": {"Duration": "TTM", "Total Revenue": "0", "Operating Expense": "1,336", "Operating Income": "-1,336", "Other Income Expense": "-", "Pretax Income": "-1,335", "Tax Provision": "-", "Net Income Common Stockholders": "-1,335", "Diluted NI Available to Com Stockholders": "-1,335", "Basic EPS": "-", "Diluted EPS": "-", "Basic Average Shares": "-", "Diluted Average Shares": "-", "Total Operating Income as Reported": "-1,336", "Total Expenses": "1,336", "Net Income from Continuing & Discontinued Operation": "-1,335", "Normalized Income": "-1,335", "EBIT": "-1,336", "EBITDA": "-1,336", "Reconciled Depreciation": "-", "Net Income from Continuing Operation Net Minority Interest": "-1,335", "Normalized EBITDA": "-1,336", "Tax Rate for Calcs": "0", "Tax Effect of Unusual Items": "0"}, "2/29/2020": {"Duration": "2/29/2020", "Total Revenue": "0", "Operating Expense": "1,635", "Operating Income": "-1,635", "Other Income Expense": "0.5", "Pretax Income": "-1,634", "Tax Provision": "-", "Net Income Common Stockholders": "-1,634", "Diluted NI Available to Com Stockholders": "-1,634", "Basic EPS": "-0.01", "Diluted EPS": "-0.01", "Basic Average Shares": "131,448", "Diluted Average Shares": "131,448", "Total Operating Income as Reported": "-1,635", "Total Expenses": "1,635", "Net Income from Continuing & Discontinued Operation": "-1,634", "Normalized Income": "-1,634", "EBIT": "-1,635", "EBITDA": "-", "Reconciled Depreciation": "-", "Net Income from Continuing Operation Net Minority Interest": "-1,634", "Normalized EBITDA": "-1,635", "Tax Rate for Calcs": "0", "Tax Effect of Unusual Items": "0"}, "2/28/2019": {"Duration": "2/28/2019", "Total Revenue": "0", "Operating Expense": "1,638", "Operating Income": "-1,638", "Other Income Expense": "-", "Pretax Income": "-1,638", "Tax Provision": "0", "Net Income Common Stockholders": "-1,638", "Diluted NI Available to Com Stockholders": "-1,638", "Basic EPS": "-0.01", "Diluted EPS": "-0.01", "Basic Average Shares": "131,448", "Diluted Average Shares": "131,448", "Total Operating Income as Reported": "-1,638", "Total Expenses": "1,638", "Net Income from Continuing & Discontinued Operation": "-1,638", "Normalized Income": "-1,638", "EBIT": "-1,638", "EBITDA": "-", "Reconciled Depreciation": "-", "Net Income from Continuing Operation Net Minority Interest": "-1,638", "Normalized EBITDA": "-1,638", "Tax Rate for Calcs": "0", "Tax Effect of Unusual Items": "0"}}, "bs": {"2/29/2020": {"Duration": "2/29/2020", "Total Assets": "19.853", "Total Liabilities Net Minority Interest": "172.44", "Total Equity Gross Minority Interest": "-152.587", "Total Capitalization": "-152.587", "Common Stock Equity": "-152.587", "Net Tangible Assets": "-152.587", "Working Capital": "-152.587", "Invested Capital": "-152.587", "Tangible Book Value": "-152.587", "Share Issued": "131,448", "Ordinary Shares Number": "131,448"}, "2/28/2019": {"Duration": "2/28/2019", "Total Assets": "22.172", "Total Liabilities Net Minority Interest": "208.82", "Total Equity Gross Minority Interest": "-186.648", "Total Capitalization": "-186.648", "Common Stock Equity": "-186.648", "Net Tangible Assets": "-186.648", "Working Capital": "-186.648", "Invested Capital": "-186.648", "Tangible Book Value": "-186.648", "Share Issued": "131,448", "Ordinary Shares Number": "131,448"}}, "cf": {"TTM": {"Duration": "TTM", "Operating Cash Flow": "-444.77", "Financing Cash Flow": "445.618", "End Cash Position": "1.069", "Income Tax Paid Supplemental Data": "-", "Interest Paid Supplemental Data": "-", "Free Cash Flow": "-444.77"}, "2/29/2020": {"Duration": "2/29/2020", "Operating Cash Flow": "-530.113", "Financing Cash Flow": "529.568", "End Cash Position": "0.163", "Income Tax Paid Supplemental Data": "-", "Interest Paid Supplemental Data": "-", "Free Cash Flow": "-530.113"}, "2/28/2019": {"Duration": "2/28/2019", "Operating Cash Flow": "-477.516", "Financing Cash Flow": "477.718", "End Cash Position": "0.708", "Income Tax Paid Supplemental Data": "-", "Interest Paid Supplemental Data": "0", "Free Cash Flow": "-477.516"}}}}, {"NEOG": {"quote": {"04/25/2021": {"value": "96.61", "Market Cap": "5.082B", "Beta (5Y Monthly)": "0.47", "PE Ratio (TTM)": "83.36", "EPS (TTM)": "1.16", "Earnings Date": "Jul 19, 2021 - Jul 23, 2021", "Forward Dividend & Yield": "N/A (N/A)", "Ex-Dividend Date": "N/A", "1y Target Est": "87.50"}}, "fin": {"TTM": {"Duration": "TTM", "Total Revenue": "450,108", "Cost of Revenue": "241,014", "Gross Profit": "209,094", "Operating Expense": "135,236", "Operating Income": "73,858", "Net Non Operating Interest Income Expense": "3,182", "Other Income Expense": "-741", "Pretax Income": "76,299", "Tax Provision": "14,830", "Net Income Common Stockholders": "61,469", "Diluted NI Available to Com Stockholders": "61,469", "Basic EPS": "-", "Diluted EPS": "-", "Basic Average Shares": "-", "Diluted Average Shares": "-", "Total Operating Income as Reported": "73,858", "Total Expenses": "376,250", "Net Income from Continuing & Discontinued Operation": "61,469", "Normalized Income": "61,469", "Interest Income": "3,182", "Net Interest Income": "3,182", "EBIT": "73,858", "EBITDA": "93,819", "Reconciled Cost of Revenue": "241,014", "Reconciled Depreciation": "19,961", "Net Income from Continuing Operation Net Minority Interest": "61,469", "Total Unusual Items Excluding Goodwill": "-", "Total Unusual Items": "-", "Normalized EBITDA": "93,819", "Tax Rate for Calcs": "0", "Tax Effect of Unusual Items": "0"}, "5/31/2020": {"Duration": "5/31/2020", "Total Revenue": "418,170", "Cost of Revenue": "221,891", "Gross Profit": "196,279", "Operating Expense": "128,756", "Operating Income": "67,523", "Net Non Operating Interest Income Expense": "5,992", "Other Income Expense": "-1,210", "Pretax Income": "72,305", "Tax Provision": "12,830", "Net Income Common Stockholders": "59,475", "Diluted NI Available to Com Stockholders": "59,475", "Basic EPS": "1.13", "Diluted EPS": "1.13", "Basic Average Shares": "52,860", "Diluted Average Shares": "52,860", "Total Operating Income as Reported": "67,523", "Total Expenses": "350,647", "Net Income from Continuing & Discontinued Operation": "59,475", "Normalized Income": "59,475", "Interest Income": "5,992", "Net Interest Income": "5,992", "EBIT": "67,523", "EBITDA": "-", "Reconciled Cost of Revenue": "221,891", "Reconciled Depreciation": "18,396", "Net Income from Continuing Operation Net Minority Interest": "59,475", "Total Unusual Items Excluding Goodwill": "-", "Total Unusual Items": "-", "Normalized EBITDA": "85,919", "Tax Rate for Calcs": "0", "Tax Effect of Unusual Items": "0"}, "5/31/2019": {"Duration": "5/31/2019", "Total Revenue": "414,186", "Cost of Revenue": "222,266", "Gross Profit": "191,920", "Operating Expense": "123,826", "Operating Income": "68,094", "Net Non Operating Interest Income Expense": "4,683", "Other Income Expense": "182", "Pretax Income": "72,959", "Tax Provision": "12,783", "Net Income Common Stockholders": "60,176", "Diluted NI Available to Com Stockholders": "60,176", "Basic EPS": "1.15", "Diluted EPS": "1.15", "Basic Average Shares": "52,217", "Diluted Average Shares": "52,327", "Total Operating Income as Reported": "68,094", "Total Expenses": "346,092", "Net Income from Continuing & Discontinued Operation": "60,176", "Normalized Income": "60,176", "Interest Income": "4,683", "Net Interest Income": "4,683", "EBIT": "68,094", "EBITDA": "-", "Reconciled Cost of Revenue": "222,266", "Reconciled Depreciation": "17,624", "Net Income from Continuing Operation Net Minority Interest": "60,176", "Total Unusual Items Excluding Goodwill": "-", "Total Unusual Items": "-", "Normalized EBITDA": "85,718", "Tax Rate for Calcs": "0", "Tax Effect of Unusual Items": "0"}, "5/31/2018": {"Duration": "5/31/2018", "Total Revenue": "402,252", "Cost of Revenue": "212,000", "Gross Profit": "190,252", "Operating Expense": "120,058", "Operating Income": "70,194", "Net Non Operating Interest Income Expense": "2,043", "Other Income Expense": "1,228", "Pretax Income": "73,465", "Tax Provision": "10,250", "Net Income Common Stockholders": "63,145", "Diluted NI Available to Com Stockholders": "63,145", "Basic EPS": "1.22", "Diluted EPS": "1.21", "Basic Average Shares": "51,736", "Diluted Average Shares": "52,186", "Total Operating Income as Reported": "70,194", "Total Expenses": "332,058", "Net Income from Continuing & Discontinued Operation": "63,145", "Normalized Income": "63,145", "Interest Income": "2,043", "Net Interest Income": "2,043", "EBIT": "70,194", "EBITDA": "-", "Reconciled Cost of Revenue": "212,000", "Reconciled Depreciation": "17,058", "Net Income from Continuing Operation Net Minority Interest": "63,145", "Total Unusual Items Excluding Goodwill": "-", "Total Unusual Items": "-", "Normalized EBITDA": "87,252", "Tax Rate for Calcs": "0", "Tax Effect of Unusual Items": "0"}}, "bs": {"5/31/2020": {"Duration": "5/31/2020", "Total Assets": "797,182", "Total Liabilities Net Minority Interest": "72,005", "Total Equity Gross Minority Interest": "725,177", "Total Capitalization": "725,177", "Common Stock Equity": "725,177", "Net Tangible Assets": "548,256", "Working Capital": "488,917", "Invested Capital": "725,177", "Tangible Book Value": "548,256", "Share Issued": "52,946", "Ordinary Shares Number": "52,946"}, "5/31/2019": {"Duration": "5/31/2019", "Total Assets": "695,740", "Total Liabilities Net Minority Interest": "57,841", "Total Equity Gross Minority Interest": "637,899", "Total Capitalization": "637,899", "Common Stock Equity": "637,899", "Net Tangible Assets": "466,535", "Working Capital": "411,278", "Invested Capital": "637,899", "Tangible Book Value": "466,535", "Share Issued": "52,217", "Ordinary Shares Number": "52,217"}, "5/31/2018": {"Duration": "5/31/2018", "Total Assets": "618,009", "Total Liabilities Net Minority Interest": "57,834", "Total Equity Gross Minority Interest": "560,175", "Total Capitalization": "560,175", "Common Stock Equity": "560,175", "Net Tangible Assets": "391,024", "Working Capital": "337,101", "Invested Capital": "560,175", "Tangible Book Value": "391,024", "Share Issued": "51,736", "Ordinary Shares Number": "51,736"}}, "cf": {"TTM": {"Duration": "TTM", "Operating Cash Flow": "84,748", "Investing Cash Flow": "-86,062", "Financing Cash Flow": "24,291", "End Cash Position": "73,751", "Income Tax Paid Supplemental Data": "-", "Capital Expenditure": "-27,123", "Repurchase of Capital Stock": "-", "Free Cash Flow": "57,625"}, "5/31/2020": {"Duration": "5/31/2020", "Operating Cash Flow": "85,878", "Investing Cash Flow": "-88,785", "Financing Cash Flow": "29,405", "End Cash Position": "66,269", "Income Tax Paid Supplemental Data": "7,364", "Capital Expenditure": "-24,052", "Repurchase of Capital Stock": "0", "Free Cash Flow": "61,826"}, "5/31/2019": {"Duration": "5/31/2019", "Operating Cash Flow": "63,842", "Investing Cash Flow": "-119,148", "Financing Cash Flow": "13,899", "End Cash Position": "41,688", "Income Tax Paid Supplemental Data": "13,027", "Capital Expenditure": "-14,661", "Repurchase of Capital Stock": "-3,135", "Free Cash Flow": "49,181"}, "5/31/2018": {"Duration": "5/31/2018", "Operating Cash Flow": "69,131", "Investing Cash Flow": "-83,082", "Financing Cash Flow": "22,838", "End Cash Position": "83,074", "Income Tax Paid Supplemental Data": "11,800", "Capital Expenditure": "-20,946", "Repurchase of Capital Stock": "-", "Free Cash Flow": "48,185"}}}}, {"NYMX": {"quote": {"04/25/2021": {"value": "2.0300", "Market Cap": "162.932M", "Beta (5Y Monthly)": "1.54", "PE Ratio (TTM)": "N/A", "EPS (TTM)": "-0.1590", "Earnings Date": "May 15, 2020", "Forward Dividend & Yield": "N/A (N/A)", "Ex-Dividend Date": "N/A", "1y Target Est": "10.25"}}, "fin": {"TTM": {"Duration": "TTM", "Total Revenue": "5", "Cost of Revenue": "4", "Gross Profit": "1", "Operating Expense": "11,721", "Operating Income": "-11,720", "Net Non Operating Interest Income Expense": "-15", "Other Income Expense": "-3", "Pretax Income": "-11,738", "Tax Provision": "0", "Net Income Common Stockholders": "-11,738", "Diluted NI Available to Com Stockholders": "-11,738", "Basic EPS": "-", "Diluted EPS": "-", "Basic Average Shares": "-", "Diluted Average Shares": "-", "Total Operating Income as Reported": "-11,720", "Total Expenses": "11,725", "Net Income from Continuing & Discontinued Operation": "-11,738", "Normalized Income": "-11,735", "Interest Income": "27", "Interest Expense": "42", "Net Interest Income": "-15", "EBIT": "-11,696", "EBITDA": "-11,429", "Reconciled Cost of Revenue": "4", "Reconciled Depreciation": "267", "Net Income from Continuing Operation Net Minority Interest": "-11,738", "Total Unusual Items Excluding Goodwill": "-3", "Total Unusual Items": "-3", "Normalized EBITDA": "-11,426", "Tax Rate for Calcs": "0", "Tax Effect of Unusual Items": "0"}, "12/31/2020": {"Duration": "12/31/2020", "Total Revenue": "5", "Cost of Revenue": "4", "Gross Profit": "1", "Operating Expense": "11,721", "Operating Income": "-11,720", "Net Non Operating Interest Income Expense": "-15", "Other Income Expense": "-3", "Pretax Income": "-11,738", "Tax Provision": "0", "Net Income Common Stockholders": "-11,738", "Diluted NI Available to Com Stockholders": "-11,738", "Basic EPS": "-", "Diluted EPS": "-", "Basic Average Shares": "-", "Diluted Average Shares": "-", "Total Operating Income as Reported": "-11,720", "Total Expenses": "11,725", "Net Income from Continuing & Discontinued Operation": "-11,738", "Normalized Income": "-11,735", "Interest Income": "27", "Interest Expense": "42", "Net Interest Income": "-15", "EBIT": "-11,696", "EBITDA": "-", "Reconciled Cost of Revenue": "4", "Reconciled Depreciation": "267", "Net Income from Continuing Operation Net Minority Interest": "-11,738", "Total Unusual Items Excluding Goodwill": "-3", "Total Unusual Items": "-3", "Normalized EBITDA": "-11,426", "Tax Rate for Calcs": "0", "Tax Effect of Unusual Items": "0"}, "12/31/2019": {"Duration": "12/31/2019", "Total Revenue": "116", "Cost of Revenue": "58", "Gross Profit": "58", "Operating Expense": "13,383", "Operating Income": "-13,325", "Net Non Operating Interest Income Expense": "175", "Other Income Expense": "-12", "Pretax Income": "-13,162", "Tax Provision": "0", "Net Income Common Stockholders": "-13,162", "Diluted NI Available to Com Stockholders": "-13,162", "Basic EPS": "-0.19", "Diluted EPS": "-0.19", "Basic Average Shares": "68,845", "Diluted Average Shares": "68,845", "Total Operating Income as Reported": "-13,325", "Total Expenses": "13,441", "Net Income from Continuing & Discontinued Operation": "-13,162", "Normalized Income": "-13,150", "Interest Income": "213", "Interest Expense": "18", "Net Interest Income": "175", "EBIT": "-13,144", "EBITDA": "-", "Reconciled Cost of Revenue": "58", "Reconciled Depreciation": "565", "Net Income from Continuing Operation Net Minority Interest": "-13,162", "Total Unusual Items Excluding Goodwill": "-12", "Total Unusual Items": "-12", "Normalized EBITDA": "-12,567", "Tax Rate for Calcs": "0", "Tax Effect of Unusual Items": "0"}, "12/31/2018": {"Duration": "12/31/2018", "Total Revenue": "299", "Cost of Revenue": "138", "Gross Profit": "161", "Operating Expense": "10,802", "Operating Income": "-10,641", "Net Non Operating Interest Income Expense": "54", "Other Income Expense": "-7", "Pretax Income": "-10,594", "Tax Provision": "0", "Net Income Common Stockholders": "-10,594", "Diluted NI Available to Com Stockholders": "-10,594", "Basic EPS": "-0.18", "Diluted EPS": "-0.18", "Basic Average Shares": "60,466", "Diluted Average Shares": "60,466", "Total Operating Income as Reported": "-10,641", "Total Expenses": "10,940", "Net Income from Continuing & Discontinued Operation": "-10,594", "Normalized Income": "-10,587", "Interest Income": "72", "Interest Expense": "18", "Net Interest Income": "54", "EBIT": "-10,576", "EBITDA": "-", "Reconciled Cost of Revenue": "138", "Reconciled Depreciation": "3", "Net Income from Continuing Operation Net Minority Interest": "-10,594", "Total Unusual Items Excluding Goodwill": "-7", "Total Unusual Items": "-7", "Normalized EBITDA": "-10,566", "Tax Rate for Calcs": "0", "Tax Effect of Unusual Items": "0"}}, "bs": {"12/31/2020": {"Duration": "12/31/2020", "Total Assets": "4,343", "Total Liabilities Net Minority Interest": "2,198", "Total Equity Gross Minority Interest": "2,145", "Total Capitalization": "2,145", "Common Stock Equity": "2,145", "Capital Lease Obligations": "426", "Net Tangible Assets": "2,145", "Working Capital": "2,063", "Invested Capital": "2,145", "Tangible Book Value": "2,145", "Total Debt": "426", "Share Issued": "77,961", "Ordinary Shares Number": "77,961"}, "12/31/2019": {"Duration": "12/31/2019", "Total Assets": "5,489", "Total Liabilities Net Minority Interest": "2,041", "Total Equity Gross Minority Interest": "3,448", "Total Capitalization": "3,448", "Common Stock Equity": "3,448", "Capital Lease Obligations": "147", "Net Tangible Assets": "3,448", "Working Capital": "3,290", "Invested Capital": "3,448", "Tangible Book Value": "3,448", "Total Debt": "147", "Share Issued": "71,219", "Ordinary Shares Number": "71,219"}, "12/31/2018": {"Duration": "12/31/2018", "Total Assets": "8,076", "Total Liabilities Net Minority Interest": "1,074", "Total Equity Gross Minority Interest": "7,002", "Total Capitalization": "7,002", "Common Stock Equity": "7,002", "Capital Lease Obligations": "-", "Net Tangible Assets": "7,002", "Working Capital": "6,952", "Invested Capital": "7,002", "Tangible Book Value": "7,002", "Total Debt": "-", "Share Issued": "64,676", "Ordinary Shares Number": "64,676"}}, "cf": {"TTM": {"Duration": "TTM", "Operating Cash Flow": "-10,037", "Investing Cash Flow": "-13", "Financing Cash Flow": "8,422", "End Cash Position": "3,611", "Income Tax Paid Supplemental Data": "0", "Interest Paid Supplemental Data": "0", "Capital Expenditure": "-13", "Issuance of Capital Stock": "8,687", "Repayment of Debt": "-265", "Free Cash Flow": "-10,050"}, "12/31/2020": {"Duration": "12/31/2020", "Operating Cash Flow": "-10,037", "Investing Cash Flow": "-13", "Financing Cash Flow": "8,422", "End Cash Position": "3,611", "Income Tax Paid Supplemental Data": "0", "Interest Paid Supplemental Data": "0", "Capital Expenditure": "-13", "Issuance of Capital Stock": "8,687", "Repayment of Debt": "-265", "Free Cash Flow": "-10,050"}, "12/31/2019": {"Duration": "12/31/2019", "Operating Cash Flow": "-7,430", "Investing Cash Flow": "0", "Financing Cash Flow": "4,723", "End Cash Position": "5,239", "Income Tax Paid Supplemental Data": "0", "Interest Paid Supplemental Data": "0", "Capital Expenditure": "-", "Issuance of Capital Stock": "5,000", "Repayment of Debt": "-277", "Free Cash Flow": "-7,430"}, "12/31/2018": {"Duration": "12/31/2018", "Operating Cash Flow": "-7,801", "Investing Cash Flow": "-36", "Financing Cash Flow": "14,932", "End Cash Position": "7,946", "Income Tax Paid Supplemental Data": "0", "Interest Paid Supplemental Data": "0", "Capital Expenditure": "-36", "Issuance of Capital Stock": "14,932", "Repayment of Debt": "-", "Free Cash Flow": "-7,837"}}}}, {"QDEL": {"quote": {"04/25/2021": {"value": "116.01", "Market Cap": "5.063B", "Beta (5Y Monthly)": "0.08", "PE Ratio (TTM)": "6.24", "EPS (TTM)": "18.60", "Earnings Date": "May 04, 2021 - May 10, 2021", "Forward Dividend & Yield": "N/A (N/A)", "Ex-Dividend Date": "N/A", "1y Target Est": "224.00"}}, "fin": {"TTM": {"Duration": "TTM", "Total Revenue": "1,661,668", "Cost of Revenue": "312,813", "Gross Profit": "1,348,855", "Operating Expense": "284,835", "Operating Income": "1,064,020", "Net Non Operating Interest Income Expense": "-9,623", "Other Income Expense": "-14,078", "Pretax Income": "1,040,319", "Tax Provision": "230,032", "Net Income Common Stockholders": "810,287", "Average Dilution Earnings": "445", "Diluted NI Available to Com Stockholders": "810,732", "Basic EPS": "-", "Diluted EPS": "-", "Basic Average Shares": "-", "Diluted Average Shares": "-", "Total Operating Income as Reported": "1,060,326", "Total Expenses": "597,648", "Net Income from Continuing & Discontinued Operation": "810,287", "Normalized Income": "821,252", "Interest Expense": "9,623", "Net Interest Income": "-9,623", "EBIT": "1,049,942", "EBITDA": "1,099,031", "Reconciled Cost of Revenue": "312,813", "Reconciled Depreciation": "49,089", "Net Income from Continuing Operation Net Minority Interest": "810,287", "Total Unusual Items Excluding Goodwill": "-14,078", "Total Unusual Items": "-14,078", "Normalized EBITDA": "1,113,109", "Tax Rate for Calcs": "0", "Tax Effect of Unusual Items": "-3,113"}, "12/31/2020": {"Duration": "12/31/2020", "Total Revenue": "1,661,668", "Cost of Revenue": "312,813", "Gross Profit": "1,348,855", "Operating Expense": "284,835", "Operating Income": "1,064,020", "Net Non Operating Interest Income Expense": "-9,623", "Other Income Expense": "-14,078", "Pretax Income": "1,040,319", "Tax Provision": "230,032", "Net Income Common Stockholders": "810,287", "Average Dilution Earnings": "445", "Diluted NI Available to Com Stockholders": "810,732", "Basic EPS": "19.24", "Diluted EPS": "18.60", "Basic Average Shares": "42,124", "Diluted Average Shares": "43,591", "Total Operating Income as Reported": "1,060,326", "Total Expenses": "597,648", "Net Income from Continuing & Discontinued Operation": "810,287", "Normalized Income": "821,252", "Interest Expense": "9,623", "Net Interest Income": "-9,623", "EBIT": "1,049,942", "EBITDA": "-", "Reconciled Cost of Revenue": "312,813", "Reconciled Depreciation": "49,089", "Net Income from Continuing Operation Net Minority Interest": "810,287", "Total Unusual Items Excluding Goodwill": "-14,078", "Total Unusual Items": "-14,078", "Normalized EBITDA": "1,113,109", "Tax Rate for Calcs": "0", "Tax Effect of Unusual Items": "-3,113"}, "12/31/2019": {"Duration": "12/31/2019", "Total Revenue": "534,890", "Cost of Revenue": "214,085", "Gross Profit": "320,805", "Operating Expense": "216,422", "Operating Income": "104,383", "Net Non Operating Interest Income Expense": "-14,790", "Other Income Expense": "-12,415", "Pretax Income": "77,178", "Tax Provision": "4,257", "Net Income Common Stockholders": "72,921", "Average Dilution Earnings": "-", "Diluted NI Available to Com Stockholders": "72,921", "Basic EPS": "1.78", "Diluted EPS": "1.73", "Basic Average Shares": "40,860", "Diluted Average Shares": "43,111", "Total Operating Income as Reported": "92,716", "Total Expenses": "430,507", "Net Income from Continuing & Discontinued Operation": "72,921", "Normalized Income": "84,653", "Interest Expense": "14,790", "Net Interest Income": "-14,790", "EBIT": "91,968", "EBITDA": "-", "Reconciled Cost of Revenue": "214,085", "Reconciled Depreciation": "51,791", "Net Income from Continuing Operation Net Minority Interest": "72,921", "Total Unusual Items Excluding Goodwill": "-12,415", "Total Unusual Items": "-12,415", "Normalized EBITDA": "156,174", "Tax Rate for Calcs": "0", "Tax Effect of Unusual Items": "-682.825"}, "12/31/2018": {"Duration": "12/31/2018", "Total Revenue": "522,285", "Cost of Revenue": "206,572", "Gross Profit": "315,713", "Operating Expense": "205,587", "Operating Income": "110,126", "Net Non Operating Interest Income Expense": "-24,283", "Other Income Expense": "-22,459", "Pretax Income": "63,384", "Tax Provision": "-10,799", "Net Income Common Stockholders": "74,183", "Average Dilution Earnings": "-", "Diluted NI Available to Com Stockholders": "74,183", "Basic EPS": "1.95", "Diluted EPS": "1.86", "Basic Average Shares": "37,995", "Diluted Average Shares": "42,554", "Total Operating Income as Reported": "95,929", "Total Expenses": "412,159", "Net Income from Continuing & Discontinued Operation": "74,183", "Normalized Income": "90,578", "Interest Expense": "24,283", "Net Interest Income": "-24,283", "EBIT": "87,667", "EBITDA": "-", "Reconciled Cost of Revenue": "206,572", "Reconciled Depreciation": "46,266", "Net Income from Continuing Operation Net Minority Interest": "74,183", "Total Unusual Items Excluding Goodwill": "-22,459", "Total Unusual Items": "-22,459", "Normalized EBITDA": "156,392", "Tax Rate for Calcs": "0", "Tax Effect of Unusual Items": "-6,064"}}, "bs": {"12/31/2020": {"Duration": "12/31/2020", "Total Assets": "1,871,164", "Total Liabilities Net Minority Interest": "538,461", "Total Equity Gross Minority Interest": "1,332,703", "Total Capitalization": "1,332,703", "Common Stock Equity": "1,332,703", "Capital Lease Obligations": "108,505", "Net Tangible Assets": "873,240", "Working Capital": "805,441", "Invested Capital": "1,332,703", "Tangible Book Value": "873,240", "Total Debt": "108,505", "Net Debt": "-", "Share Issued": "42,290", "Ordinary Shares Number": "42,290"}, "12/31/2019": {"Duration": "12/31/2019", "Total Assets": "910,867", "Total Liabilities Net Minority Interest": "351,047", "Total Equity Gross Minority Interest": "559,820", "Total Capitalization": "559,820", "Common Stock Equity": "559,820", "Capital Lease Obligations": "99,639", "Net Tangible Assets": "74,690", "Working Capital": "96,336", "Invested Capital": "572,481", "Tangible Book Value": "74,690", "Total Debt": "112,300", "Net Debt": "-", "Share Issued": "41,868", "Ordinary Shares Number": "41,868"}, "12/31/2018": {"Duration": "12/31/2018", "Total Assets": "806,371", "Total Liabilities Net Minority Interest": "380,787", "Total Equity Gross Minority Interest": "425,584", "Total Capitalization": "478,772", "Common Stock Equity": "425,584", "Capital Lease Obligations": "-", "Net Tangible Assets": "-86,466", "Working Capital": "33,662", "Invested Capital": "533,151", "Tangible Book Value": "-86,466", "Total Debt": "107,567", "Net Debt": "63,872", "Share Issued": "39,386", "Ordinary Shares Number": "39,386"}}, "cf": {"TTM": {"Duration": "TTM", "Operating Cash Flow": "629,763", "Investing Cash Flow": "-63,322", "Financing Cash Flow": "-130,277", "End Cash Position": "489,941", "Income Tax Paid Supplemental Data": "109,912", "Interest Paid Supplemental Data": "480", "Capital Expenditure": "-64,927", "Issuance of Capital Stock": "9,613", "Issuance of Debt": "0", "Repayment of Debt": "-43,957", "Repurchase of Capital Stock": "-47,889", "Free Cash Flow": "564,836"}, "12/31/2020": {"Duration": "12/31/2020", "Operating Cash Flow": "629,763", "Investing Cash Flow": "-63,322", "Financing Cash Flow": "-130,277", "End Cash Position": "489,941", "Income Tax Paid Supplemental Data": "109,912", "Interest Paid Supplemental Data": "480", "Capital Expenditure": "-64,927", "Issuance of Capital Stock": "9,613", "Issuance of Debt": "-", "Repayment of Debt": "-43,957", "Repurchase of Capital Stock": "-47,889", "Free Cash Flow": "564,836"}, "12/31/2019": {"Duration": "12/31/2019", "Operating Cash Flow": "134,485", "Investing Cash Flow": "-27,229", "Financing Cash Flow": "-98,282", "End Cash Position": "52,775", "Income Tax Paid Supplemental Data": "2,189", "Interest Paid Supplemental Data": "2,295", "Capital Expenditure": "-27,229", "Issuance of Capital Stock": "14,782", "Issuance of Debt": "0", "Repayment of Debt": "-53,559", "Repurchase of Capital Stock": "-10,728", "Free Cash Flow": "107,256"}, "12/31/2018": {"Duration": "12/31/2018", "Operating Cash Flow": "136,345", "Investing Cash Flow": "114,955", "Financing Cash Flow": "-244,058", "End Cash Position": "43,695", "Income Tax Paid Supplemental Data": "6,923", "Interest Paid Supplemental Data": "7,929", "Capital Expenditure": "-31,689", "Issuance of Capital Stock": "17,047", "Issuance of Debt": "0", "Repayment of Debt": "-201,943", "Repurchase of Capital Stock": "-4,344", "Free Cash Flow": "104,656"}}}}, {"CEMI": {"quote": {"05/12/2021": {"value": "3.3500", "Market Cap": "67.819M", "Beta (5Y Monthly)": "1.86", "PE Ratio (TTM)": "N/A", "EPS (TTM)": "-1.2620", "Earnings Date": "Aug 04, 2021 - Aug 09, 2021", "Forward Dividend & Yield": "N/A (N/A)", "Ex-Dividend Date": "N/A", "1y Target Est": "8.00"}}, "fin": {"TTM": {"Duration": "TTM", "Total Revenue": "30,451", "Cost of Revenue": "23,874", "Gross Profit": "6,577", "Operating Expense": "28,527", "Operating Income": "-21,950", "Net Non Operating Interest Income Expense": "-2,842", "Other Income Expense": "-1,186", "Pretax Income": "-25,978", "Tax Provision": "-456.794", "Net Income Common Stockholders": "-25,521", "Diluted NI Available to Com Stockholders": "-25,521", "Basic EPS": "-", "Diluted EPS": "-", "Basic Average Shares": "-", "Diluted Average Shares": "-", "Total Operating Income as Reported": "-23,136", "Total Expenses": "52,402", "Net Income from Continuing & Discontinued Operation": "-25,521", "Normalized Income": "-24,356", "Interest Income": "-", "Interest Expense": "2,842", "Net Interest Income": "-2,842", "EBIT": "-23,136", "EBITDA": "-20,439", "Reconciled Cost of Revenue": "23,874", "Reconciled Depreciation": "2,697", "Net Income from Continuing Operation Net Minority Interest": "-25,521", "Total Unusual Items Excluding Goodwill": "-1,186", "Total Unusual Items": "-1,186", "Normalized EBITDA": "-19,253", "Tax Rate for Calcs": "0", "Tax Effect of Unusual Items": "-20.8702"}, "12/31/2020": {"Duration": "12/31/2020", "Total Revenue": "30,451", "Cost of Revenue": "23,874", "Gross Profit": "6,577", "Operating Expense": "28,527", "Operating Income": "-21,950", "Net Non Operating Interest Income Expense": "-2,842", "Other Income Expense": "-1,186", "Pretax Income": "-25,978", "Tax Provision": "-456.794", "Net Income Common Stockholders": "-25,521", "Diluted NI Available to Com Stockholders": "-25,521", "Basic EPS": "-", "Diluted EPS": "-", "Basic Average Shares": "-", "Diluted Average Shares": "-", "Total Operating Income as Reported": "-23,136", "Total Expenses": "52,402", "Net Income from Continuing & Discontinued Operation": "-25,521", "Normalized Income": "-24,356", "Interest Income": "-", "Interest Expense": "2,842", "Net Interest Income": "-2,842", "EBIT": "-23,136", "EBITDA": "-", "Reconciled Cost of Revenue": "23,874", "Reconciled Depreciation": "2,697", "Net Income from Continuing Operation Net Minority Interest": "-25,521", "Total Unusual Items Excluding Goodwill": "-1,186", "Total Unusual Items": "-1,186", "Normalized EBITDA": "-19,253", "Tax Rate for Calcs": "0", "Tax Effect of Unusual Items": "-20.8702"}, "12/31/2019": {"Duration": "12/31/2019", "Total Revenue": "34,464", "Cost of Revenue": "22,394", "Gross Profit": "12,070", "Operating Expense": "24,677", "Operating Income": "-12,607", "Net Non Operating Interest Income Expense": "-846.831", "Other Income Expense": "-721.465", "Pretax Income": "-14,175", "Tax Provision": "-500.292", "Net Income Common Stockholders": "-13,675", "Diluted NI Available to Com Stockholders": "-13,675", "Basic EPS": "-0.81", "Diluted EPS": "-0.81", "Basic Average Shares": "16,954", "Diluted Average Shares": "16,954", "Total Operating Income as Reported": "-13,329", "Total Expenses": "47,071", "Net Income from Continuing & Discontinued Operation": "-13,675", "Normalized Income": "-12,979", "Interest Income": "-", "Interest Expense": "-", "Net Interest Income": "-846.831", "EBIT": "-12,607", "EBITDA": "-", "Reconciled Cost of Revenue": "22,394", "Reconciled Depreciation": "1,916", "Net Income from Continuing Operation Net Minority Interest": "-13,675", "Total Unusual Items Excluding Goodwill": "-721.465", "Total Unusual Items": "-721.465", "Normalized EBITDA": "-9,969", "Tax Rate for Calcs": "0", "Tax Effect of Unusual Items": "-25.4677"}, "12/31/2018": {"Duration": "12/31/2018", "Total Revenue": "33,409", "Cost of Revenue": "21,427", "Gross Profit": "11,982", "Operating Expense": "19,627", "Operating Income": "-7,645", "Net Non Operating Interest Income Expense": "49.498", "Other Income Expense": "-337.645", "Pretax Income": "-7,933", "Tax Provision": "-67.521", "Net Income Common Stockholders": "-7,866", "Diluted NI Available to Com Stockholders": "-7,866", "Basic EPS": "-0.55", "Diluted EPS": "-0.55", "Basic Average Shares": "14,433", "Diluted Average Shares": "14,433", "Total Operating Income as Reported": "-7,983", "Total Expenses": "41,054", "Net Income from Continuing & Discontinued Operation": "-7,866", "Normalized Income": "-7,531", "Interest Income": "49.498", "Interest Expense": "-", "Net Interest Income": "49.498", "EBIT": "-7,645", "EBITDA": "-", "Reconciled Cost of Revenue": "21,427", "Reconciled Depreciation": "902.505", "Net Income from Continuing Operation Net Minority Interest": "-7,866", "Total Unusual Items Excluding Goodwill": "-337.645", "Total Unusual Items": "-337.645", "Normalized EBITDA": "-6,405", "Tax Rate for Calcs": "0", "Tax Effect of Unusual Items": "-2.87"}}, "bs": {"12/31/2020": {"Duration": "12/31/2020", "Total Assets": "64,892", "Total Liabilities Net Minority Interest": "37,116", "Total Equity Gross Minority Interest": "27,776", "Total Capitalization": "45,959", "Common Stock Equity": "27,776", "Capital Lease Obligations": "7,214", "Net Tangible Assets": "18,167", "Working Capital": "27,388", "Invested Capital": "45,959", "Tangible Book Value": "18,167", "Total Debt": "25,396", "Share Issued": "20,223", "Ordinary Shares Number": "20,182", "Treasury Shares Number": "41.141"}, "12/31/2019": {"Duration": "12/31/2019", "Total Assets": "55,729", "Total Liabilities Net Minority Interest": "31,694", "Total Equity Gross Minority Interest": "24,035", "Total Capitalization": "41,679", "Common Stock Equity": "24,035", "Capital Lease Obligations": "7,752", "Net Tangible Assets": "14,248", "Working Capital": "25,782", "Invested Capital": "41,860", "Tangible Book Value": "14,248", "Total Debt": "25,576", "Share Issued": "17,734", "Ordinary Shares Number": "17,734", "Treasury Shares Number": "-"}, "12/31/2018": {"Duration": "12/31/2018", "Total Assets": "40,911", "Total Liabilities Net Minority Interest": "7,583", "Total Equity Gross Minority Interest": "33,328", "Total Capitalization": "33,500", "Common Stock Equity": "33,328", "Capital Lease Obligations": "-", "Net Tangible Assets": "24,460", "Working Capital": "21,932", "Invested Capital": "33,707", "Tangible Book Value": "24,460", "Total Debt": "379.515", "Share Issued": "17,166", "Ordinary Shares Number": "17,166", "Treasury Shares Number": "-"}}, "cf": {"TTM": {"Duration": "TTM", "Cash Flows from Used in Operating Activities Direct": "-", "Operating Cash Flow": "-18,887", "Investing Cash Flow": "-4,167", "Financing Cash Flow": "27,764", "End Cash Position": "23,066", "Capital Expenditure": "-4,167", "Issuance of Capital Stock": "28,437", "Issuance of Debt": "2,978", "Repayment of Debt": "-3,210", "Free Cash Flow": "-23,054"}, "12/31/2020": {"Duration": "12/31/2020", "Cash Flows from Used in Operating Activities Direct": "-", "Operating Cash Flow": "-18,887", "Investing Cash Flow": "-4,167", "Financing Cash Flow": "27,764", "End Cash Position": "23,066", "Capital Expenditure": "-4,167", "Issuance of Capital Stock": "28,437", "Issuance of Debt": "2,978", "Repayment of Debt": "-3,210", "Free Cash Flow": "-23,054"}, "12/31/2019": {"Duration": "12/31/2019", "Cash Flows from Used in Operating Activities Direct": "-", "Operating Cash Flow": "-9,056", "Investing Cash Flow": "-3,754", "Financing Cash Flow": "18,494", "End Cash Position": "18,271", "Capital Expenditure": "-3,800", "Issuance of Capital Stock": "0", "Issuance of Debt": "18,850", "Repayment of Debt": "-201.697", "Free Cash Flow": "-12,855"}, "12/31/2018": {"Duration": "12/31/2018", "Cash Flows from Used in Operating Activities Direct": "-", "Operating Cash Flow": "-11,781", "Investing Cash Flow": "-6,958", "Financing Cash Flow": "27,484", "End Cash Position": "12,525", "Capital Expenditure": "-1,467", "Issuance of Capital Stock": "27,476", "Issuance of Debt": "0", "Repayment of Debt": "-64.481", "Free Cash Flow": "-13,249"}}}}, {"IDXX": {"quote": {"05/12/2021": {"value": "528.19", "Market Cap": "45.044B", "Beta (5Y Monthly)": "0.89", "PE Ratio (TTM)": "67.97", "EPS (TTM)": "7.77", "Earnings Date": "Jul 29, 2021 - Aug 02, 2021", "Forward Dividend & Yield": "N/A (N/A)", "Ex-Dividend Date": "N/A", "1y Target Est": "580.33"}}, "fin": {"TTM": {"Duration": "TTM", "Total Revenue": "2,706,655", "Cost of Revenue": "1,135,615", "Gross Profit": "1,571,040", "Operating Expense": "876,516", "Operating Income": "694,524", "Net Non Operating Interest Income Expense": "-32,539", "Pretax Income": "661,985", "Tax Provision": "79,854", "Net Income Common Stockholders": "581,776", "Diluted NI Available to Com Stockholders": "581,776", "Basic EPS": "-", "Diluted EPS": "-", "Basic Average Shares": "-", "Diluted Average Shares": "-", "Total Operating Income as Reported": "694,524", "Total Expenses": "2,012,131", "Net Income from Continuing & Discontinued Operation": "581,776", "Normalized Income": "581,776", "Interest Income": "586", "Interest Expense": "33,125", "Net Interest Income": "-32,539", "EBIT": "695,110", "EBITDA": "791,108", "Reconciled Cost of Revenue": "1,135,615", "Reconciled Depreciation": "95,998", "Net Income from Continuing Operation Net Minority Interest": "581,776", "Total Unusual Items Excluding Goodwill": "-", "Total Unusual Items": "-", "Normalized EBITDA": "791,108", "Tax Rate for Calcs": "0", "Tax Effect of Unusual Items": "0"}, "12/31/2020": {"Duration": "12/31/2020", "Total Revenue": "2,706,655", "Cost of Revenue": "1,135,615", "Gross Profit": "1,571,040", "Operating Expense": "876,516", "Operating Income": "694,524", "Net Non Operating Interest Income Expense": "-32,539", "Pretax Income": "661,985", "Tax Provision": "79,854", "Net Income Common Stockholders": "581,776", "Diluted NI Available to Com Stockholders": "581,776", "Basic EPS": "-", "Diluted EPS": "-", "Basic Average Shares": "-", "Diluted Average Shares": "-", "Total Operating Income as Reported": "694,524", "Total Expenses": "2,012,131", "Net Income from Continuing & Discontinued Operation": "581,776", "Normalized Income": "581,776", "Interest Income": "586", "Interest Expense": "33,125", "Net Interest Income": "-32,539", "EBIT": "695,110", "EBITDA": "-", "Reconciled Cost of Revenue": "1,135,615", "Reconciled Depreciation": "95,998", "Net Income from Continuing Operation Net Minority Interest": "581,776", "Total Unusual Items Excluding Goodwill": "-", "Total Unusual Items": "-", "Normalized EBITDA": "791,108", "Tax Rate for Calcs": "0", "Tax Effect of Unusual Items": "0"}, "12/31/2019": {"Duration": "12/31/2019", "Total Revenue": "2,406,908", "Cost of Revenue": "1,041,359", "Gross Profit": "1,365,549", "Operating Expense": "812,703", "Operating Income": "552,846", "Net Non Operating Interest Income Expense": "-30,628", "Pretax Income": "522,218", "Tax Provision": "94,426", "Net Income Common Stockholders": "427,720", "Diluted NI Available to Com Stockholders": "427,720", "Basic EPS": "4.97", "Diluted EPS": "4.89", "Basic Average Shares": "86,115", "Diluted Average Shares": "87,542", "Total Operating Income as Reported": "552,846", "Total Expenses": "1,854,062", "Net Income from Continuing & Discontinued Operation": "427,720", "Normalized Income": "427,720", "Interest Income": "427", "Interest Expense": "31,055", "Net Interest Income": "-30,628", "EBIT": "553,273", "EBITDA": "-", "Reconciled Cost of Revenue": "1,041,359", "Reconciled Depreciation": "88,011", "Net Income from Continuing Operation Net Minority Interest": "427,720", "Total Unusual Items Excluding Goodwill": "-", "Total Unusual Items": "-", "Normalized EBITDA": "641,284", "Tax Rate for Calcs": "0", "Tax Effect of Unusual Items": "0"}, "12/31/2018": {"Duration": "12/31/2018", "Total Revenue": "2,213,242", "Cost of Revenue": "971,700", "Gross Profit": "1,241,542", "Operating Expense": "750,207", "Operating Income": "491,335", "Net Non Operating Interest Income Expense": "-33,593", "Pretax Income": "457,742", "Tax Provision": "80,695", "Net Income Common Stockholders": "377,031", "Diluted NI Available to Com Stockholders": "377,031", "Basic EPS": "4.34", "Diluted EPS": "4.26", "Basic Average Shares": "86,864", "Diluted Average Shares": "88,470", "Total Operating Income as Reported": "491,335", "Total Expenses": "1,721,907", "Net Income from Continuing & Discontinued Operation": "377,031", "Normalized Income": "377,031", "Interest Income": "1,151", "Interest Expense": "34,744", "Net Interest Income": "-33,593", "EBIT": "492,486", "EBITDA": "-", "Reconciled Cost of Revenue": "971,700", "Reconciled Depreciation": "83,178", "Net Income from Continuing Operation Net Minority Interest": "377,031", "Total Unusual Items Excluding Goodwill": "-", "Total Unusual Items": "-", "Normalized EBITDA": "575,664", "Tax Rate for Calcs": "0", "Tax Effect of Unusual Items": "0"}}, "bs": {"12/31/2020": {"Duration": "12/31/2020", "Total Assets": "2,294,561", "Total Liabilities Net Minority Interest": "1,661,766", "Total Equity Gross Minority Interest": "632,795", "Total Capitalization": "1,490,580", "Common Stock Equity": "632,088", "Capital Lease Obligations": "94,772", "Net Tangible Assets": "336,198", "Working Capital": "479,977", "Invested Capital": "1,540,568", "Tangible Book Value": "336,198", "Total Debt": "1,003,252", "Net Debt": "524,552", "Share Issued": "106,457", "Ordinary Shares Number": "85,449", "Treasury Shares Number": "21,008"}, "12/31/2019": {"Duration": "12/31/2019", "Total Assets": "1,832,475", "Total Liabilities Net Minority Interest": "1,654,650", "Total Equity Gross Minority Interest": "177,825", "Total Capitalization": "876,383", "Common Stock Equity": "177,473", "Capital Lease Obligations": "82,753", "Net Tangible Assets": "-120,719", "Working Capital": "-45,698", "Invested Capital": "1,165,148", "Tangible Book Value": "-120,719", "Total Debt": "1,070,428", "Net Debt": "897,349", "Share Issued": "105,711", "Ordinary Shares Number": "85,471", "Treasury Shares Number": "20,240"}, "12/31/2018": {"Duration": "12/31/2018", "Total Assets": "1,537,349", "Total Liabilities Net Minority Interest": "1,546,582", "Total Equity Gross Minority Interest": "-9,233", "Total Capitalization": "591,835", "Common Stock Equity": "-9,513", "Capital Lease Obligations": "-", "Net Tangible Assets": "-265,827", "Working Capital": "-116,272", "Invested Capital": "990,772", "Tangible Book Value": "-265,827", "Total Debt": "1,000,285", "Net Debt": "876,491", "Share Issued": "105,088", "Ordinary Shares Number": "86,100", "Treasury Shares Number": "18,988"}}, "cf": {"TTM": {"Duration": "TTM", "Operating Cash Flow": "648,063", "Investing Cash Flow": "-109,376", "Financing Cash Flow": "-248,416", "End Cash Position": "383,928", "Capital Expenditure": "-107,876", "Issuance of Debt": "200,000", "Repayment of Debt": "-289,625", "Repurchase of Capital Stock": "-182,815", "Free Cash Flow": "540,187"}, "12/31/2020": {"Duration": "12/31/2020", "Operating Cash Flow": "648,063", "Investing Cash Flow": "-109,376", "Financing Cash Flow": "-248,416", "End Cash Position": "383,928", "Capital Expenditure": "-107,876", "Issuance of Debt": "200,000", "Repayment of Debt": "-289,625", "Repurchase of Capital Stock": "-182,815", "Free Cash Flow": "540,187"}, "12/31/2019": {"Duration": "12/31/2019", "Operating Cash Flow": "459,158", "Investing Cash Flow": "-205,528", "Financing Cash Flow": "-286,409", "End Cash Position": "90,326", "Capital Expenditure": "-155,224", "Issuance of Debt": "100,000", "Repayment of Debt": "-110,275", "Repurchase of Capital Stock": "-301,658", "Free Cash Flow": "303,934"}, "12/31/2018": {"Duration": "12/31/2018", "Operating Cash Flow": "400,084", "Investing Cash Flow": "138,602", "Financing Cash Flow": "-597,799", "End Cash Position": "123,794", "Capital Expenditure": "-122,936", "Issuance of Debt": "-", "Repayment of Debt": "-256,040", "Repurchase of Capital Stock": "-369,319", "Free Cash Flow": "277,148"}}}}, {"SRDX": {"quote": {"05/12/2021": {"value": "53.98", "Market Cap": "748.595M", "Beta (5Y Monthly)": "1.02", "PE Ratio (TTM)": "103.41", "EPS (TTM)": "0.52", "Earnings Date": "Aug 03, 2021 - Aug 09, 2021", "Forward Dividend & Yield": "N/A (N/A)", "Ex-Dividend Date": "N/A", "1y Target Est": "74.25"}}, "fin": {"TTM": {"Duration": "TTM", "Total Revenue": "94,545", "Cost of Revenue": "64,785", "Gross Profit": "29,760", "Operating Expense": "30,652", "Operating Income": "-892", "Net Non Operating Interest Income Expense": "-153", "Other Income Expense": "-413", "Pretax Income": "-1,458", "Tax Provision": "-2,159", "Net Income Common Stockholders": "701", "Diluted NI Available to Com Stockholders": "701", "Basic EPS": "-", "Diluted EPS": "-", "Basic Average Shares": "-", "Diluted Average Shares": "-", "Total Operating Income as Reported": "-892", "Total Expenses": "95,437", "Net Income from Continuing & Discontinued Operation": "701", "Normalized Income": "1,002", "Interest Expense": "153", "Net Interest Income": "-153", "EBIT": "-1,305", "EBITDA": "6,014", "Reconciled Cost of Revenue": "59,646", "Reconciled Depreciation": "7,319", "Net Income from Continuing Operation Net Minority Interest": "701", "Total Unusual Items Excluding Goodwill": "-412", "Total Unusual Items": "-412", "Normalized EBITDA": "6,426", "Tax Rate for Calcs": "0", "Tax Effect of Unusual Items": "-111.24"}, "9/30/2020": {"Duration": "9/30/2020", "Total Revenue": "94,864", "Cost of Revenue": "65,505", "Gross Profit": "29,359", "Operating Expense": "30,610", "Operating Income": "-1,251", "Net Non Operating Interest Income Expense": "-133", "Other Income Expense": "-70", "Pretax Income": "-1,454", "Tax Provision": "-2,577", "Net Income Common Stockholders": "1,123", "Diluted NI Available to Com Stockholders": "1,123", "Basic EPS": "0.08", "Diluted EPS": "0.08", "Basic Average Shares": "13,552", "Diluted Average Shares": "13,812", "Total Operating Income as Reported": "-1,251", "Total Expenses": "96,115", "Net Income from Continuing & Discontinued Operation": "1,123", "Normalized Income": "1,174", "Interest Expense": "133", "Net Interest Income": "-133", "EBIT": "-1,321", "EBITDA": "-", "Reconciled Cost of Revenue": "60,460", "Reconciled Depreciation": "7,263", "Net Income from Continuing Operation Net Minority Interest": "1,123", "Total Unusual Items Excluding Goodwill": "-70", "Total Unusual Items": "-70", "Normalized EBITDA": "6,012", "Tax Rate for Calcs": "0", "Tax Effect of Unusual Items": "-18.9"}, "9/30/2019": {"Duration": "9/30/2019", "Total Revenue": "100,077", "Cost of Revenue": "66,524", "Gross Profit": "33,553", "Operating Expense": "26,355", "Operating Income": "7,198", "Net Non Operating Interest Income Expense": "-152", "Other Income Expense": "512", "Pretax Income": "7,558", "Tax Provision": "-34", "Net Income Common Stockholders": "7,592", "Diluted NI Available to Com Stockholders": "7,592", "Basic EPS": "0.57", "Diluted EPS": "0.55", "Basic Average Shares": "13,389", "Diluted Average Shares": "13,779", "Total Operating Income as Reported": "6,469", "Total Expenses": "92,879", "Net Income from Continuing & Discontinued Operation": "7,592", "Normalized Income": "7,082", "Interest Expense": "152", "Net Interest Income": "-152", "EBIT": "7,710", "EBITDA": "-", "Reconciled Cost of Revenue": "61,617", "Reconciled Depreciation": "7,312", "Net Income from Continuing Operation Net Minority Interest": "7,592", "Total Unusual Items Excluding Goodwill": "512", "Total Unusual Items": "512", "Normalized EBITDA": "14,510", "Tax Rate for Calcs": "0", "Tax Effect of Unusual Items": "2.048"}, "9/30/2018": {"Duration": "9/30/2018", "Total Revenue": "81,336", "Cost of Revenue": "54,970", "Gross Profit": "26,366", "Operating Expense": "26,602", "Operating Income": "-236", "Net Non Operating Interest Income Expense": "-", "Other Income Expense": "-7,296", "Pretax Income": "-7,532", "Tax Provision": "-3,075", "Net Income Common Stockholders": "-4,457", "Diluted NI Available to Com Stockholders": "-4,457", "Basic EPS": "-0.34", "Diluted EPS": "-0.34", "Basic Average Shares": "13,157", "Diluted Average Shares": "13,157", "Total Operating Income as Reported": "-8,799", "Total Expenses": "81,572", "Net Income from Continuing & Discontinued Operation": "-4,457", "Normalized Income": "869.08", "Interest Expense": "-", "Net Interest Income": "-", "EBIT": "-236", "EBITDA": "-", "Reconciled Cost of Revenue": "51,030", "Reconciled Depreciation": "6,431", "Net Income from Continuing Operation Net Minority Interest": "-4,457", "Total Unusual Items Excluding Goodwill": "-7,296", "Total Unusual Items": "-7,296", "Normalized EBITDA": "13,491", "Tax Rate for Calcs": "0", "Tax Effect of Unusual Items": "-1,970"}}, "bs": {"9/30/2020": {"Duration": "9/30/2020", "Total Assets": "168,763", "Total Liabilities Net Minority Interest": "37,708", "Total Equity Gross Minority Interest": "131,055", "Total Capitalization": "131,055", "Common Stock Equity": "131,055", "Capital Lease Obligations": "436", "Net Tangible Assets": "90,587", "Working Capital": "67,716", "Invested Capital": "131,055", "Tangible Book Value": "90,587", "Total Debt": "436", "Share Issued": "13,672", "Ordinary Shares Number": "13,672"}, "9/30/2019": {"Duration": "9/30/2019", "Total Assets": "159,865", "Total Liabilities Net Minority Interest": "37,349", "Total Equity Gross Minority Interest": "122,516", "Total Capitalization": "122,516", "Common Stock Equity": "122,516", "Capital Lease Obligations": "-", "Net Tangible Assets": "82,119", "Working Capital": "61,211", "Invested Capital": "122,516", "Tangible Book Value": "82,119", "Total Debt": "-", "Share Issued": "13,504", "Ordinary Shares Number": "13,504"}, "9/30/2018": {"Duration": "9/30/2018", "Total Assets": "164,135", "Total Liabilities Net Minority Interest": "55,525", "Total Equity Gross Minority Interest": "108,610", "Total Capitalization": "108,610", "Common Stock Equity": "108,610", "Capital Lease Obligations": "-", "Net Tangible Assets": "63,895", "Working Capital": "46,394", "Invested Capital": "108,610", "Tangible Book Value": "63,895", "Total Debt": "-", "Share Issued": "13,398", "Ordinary Shares Number": "13,398"}}, "cf": {"TTM": {"Duration": "TTM", "Operating Cash Flow": "10,649", "Investing Cash Flow": "16,812", "Financing Cash Flow": "-973", "End Cash Position": "35,494", "Income Tax Paid Supplemental Data": "35", "Capital Expenditure": "-4,319", "Issuance of Capital Stock": "1,530", "Repurchase of Capital Stock": "-", "Free Cash Flow": "6,330"}, "9/30/2020": {"Duration": "9/30/2020", "Operating Cash Flow": "14,010", "Investing Cash Flow": "-9,066", "Financing Cash Flow": "-4,648", "End Cash Position": "30,785", "Income Tax Paid Supplemental Data": "30", "Capital Expenditure": "-3,671", "Issuance of Capital Stock": "1,615", "Repurchase of Capital Stock": "-", "Free Cash Flow": "10,339"}, "9/30/2019": {"Duration": "9/30/2019", "Operating Cash Flow": "8,038", "Investing Cash Flow": "9,754", "Financing Cash Flow": "-11,029", "End Cash Position": "30,361", "Income Tax Paid Supplemental Data": "193", "Capital Expenditure": "-6,748", "Issuance of Capital Stock": "723", "Repurchase of Capital Stock": "0", "Free Cash Flow": "1,290"}, "9/30/2018": {"Duration": "9/30/2018", "Operating Cash Flow": "34,052", "Investing Cash Flow": "-23,500", "Financing Cash Flow": "-3,393", "End Cash Position": "23,668", "Income Tax Paid Supplemental Data": "914", "Capital Expenditure": "-14,092", "Issuance of Capital Stock": "2,089", "Repurchase of Capital Stock": "0", "Free Cash Flow": "19,960"}}}}, {"PTN": {"quote": {"05/12/2021": {"value": "0.5280", "Market Cap": "121.466M", "Beta (5Y Monthly)": "1.41", "PE Ratio (TTM)": "N/A", "EPS (TTM)": "-0.1170", "Earnings Date": "Feb 17, 2021", "Forward Dividend & Yield": "N/A (N/A)", "Ex-Dividend Date": "N/A", "1y Target Est": "2.33"}}, "fin": {"TTM": {"Duration": "TTM", "Total Revenue": "-452.531", "Operating Expense": "27,415", "Operating Income": "-27,922", "Net Non Operating Interest Income Expense": "-17.948", "Other Income Expense": "1,326", "Pretax Income": "-26,614", "Tax Provision": "-", "Net Income Common Stockholders": "-26,614", "Diluted NI Available to Com Stockholders": "-26,614", "Basic EPS": "-", "Diluted EPS": "-", "Basic Average Shares": "-", "Diluted Average Shares": "-", "Total Operating Income as Reported": "-26,298", "Total Expenses": "27,470", "Net Income from Continuing & Discontinued Operation": "-26,614", "Normalized Income": "-26,316", "Interest Expense": "17.948", "Net Interest Income": "-17.948", "EBIT": "-26,596", "EBITDA": "-26,544", "Reconciled Depreciation": "51.551", "Net Income from Continuing Operation Net Minority Interest": "-26,614", "Total Unusual Items Excluding Goodwill": "-297.805", "Total Unusual Items": "-297.805", "Normalized EBITDA": "-26,247", "Tax Rate for Calcs": "0", "Tax Effect of Unusual Items": "0"}, "6/30/2020": {"Duration": "6/30/2020", "Total Revenue": "117.989", "Operating Expense": "23,725", "Operating Income": "-23,607", "Net Non Operating Interest Income Expense": "-20.141", "Other Income Expense": "1,201", "Pretax Income": "-22,426", "Tax Provision": "0", "Net Income Common Stockholders": "-22,426", "Diluted NI Available to Com Stockholders": "-22,426", "Basic EPS": "-0.10", "Diluted EPS": "-0.10", "Basic Average Shares": "234,685", "Diluted Average Shares": "234,685", "Total Operating Income as Reported": "-23,607", "Total Expenses": "23,725", "Net Income from Continuing & Discontinued Operation": "-22,426", "Normalized Income": "-23,627", "Interest Expense": "20.141", "Net Interest Income": "-20.141", "EBIT": "-22,406", "EBITDA": "-", "Reconciled Depreciation": "64.203", "Net Income from Continuing Operation Net Minority Interest": "-22,426", "Total Unusual Items Excluding Goodwill": "1,201", "Total Unusual Items": "1,201", "Normalized EBITDA": "-23,543", "Tax Rate for Calcs": "0", "Tax Effect of Unusual Items": "0"}, "6/30/2019": {"Duration": "6/30/2019", "Total Revenue": "60,300", "Operating Expense": "24,556", "Operating Income": "35,744", "Net Non Operating Interest Income Expense": "-417.561", "Other Income Expense": "446.268", "Pretax Income": "35,773", "Tax Provision": "0", "Net Income Common Stockholders": "35,773", "Diluted NI Available to Com Stockholders": "35,773", "Basic EPS": "0.17", "Diluted EPS": "0.16", "Basic Average Shares": "207,671", "Diluted Average Shares": "217,133", "Total Operating Income as Reported": "35,744", "Total Expenses": "24,556", "Net Income from Continuing & Discontinued Operation": "35,773", "Normalized Income": "35,327", "Interest Expense": "417.561", "Net Interest Income": "-417.561", "EBIT": "36,191", "EBITDA": "-", "Reconciled Depreciation": "58.635", "Net Income from Continuing Operation Net Minority Interest": "35,773", "Total Unusual Items Excluding Goodwill": "446.268", "Total Unusual Items": "446.268", "Normalized EBITDA": "35,803", "Tax Rate for Calcs": "0", "Tax Effect of Unusual Items": "0"}, "6/30/2018": {"Duration": "6/30/2018", "Total Revenue": "67,135", "Operating Expense": "41,208", "Operating Income": "25,927", "Net Non Operating Interest Income Expense": "-1,452", "Other Income Expense": "310.663", "Pretax Income": "24,785", "Tax Provision": "82.5", "Net Income Common Stockholders": "24,703", "Diluted NI Available to Com Stockholders": "24,703", "Basic EPS": "0.12", "Diluted EPS": "0.12", "Basic Average Shares": "198,101", "Diluted Average Shares": "207,008", "Total Operating Income as Reported": "25,927", "Total Expenses": "41,208", "Net Income from Continuing & Discontinued Operation": "24,703", "Normalized Income": "24,393", "Interest Expense": "1,452", "Net Interest Income": "-1,452", "EBIT": "26,237", "EBITDA": "-", "Reconciled Depreciation": "56.569", "Net Income from Continuing Operation Net Minority Interest": "24,703", "Total Unusual Items Excluding Goodwill": "310.663", "Total Unusual Items": "310.663", "Normalized EBITDA": "25,983", "Tax Rate for Calcs": "0", "Tax Effect of Unusual Items": "1.0341"}}, "bs": {"6/30/2020": {"Duration": "6/30/2020", "Total Assets": "85,054", "Total Liabilities Net Minority Interest": "4,881", "Total Equity Gross Minority Interest": "80,173", "Total Capitalization": "80,173", "Preferred Stock Equity": "0.04", "Common Stock Equity": "80,173", "Capital Lease Obligations": "1,266", "Net Tangible Assets": "80,173", "Working Capital": "79,663", "Invested Capital": "80,173", "Tangible Book Value": "80,173", "Total Debt": "1,266", "Share Issued": "229,258", "Ordinary Shares Number": "229,258", "Preferred Shares Number": "-"}, "6/30/2019": {"Duration": "6/30/2019", "Total Assets": "104,735", "Total Liabilities Net Minority Interest": "4,186", "Total Equity Gross Minority Interest": "100,549", "Total Capitalization": "100,549", "Preferred Stock Equity": "0.04", "Common Stock Equity": "100,549", "Capital Lease Obligations": "-", "Net Tangible Assets": "100,549", "Working Capital": "100,228", "Invested Capital": "100,882", "Tangible Book Value": "100,549", "Total Debt": "332.896", "Share Issued": "226,815", "Ordinary Shares Number": "226,815", "Preferred Shares Number": "4.03"}, "6/30/2018": {"Duration": "6/30/2018", "Total Assets": "39,017", "Total Liabilities Net Minority Interest": "12,052", "Total Equity Gross Minority Interest": "26,965", "Total Capitalization": "27,298", "Preferred Stock Equity": "0.04", "Common Stock Equity": "26,965", "Capital Lease Obligations": "0", "Net Tangible Assets": "26,965", "Working Capital": "27,751", "Invested Capital": "33,247", "Tangible Book Value": "26,965", "Total Debt": "6,282", "Share Issued": "200,554", "Ordinary Shares Number": "200,554", "Preferred Shares Number": "4.03"}}, "cf": {"TTM": {"Duration": "TTM", "Operating Cash Flow": "-19,196", "Investing Cash Flow": "0", "Financing Cash Flow": "-107.661", "End Cash Position": "72,156", "Income Tax Paid Supplemental Data": "-", "Interest Paid Supplemental Data": "20.45", "Capital Expenditure": "-", "Issuance of Capital Stock": "0", "Issuance of Debt": "-", "Repayment of Debt": "0", "Free Cash Flow": "-19,196"}, "6/30/2020": {"Duration": "6/30/2020", "Operating Cash Flow": "41,326", "Investing Cash Flow": "-62.88", "Financing Cash Flow": "-1,922", "End Cash Position": "82,852", "Income Tax Paid Supplemental Data": "0", "Interest Paid Supplemental Data": "19.222", "Capital Expenditure": "-62.88", "Issuance of Capital Stock": "1,581", "Issuance of Debt": "-", "Repayment of Debt": "-832.851", "Free Cash Flow": "41,264"}, "6/30/2019": {"Duration": "6/30/2019", "Operating Cash Flow": "-21,783", "Investing Cash Flow": "-36.139", "Financing Cash Flow": "27,329", "End Cash Position": "43,510", "Income Tax Paid Supplemental Data": "0", "Interest Paid Supplemental Data": "354.456", "Capital Expenditure": "-36.139", "Issuance of Capital Stock": "33,136", "Issuance of Debt": "-", "Repayment of Debt": "-6,500", "Free Cash Flow": "-21,819"}, "6/30/2018": {"Duration": "6/30/2018", "Operating Cash Flow": "1,703", "Investing Cash Flow": "227.549", "Financing Cash Flow": "-4,131", "End Cash Position": "38,000", "Income Tax Paid Supplemental Data": "-", "Interest Paid Supplemental Data": "1,084", "Capital Expenditure": "-22.451", "Issuance of Capital Stock": "1,258", "Issuance of Debt": "0", "Repayment of Debt": "-8,014", "Free Cash Flow": "1,681"}}}}, {"AMAG": {"fin": {}, "bs": {}, "cf": {}}}, {"OXFD": {"fin": {}, "bs": {}, "cf": {}}}, {"VRML": {"fin": {}, "bs": {}, "cf": {}}}, {"SGUI": {"fin": {}, "bs": {}, "cf": {}}}]