[{"ABBV": {"quote": {"05/11/2021": {"value": "114.89", "Market Cap": "202.921B", "Beta (5Y Monthly)": "0.81", "PE Ratio (TTM)": "39.44", "EPS (TTM)": "2.91", "Earnings Date": "Jul 29, 2021 - Aug 02, 2021", "Forward Dividend & Yield": "5.20 (4.47%)", "Ex-Dividend Date": "Apr 14, 2021", "1y Target Est": "123.78"}}, "fin": {"TTM": {"Duration": "TTM", "Total Revenue": "45,804,000", "Cost of Revenue": "15,387,000", "Gross Profit": "30,417,000", "Operating Expense": "17,856,000", "Operating Income": "12,561,000", "Net Non Operating Interest Income Expense": "-2,280,000", "Other Income Expense": "-6,883,000", "Pretax Income": "3,398,000", "Tax Provision": "-1,224,000", "Net Income Common Stockholders": "4,556,000", "Diluted NI Available to Com Stockholders": "4,556,000", "Basic EPS": "-", "Diluted EPS": "-", "Basic Average Shares": "-", "Diluted Average Shares": "-", "Total Operating Income as Reported": "11,363,000", "Total Expenses": "33,243,000", "Net Income from Continuing & Discontinued Operation": "4,616,000", "Normalized Income": "5,542,370", "Interest Income": "174,000", "Interest Expense": "2,454,000", "Net Interest Income": "-2,280,000", "EBIT": "5,852,000", "EBITDA": "12,323,000", "Reconciled Cost of Revenue": "15,387,000", "Reconciled Depreciation": "6,471,000", "Net Income from Continuing Operation Net Minority Interest": "4,616,000", "Total Unusual Items Excluding Goodwill": "-1,269,000", "Total Unusual Items": "-1,269,000", "Normalized EBITDA": "13,592,000", "Tax Rate for Calcs": "0", "Tax Effect of Unusual Items": "-342,630"}, "12/31/2020": {"Duration": "12/31/2020", "Total Revenue": "45,804,000", "Cost of Revenue": "15,387,000", "Gross Profit": "30,417,000", "Operating Expense": "17,856,000", "Operating Income": "12,561,000", "Net Non Operating Interest Income Expense": "-2,280,000", "Other Income Expense": "-6,883,000", "Pretax Income": "3,398,000", "Tax Provision": "-1,224,000", "Net Income Common Stockholders": "4,556,000", "Diluted NI Available to Com Stockholders": "4,556,000", "Basic EPS": "2.73", "Diluted EPS": "2.72", "Basic Average Shares": "1,667,000", "Diluted Average Shares": "1,673,000", "Total Operating Income as Reported": "11,363,000", "Total Expenses": "33,243,000", "Net Income from Continuing & Discontinued Operation": "4,616,000", "Normalized Income": "5,542,370", "Interest Income": "174,000", "Interest Expense": "2,454,000", "Net Interest Income": "-2,280,000", "EBIT": "5,852,000", "EBITDA": "-", "Reconciled Cost of Revenue": "15,387,000", "Reconciled Depreciation": "6,471,000", "Net Income from Continuing Operation Net Minority Interest": "4,616,000", "Total Unusual Items Excluding Goodwill": "-1,269,000", "Total Unusual Items": "-1,269,000", "Normalized EBITDA": "13,592,000", "Tax Rate for Calcs": "0", "Tax Effect of Unusual Items": "-342,630"}, "12/31/2019": {"Duration": "12/31/2019", "Total Revenue": "33,266,000", "Cost of Revenue": "7,439,000", "Gross Profit": "25,827,000", "Operating Expense": "12,459,000", "Operating Income": "13,368,000", "Net Non Operating Interest Income Expense": "-1,509,000", "Other Income Expense": "-3,433,000", "Pretax Income": "8,426,000", "Tax Provision": "544,000", "Net Income Common Stockholders": "7,842,000", "Diluted NI Available to Com Stockholders": "7,842,000", "Basic EPS": "5.33", "Diluted EPS": "5.28", "Basic Average Shares": "1,478,911", "Diluted Average Shares": "1,484,000", "Total Operating Income as Reported": "12,983,000", "Total Expenses": "19,898,000", "Net Income from Continuing & Discontinued Operation": "7,882,000", "Normalized Income": "8,281,245", "Interest Income": "275,000", "Interest Expense": "1,784,000", "Net Interest Income": "-1,509,000", "EBIT": "10,210,000", "EBITDA": "-", "Reconciled Cost of Revenue": "7,439,000", "Reconciled Depreciation": "2,017,000", "Net Income from Continuing Operation Net Minority Interest": "7,882,000", "Total Unusual Items Excluding Goodwill": "-427,000", "Total Unusual Items": "-427,000", "Normalized EBITDA": "12,654,000", "Tax Rate for Calcs": "0", "Tax Effect of Unusual Items": "-27,755"}, "12/31/2018": {"Duration": "12/31/2018", "Total Revenue": "32,753,000", "Cost of Revenue": "7,718,000", "Gross Profit": "25,035,000", "Operating Expense": "18,228,000", "Operating Income": "6,807,000", "Net Non Operating Interest Income Expense": "-1,144,000", "Other Income Expense": "-466,000", "Pretax Income": "5,197,000", "Tax Provision": "-490,000", "Net Income Common Stockholders": "5,657,000", "Diluted NI Available to Com Stockholders": "5,657,000", "Basic EPS": "3.85", "Diluted EPS": "3.66", "Basic Average Shares": "1,478,824", "Diluted Average Shares": "1,546,000", "Total Operating Income as Reported": "6,383,000", "Total Expenses": "25,946,000", "Net Income from Continuing & Discontinued Operation": "5,687,000", "Normalized Income": "6,014,040", "Interest Income": "204,000", "Interest Expense": "1,348,000", "Net Interest Income": "-1,144,000", "EBIT": "6,545,000", "EBITDA": "-", "Reconciled Cost of Revenue": "7,718,000", "Reconciled Depreciation": "1,765,000", "Net Income from Continuing Operation Net Minority Interest": "5,687,000", "Total Unusual Items Excluding Goodwill": "-448,000", "Total Unusual Items": "-448,000", "Normalized EBITDA": "8,758,000", "Tax Rate for Calcs": "0", "Tax Effect of Unusual Items": "-120,960"}}, "bs": {"12/31/2020": {"Duration": "12/31/2020", "Total Assets": "150,565,000", "Total Liabilities Net Minority Interest": "137,468,000", "Total Equity Gross Minority Interest": "13,097,000", "Total Capitalization": "90,630,000", "Common Stock Equity": "13,076,000", "Net Tangible Assets": "-102,924,000", "Working Capital": "-4,488,000", "Invested Capital": "99,132,000", "Tangible Book Value": "-102,924,000", "Total Debt": "86,056,000", "Net Debt": "77,607,000", "Share Issued": "1,792,141", "Ordinary Shares Number": "1,765,133", "Treasury Shares Number": "27,008"}, "12/31/2019": {"Duration": "12/31/2019", "Total Assets": "89,115,000", "Total Liabilities Net Minority Interest": "97,287,000", "Total Equity Gross Minority Interest": "-8,172,000", "Total Capitalization": "54,803,000", "Common Stock Equity": "-8,172,000", "Net Tangible Assets": "-42,425,000", "Working Capital": "33,934,000", "Invested Capital": "58,556,000", "Tangible Book Value": "-42,425,000", "Total Debt": "66,728,000", "Net Debt": "26,804,000", "Share Issued": "1,781,583", "Ordinary Shares Number": "1,478,911", "Treasury Shares Number": "302,671"}, "12/31/2018": {"Duration": "12/31/2018", "Total Assets": "59,352,000", "Total Liabilities Net Minority Interest": "67,798,000", "Total Equity Gross Minority Interest": "-8,446,000", "Total Capitalization": "26,556,000", "Common Stock Equity": "-8,446,000", "Net Tangible Assets": "-45,342,000", "Working Capital": "-294,000", "Invested Capital": "31,864,000", "Tangible Book Value": "-45,342,000", "Total Debt": "40,310,000", "Net Debt": "33,021,000", "Share Issued": "1,776,511", "Ordinary Shares Number": "1,478,824", "Treasury Shares Number": "297,686"}}, "cf": {"TTM": {"Duration": "TTM", "Operating Cash Flow": "17,588,000", "Investing Cash Flow": "-37,557,000", "Financing Cash Flow": "-11,501,000", "End Cash Position": "8,449,000", "Income Tax Paid Supplemental Data": "1,674,000", "Interest Paid Supplemental Data": "2,619,000", "Capital Expenditure": "-798,000", "Issuance of Debt": "3,000,000", "Repayment of Debt": "-5,683,000", "Repurchase of Capital Stock": "-978,000", "Free Cash Flow": "16,790,000"}, "12/31/2020": {"Duration": "12/31/2020", "Operating Cash Flow": "17,588,000", "Investing Cash Flow": "-37,557,000", "Financing Cash Flow": "-11,501,000", "End Cash Position": "8,449,000", "Income Tax Paid Supplemental Data": "1,674,000", "Interest Paid Supplemental Data": "2,619,000", "Capital Expenditure": "-798,000", "Issuance of Debt": "3,000,000", "Repayment of Debt": "-5,683,000", "Repurchase of Capital Stock": "-978,000", "Free Cash Flow": "16,790,000"}, "12/31/2019": {"Duration": "12/31/2019", "Operating Cash Flow": "13,324,000", "Investing Cash Flow": "596,000", "Financing Cash Flow": "18,708,000", "End Cash Position": "39,924,000", "Income Tax Paid Supplemental Data": "1,447,000", "Interest Paid Supplemental Data": "1,794,000", "Capital Expenditure": "-552,000", "Issuance of Debt": "31,482,000", "Repayment of Debt": "-5,235,000", "Repurchase of Capital Stock": "-629,000", "Free Cash Flow": "12,772,000"}, "12/31/2018": {"Duration": "12/31/2018", "Operating Cash Flow": "13,427,000", "Investing Cash Flow": "-1,006,000", "Financing Cash Flow": "-14,396,000", "End Cash Position": "7,289,000", "Income Tax Paid Supplemental Data": "-", "Interest Paid Supplemental Data": "1,215,000", "Capital Expenditure": "-638,000", "Issuance of Debt": "9,264,000", "Repayment of Debt": "-6,035,000", "Repurchase of Capital Stock": "-12,014,000", "Free Cash Flow": "12,789,000"}}}}, {"LLY": {"quote": {"05/11/2021": {"value": "194.75", "Market Cap": "186.77B", "Beta (5Y Monthly)": "0.25", "PE Ratio (TTM)": "29.15", "EPS (TTM)": "6.68", "Earnings Date": "Aug 03, 2021", "Forward Dividend & Yield": "3.40 (1.75%)", "Ex-Dividend Date": "May 13, 2021", "1y Target Est": "213.57"}}, "fin": {"TTM": {"Duration": "TTM", "Total Revenue": "24,539,800", "Cost of Revenue": "5,483,300", "Gross Profit": "19,056,500", "Operating Expense": "12,206,900", "Operating Income": "6,849,600", "Net Non Operating Interest Income Expense": "-326,600", "Other Income Expense": "706,900", "Pretax Income": "7,229,900", "Tax Provision": "1,036,200", "Net Income Common Stockholders": "6,193,700", "Diluted NI Available to Com Stockholders": "6,193,700", "Basic EPS": "-", "Diluted EPS": "-", "Basic Average Shares": "-", "Diluted Average Shares": "-", "Total Operating Income as Reported": "6,058,000", "Total Expenses": "17,690,200", "Net Income from Continuing & Discontinued Operation": "6,193,700", "Normalized Income": "6,872,101", "Interest Income": "33,000", "Interest Expense": "359,600", "Net Interest Income": "-326,600", "EBIT": "7,589,500", "EBITDA": "8,913,400", "Reconciled Cost of Revenue": "5,483,300", "Reconciled Depreciation": "1,323,900", "Net Income from Continuing Operation Net Minority Interest": "6,193,700", "Total Unusual Items Excluding Goodwill": "-791,600", "Total Unusual Items": "-791,600", "Normalized EBITDA": "9,705,000", "Tax Rate for Calcs": "0", "Tax Effect of Unusual Items": "-113,199"}, "12/31/2020": {"Duration": "12/31/2020", "Total Revenue": "24,539,800", "Cost of Revenue": "5,483,300", "Gross Profit": "19,056,500", "Operating Expense": "12,206,900", "Operating Income": "6,849,600", "Net Non Operating Interest Income Expense": "-326,600", "Other Income Expense": "706,900", "Pretax Income": "7,229,900", "Tax Provision": "1,036,200", "Net Income Common Stockholders": "6,193,700", "Diluted NI Available to Com Stockholders": "6,193,700", "Basic EPS": "-", "Diluted EPS": "-", "Basic Average Shares": "-", "Diluted Average Shares": "-", "Total Operating Income as Reported": "6,058,000", "Total Expenses": "17,690,200", "Net Income from Continuing & Discontinued Operation": "6,193,700", "Normalized Income": "6,872,101", "Interest Income": "33,000", "Interest Expense": "359,600", "Net Interest Income": "-326,600", "EBIT": "7,589,500", "EBITDA": "-", "Reconciled Cost of Revenue": "5,483,300", "Reconciled Depreciation": "1,323,900", "Net Income from Continuing Operation Net Minority Interest": "6,193,700", "Total Unusual Items Excluding Goodwill": "-791,600", "Total Unusual Items": "-791,600", "Normalized EBITDA": "9,705,000", "Tax Rate for Calcs": "0", "Tax Effect of Unusual Items": "-113,199"}, "12/31/2019": {"Duration": "12/31/2019", "Total Revenue": "22,319,500", "Cost of Revenue": "4,721,200", "Gross Profit": "17,598,300", "Operating Expense": "11,808,800", "Operating Income": "5,789,500", "Net Non Operating Interest Income Expense": "-320,200", "Other Income Expense": "-203,400", "Pretax Income": "5,265,900", "Tax Provision": "628,000", "Net Income Common Stockholders": "8,318,400", "Diluted NI Available to Com Stockholders": "8,318,400", "Basic EPS": "8.69", "Diluted EPS": "8.69", "Basic Average Shares": "957,526", "Diluted Average Shares": "957,526", "Total Operating Income as Reported": "4,974,300", "Total Expenses": "16,530,000", "Net Income from Continuing & Discontinued Operation": "8,318,400", "Normalized Income": "5,305,610", "Interest Income": "80,400", "Interest Expense": "400,600", "Net Interest Income": "-320,200", "EBIT": "5,666,500", "EBITDA": "-", "Reconciled Cost of Revenue": "4,721,200", "Reconciled Depreciation": "1,232,600", "Net Income from Continuing Operation Net Minority Interest": "4,637,900", "Total Unusual Items Excluding Goodwill": "-757,900", "Total Unusual Items": "-757,900", "Normalized EBITDA": "7,657,000", "Tax Rate for Calcs": "0", "Tax Effect of Unusual Items": "-90,190"}, "12/31/2018": {"Duration": "12/31/2018", "Total Revenue": "24,555,700", "Cost of Revenue": "6,430,000", "Gross Profit": "18,125,700", "Operating Expense": "11,938,900", "Operating Income": "6,186,800", "Net Non Operating Interest Income Expense": "-110,800", "Other Income Expense": "-2,280,300", "Pretax Income": "3,795,700", "Tax Provision": "563,700", "Net Income Common Stockholders": "3,232,000", "Diluted NI Available to Com Stockholders": "3,232,000", "Basic EPS": "3.14", "Diluted EPS": "3.13", "Basic Average Shares": "1,027,721", "Diluted Average Shares": "1,033,667", "Total Operating Income as Reported": "-", "Total Expenses": "18,368,900", "Net Income from Continuing & Discontinued Operation": "3,232,000", "Normalized Income": "5,330,481", "Interest Income": "161,300", "Interest Expense": "272,100", "Net Interest Income": "-110,800", "EBIT": "4,067,800", "EBITDA": "-", "Reconciled Cost of Revenue": "6,430,000", "Reconciled Depreciation": "1,609,000", "Net Income from Continuing Operation Net Minority Interest": "3,232,000", "Total Unusual Items Excluding Goodwill": "-2,465,900", "Total Unusual Items": "-2,465,900", "Normalized EBITDA": "8,142,700", "Tax Rate for Calcs": "0", "Tax Effect of Unusual Items": "-367,419"}}, "bs": {"12/31/2020": {"Duration": "12/31/2020", "Total Assets": "46,633,100", "Total Liabilities Net Minority Interest": "40,807,900", "Total Equity Gross Minority Interest": "5,825,200", "Total Capitalization": "22,228,200", "Common Stock Equity": "5,641,600", "Capital Lease Obligations": "-", "Net Tangible Assets": "-5,574,900", "Working Capital": "4,980,500", "Invested Capital": "22,236,900", "Tangible Book Value": "-5,574,900", "Total Debt": "16,595,300", "Net Debt": "12,938,200", "Share Issued": "957,077", "Ordinary Shares Number": "956,590", "Treasury Shares Number": "487"}, "12/31/2019": {"Duration": "12/31/2019", "Total Assets": "39,286,100", "Total Liabilities Net Minority Interest": "36,587,000", "Total Equity Gross Minority Interest": "2,699,100", "Total Capitalization": "16,424,800", "Common Stock Equity": "2,606,900", "Capital Lease Obligations": "486,700", "Net Tangible Assets": "-7,690,500", "Working Capital": "1,934,400", "Invested Capital": "17,924,100", "Tangible Book Value": "-7,690,500", "Total Debt": "15,803,900", "Net Debt": "12,979,700", "Share Issued": "958,056", "Ordinary Shares Number": "957,526", "Treasury Shares Number": "530"}, "12/31/2018": {"Duration": "12/31/2018", "Total Assets": "43,908,400", "Total Liabilities Net Minority Interest": "32,999,300", "Total Equity Gross Minority Interest": "10,909,100", "Total Capitalization": "21,468,400", "Common Stock Equity": "9,828,700", "Capital Lease Obligations": "-", "Net Tangible Assets": "1,960,200", "Working Capital": "8,661,500", "Invested Capital": "22,599,600", "Tangible Book Value": "1,960,200", "Total Debt": "12,770,900", "Net Debt": "4,772,700", "Share Issued": "1,058,243", "Ordinary Shares Number": "1,057,639", "Treasury Shares Number": "604"}}, "cf": {"TTM": {"Duration": "TTM", "Operating Cash Flow": "6,499,600", "Investing Cash Flow": "-2,258,900", "Financing Cash Flow": "-3,137,100", "End Cash Position": "3,657,100", "Capital Expenditure": "-2,029,100", "Issuance of Capital Stock": "-", "Issuance of Debt": "2,062,300", "Repayment of Debt": "-276,500", "Repurchase of Capital Stock": "-500,000", "Free Cash Flow": "4,470,500"}, "12/31/2020": {"Duration": "12/31/2020", "Operating Cash Flow": "6,499,600", "Investing Cash Flow": "-2,258,900", "Financing Cash Flow": "-3,137,100", "End Cash Position": "3,657,100", "Capital Expenditure": "-2,029,100", "Issuance of Capital Stock": "-", "Issuance of Debt": "2,062,300", "Repayment of Debt": "-276,500", "Repurchase of Capital Stock": "-500,000", "Free Cash Flow": "4,470,500"}, "12/31/2019": {"Duration": "12/31/2019", "Operating Cash Flow": "4,836,600", "Investing Cash Flow": "-8,082,900", "Financing Cash Flow": "-2,324,500", "End Cash Position": "2,337,500", "Capital Expenditure": "-1,353,500", "Issuance of Capital Stock": "-", "Issuance of Debt": "6,556,400", "Repayment of Debt": "-2,866,400", "Repurchase of Capital Stock": "-4,400,000", "Free Cash Flow": "3,483,100"}, "12/31/2018": {"Duration": "12/31/2018", "Operating Cash Flow": "5,524,500", "Investing Cash Flow": "1,906,000", "Financing Cash Flow": "-5,904,900", "End Cash Position": "7,998,200", "Capital Expenditure": "-3,018,200", "Issuance of Capital Stock": "1,659,700", "Issuance of Debt": "2,477,700", "Repayment of Debt": "-1,009,100", "Repurchase of Capital Stock": "-4,150,700", "Free Cash Flow": "2,506,300"}}}}, {"NVS": {"quote": {"05/11/2021": {"value": "87.41", "Market Cap": "196.749B", "Beta (5Y Monthly)": "0.51", "PE Ratio (TTM)": "25.12", "EPS (TTM)": "3.48", "Earnings Date": "N/A", "Forward Dividend & Yield": "3.20 (3.64%)", "Ex-Dividend Date": "Mar 04, 2021", "1y Target Est": "104.67"}}, "fin": {"TTM": {"Duration": "TTM", "Total Revenue": "49,898,000", "Cost of Revenue": "15,121,000", "Gross Profit": "34,777,000", "Operating Expense": "24,625,000", "Operating Income": "10,152,000", "Net Non Operating Interest Income Expense": "-947,000", "Other Income Expense": "673,000", "Pretax Income": "9,878,000", "Tax Provision": "1,807,000", "Net Income Common Stockholders": "8,072,000", "Diluted NI Available to Com Stockholders": "8,072,000", "Basic EPS": "-", "Diluted EPS": "-", "Basic Average Shares": "-", "Diluted Average Shares": "-", "Total Operating Income as Reported": "10,152,000", "Total Expenses": "39,746,000", "Net Income from Continuing & Discontinued Operation": "8,072,000", "Normalized Income": "8,072,000", "Interest Income": "91,000", "Interest Expense": "869,000", "Net Interest Income": "-947,000", "EBIT": "10,747,000", "EBITDA": "17,211,000", "Reconciled Cost of Revenue": "15,121,000", "Reconciled Depreciation": "6,464,000", "Net Income from Continuing Operation Net Minority Interest": "8,072,000", "Total Unusual Items Excluding Goodwill": "-", "Total Unusual Items": "-", "Normalized EBITDA": "17,211,000", "Tax Rate for Calcs": "0", "Tax Effect of Unusual Items": "0"}, "12/31/2020": {"Duration": "12/31/2020", "Total Revenue": "49,898,000", "Cost of Revenue": "15,121,000", "Gross Profit": "34,777,000", "Operating Expense": "24,625,000", "Operating Income": "10,152,000", "Net Non Operating Interest Income Expense": "-947,000", "Other Income Expense": "673,000", "Pretax Income": "9,878,000", "Tax Provision": "1,807,000", "Net Income Common Stockholders": "8,072,000", "Diluted NI Available to Com Stockholders": "8,072,000", "Basic EPS": "-", "Diluted EPS": "-", "Basic Average Shares": "-", "Diluted Average Shares": "-", "Total Operating Income as Reported": "10,152,000", "Total Expenses": "39,746,000", "Net Income from Continuing & Discontinued Operation": "8,072,000", "Normalized Income": "8,072,000", "Interest Income": "91,000", "Interest Expense": "869,000", "Net Interest Income": "-947,000", "EBIT": "10,747,000", "EBITDA": "-", "Reconciled Cost of Revenue": "15,121,000", "Reconciled Depreciation": "6,464,000", "Net Income from Continuing Operation Net Minority Interest": "8,072,000", "Total Unusual Items Excluding Goodwill": "-", "Total Unusual Items": "-", "Normalized EBITDA": "17,211,000", "Tax Rate for Calcs": "0", "Tax Effect of Unusual Items": "0"}, "12/31/2019": {"Duration": "12/31/2019", "Total Revenue": "48,677,000", "Cost of Revenue": "14,425,000", "Gross Profit": "34,252,000", "Operating Expense": "25,166,000", "Operating Income": "9,086,000", "Net Non Operating Interest Income Expense": "-645,000", "Other Income Expense": "499,000", "Pretax Income": "8,940,000", "Tax Provision": "1,793,000", "Net Income Common Stockholders": "11,732,000", "Diluted NI Available to Com Stockholders": "11,732,000", "Basic EPS": "5.12", "Diluted EPS": "5.06", "Basic Average Shares": "2,291,000", "Diluted Average Shares": "2,319,000", "Total Operating Income as Reported": "9,086,000", "Total Expenses": "39,591,000", "Net Income from Continuing & Discontinued Operation": "11,732,000", "Normalized Income": "7,269,840", "Interest Income": "245,000", "Interest Expense": "850,000", "Net Interest Income": "-645,000", "EBIT": "9,790,000", "EBITDA": "-", "Reconciled Cost of Revenue": "14,425,000", "Reconciled Depreciation": "5,826,000", "Net Income from Continuing Operation Net Minority Interest": "7,142,000", "Total Unusual Items Excluding Goodwill": "-160,000", "Total Unusual Items": "-160,000", "Normalized EBITDA": "15,776,000", "Tax Rate for Calcs": "0", "Tax Effect of Unusual Items": "-32,160"}, "12/31/2018": {"Duration": "12/31/2018", "Total Revenue": "53,166,000", "Cost of Revenue": "18,407,000", "Gross Profit": "34,759,000", "Operating Expense": "26,590,000", "Operating Income": "8,169,000", "Net Non Operating Interest Income Expense": "-706,000", "Other Income Expense": "6,372,000", "Pretax Income": "13,835,000", "Tax Provision": "1,221,000", "Net Income Common Stockholders": "12,611,000", "Diluted NI Available to Com Stockholders": "12,611,000", "Basic EPS": "5.44", "Diluted EPS": "5.38", "Basic Average Shares": "2,319,000", "Diluted Average Shares": "2,344,000", "Total Operating Income as Reported": "8,169,000", "Total Expenses": "44,997,000", "Net Income from Continuing & Discontinued Operation": "12,611,000", "Normalized Income": "12,671,192", "Interest Income": "294,000", "Interest Expense": "957,000", "Net Interest Income": "-706,000", "EBIT": "14,792,000", "EBITDA": "-", "Reconciled Cost of Revenue": "18,407,000", "Reconciled Depreciation": "6,892,000", "Net Income from Continuing Operation Net Minority Interest": "12,611,000", "Total Unusual Items Excluding Goodwill": "-66,000", "Total Unusual Items": "-66,000", "Normalized EBITDA": "21,750,000", "Tax Rate for Calcs": "0", "Tax Effect of Unusual Items": "-5,808"}}, "bs": {"12/31/2020": {"Duration": "12/31/2020", "Total Assets": "132,059,000", "Total Liabilities Net Minority Interest": "75,393,000", "Total Equity Gross Minority Interest": "56,666,000", "Total Capitalization": "82,857,000", "Common Stock Equity": "56,598,000", "Capital Lease Obligations": "2,005,000", "Net Tangible Assets": "-10,210,000", "Working Capital": "-3,386,000", "Invested Capital": "92,448,000", "Tangible Book Value": "-10,210,000", "Total Debt": "37,855,000", "Net Debt": "26,192,000", "Share Issued": "2,467,022", "Ordinary Shares Number": "2,256,822", "Treasury Shares Number": "210,200"}, "12/31/2019": {"Duration": "12/31/2019", "Total Assets": "118,370,000", "Total Liabilities Net Minority Interest": "62,819,000", "Total Equity Gross Minority Interest": "55,551,000", "Total Capitalization": "75,827,000", "Common Stock Equity": "55,474,000", "Capital Lease Obligations": "1,949,000", "Net Tangible Assets": "163,000", "Working Capital": "1,240,000", "Invested Capital": "82,673,000", "Tangible Book Value": "163,000", "Total Debt": "29,148,000", "Net Debt": "16,087,000", "Share Issued": "2,527,308", "Ordinary Shares Number": "2,265,008", "Treasury Shares Number": "262,300"}, "12/31/2018": {"Duration": "12/31/2018", "Total Assets": "145,563,000", "Total Liabilities Net Minority Interest": "66,871,000", "Total Equity Gross Minority Interest": "78,692,000", "Total Capitalization": "101,084,000", "Common Stock Equity": "78,614,000", "Capital Lease Obligations": "-", "Net Tangible Assets": "4,601,000", "Working Capital": "5,956,000", "Invested Capital": "110,704,000", "Tangible Book Value": "4,601,000", "Total Debt": "32,090,000", "Net Debt": "18,819,000", "Share Issued": "2,311,171", "Ordinary Shares Number": "2,311,171", "Treasury Shares Number": "-"}}, "cf": {"TTM": {"Duration": "TTM", "Operating Cash Flow": "13,650,000", "Investing Cash Flow": "-13,182,000", "Financing Cash Flow": "-2,208,000", "End Cash Position": "9,658,000", "Capital Expenditure": "-2,585,000", "Issuance of Debt": "7,126,000", "Repayment of Debt": "-2,315,000", "Repurchase of Capital Stock": "-2,842,000", "Free Cash Flow": "11,065,000"}, "12/31/2020": {"Duration": "12/31/2020", "Operating Cash Flow": "13,650,000", "Investing Cash Flow": "-13,182,000", "Financing Cash Flow": "-2,208,000", "End Cash Position": "9,658,000", "Capital Expenditure": "-2,585,000", "Issuance of Debt": "7,126,000", "Repayment of Debt": "-2,315,000", "Repurchase of Capital Stock": "-2,842,000", "Free Cash Flow": "11,065,000"}, "12/31/2019": {"Duration": "12/31/2019", "Operating Cash Flow": "13,625,000", "Investing Cash Flow": "-2,226,000", "Financing Cash Flow": "-13,627,000", "End Cash Position": "11,112,000", "Capital Expenditure": "-2,257,000", "Issuance of Debt": "93,000", "Repayment of Debt": "-3,468,000", "Repurchase of Capital Stock": "-5,533,000", "Free Cash Flow": "11,368,000"}, "12/31/2018": {"Duration": "12/31/2018", "Operating Cash Flow": "14,272,000", "Investing Cash Flow": "-5,591,000", "Financing Cash Flow": "-4,244,000", "End Cash Position": "13,271,000", "Capital Expenditure": "-3,355,000", "Issuance of Debt": "2,856,000", "Repayment of Debt": "-366,000", "Repurchase of Capital Stock": "-2,036,000", "Free Cash Flow": "10,917,000"}}}}, {"AZN": {"quote": {"05/11/2021": {"value": "54.10", "Market Cap": "141.499B", "Beta (5Y Monthly)": "0.21", "PE Ratio (TTM)": "35.70", "EPS (TTM)": "1.52", "Earnings Date": "N/A", "Forward Dividend & Yield": "1.40 (2.57%)", "Ex-Dividend Date": "Feb 25, 2021", "1y Target Est": "63.60"}}, "fin": {"TTM": {"Duration": "TTM", "Total Revenue": "26,617,000", "Cost of Revenue": "5,299,000", "Gross Profit": "21,318,000", "Operating Expense": "17,624,000", "Operating Income": "3,694,000", "Net Non Operating Interest Income Expense": "-1,189,000", "Pretax Income": "3,916,000", "Tax Provision": "772,000", "Net Income Common Stockholders": "3,196,000", "Diluted NI Available to Com Stockholders": "3,196,000", "Basic EPS": "-", "Diluted EPS": "-", "Basic Average Shares": "-", "Diluted Average Shares": "-", "Total Operating Income as Reported": "5,162,000", "Rent Expense Supplemental": "228,000", "Total Expenses": "22,923,000", "Net Income from Continuing & Discontinued Operation": "3,196,000", "Normalized Income": "2,018,400", "Interest Income": "83,000", "Interest Expense": "1,272,000", "Net Interest Income": "-1,189,000", "EBIT": "5,188,000", "EBITDA": "8,337,000", "Reconciled Cost of Revenue": "5,299,000", "Reconciled Depreciation": "3,149,000", "Net Income from Continuing Operation Net Minority Interest": "3,196,000", "Total Unusual Items Excluding Goodwill": "1,472,000", "Total Unusual Items": "1,472,000", "Normalized EBITDA": "6,865,000", "Tax Rate for Calcs": "0", "Tax Effect of Unusual Items": "294,400"}, "12/31/2020": {"Duration": "12/31/2020", "Total Revenue": "26,617,000", "Cost of Revenue": "5,299,000", "Gross Profit": "21,318,000", "Operating Expense": "17,624,000", "Operating Income": "3,694,000", "Net Non Operating Interest Income Expense": "-1,189,000", "Pretax Income": "3,916,000", "Tax Provision": "772,000", "Net Income Common Stockholders": "3,196,000", "Diluted NI Available to Com Stockholders": "3,196,000", "Basic EPS": "-", "Diluted EPS": "-", "Basic Average Shares": "-", "Diluted Average Shares": "-", "Total Operating Income as Reported": "5,162,000", "Rent Expense Supplemental": "228,000", "Total Expenses": "22,923,000", "Net Income from Continuing & Discontinued Operation": "3,196,000", "Normalized Income": "2,018,400", "Interest Income": "83,000", "Interest Expense": "1,272,000", "Net Interest Income": "-1,189,000", "EBIT": "5,188,000", "EBITDA": "-", "Reconciled Cost of Revenue": "5,299,000", "Reconciled Depreciation": "3,149,000", "Net Income from Continuing Operation Net Minority Interest": "3,196,000", "Total Unusual Items Excluding Goodwill": "1,472,000", "Total Unusual Items": "1,472,000", "Normalized EBITDA": "6,865,000", "Tax Rate for Calcs": "0", "Tax Effect of Unusual Items": "294,400"}, "12/31/2019": {"Duration": "12/31/2019", "Total Revenue": "24,384,000", "Cost of Revenue": "4,921,000", "Gross Profit": "19,463,000", "Operating Expense": "17,761,000", "Operating Income": "1,702,000", "Net Non Operating Interest Income Expense": "-1,237,000", "Pretax Income": "1,548,000", "Tax Provision": "321,000", "Net Income Common Stockholders": "1,335,000", "Diluted NI Available to Com Stockholders": "1,335,000", "Basic EPS": "0.52", "Diluted EPS": "0.52", "Basic Average Shares": "2,602,000", "Diluted Average Shares": "2,602,000", "Total Operating Income as Reported": "2,924,000", "Rent Expense Supplemental": "-", "Total Expenses": "22,682,000", "Net Income from Continuing & Discontinued Operation": "1,335,000", "Normalized Income": "364,090", "Interest Income": "165,000", "Interest Expense": "1,402,000", "Net Interest Income": "-1,237,000", "EBIT": "2,950,000", "EBITDA": "-", "Reconciled Cost of Revenue": "4,921,000", "Reconciled Depreciation": "3,762,000", "Net Income from Continuing Operation Net Minority Interest": "1,335,000", "Total Unusual Items Excluding Goodwill": "1,229,000", "Total Unusual Items": "1,229,000", "Normalized EBITDA": "5,483,000", "Tax Rate for Calcs": "0", "Tax Effect of Unusual Items": "258,090"}, "12/31/2018": {"Duration": "12/31/2018", "Total Revenue": "22,090,000", "Cost of Revenue": "4,936,000", "Gross Profit": "17,154,000", "Operating Expense": "15,644,000", "Operating Income": "1,510,000", "Net Non Operating Interest Income Expense": "-1,228,000", "Pretax Income": "1,993,000", "Tax Provision": "-57,000", "Net Income Common Stockholders": "2,155,000", "Diluted NI Available to Com Stockholders": "2,155,000", "Basic EPS": "0.85", "Diluted EPS": "0.85", "Basic Average Shares": "2,534,000", "Diluted Average Shares": "2,534,000", "Total Operating Income as Reported": "3,387,000", "Rent Expense Supplemental": "188,000", "Total Expenses": "20,580,000", "Net Income from Continuing & Discontinued Operation": "2,155,000", "Normalized Income": "636,250", "Interest Income": "138,000", "Interest Expense": "1,366,000", "Net Interest Income": "-1,228,000", "EBIT": "3,359,000", "EBITDA": "-", "Reconciled Cost of Revenue": "4,936,000", "Reconciled Depreciation": "3,753,000", "Net Income from Continuing Operation Net Minority Interest": "2,155,000", "Total Unusual Items Excluding Goodwill": "1,875,000", "Total Unusual Items": "1,875,000", "Normalized EBITDA": "5,237,000", "Tax Rate for Calcs": "0", "Tax Effect of Unusual Items": "356,250"}}, "bs": {"12/31/2020": {"Duration": "12/31/2020", "Total Assets": "66,729,000", "Total Liabilities Net Minority Interest": "51,091,000", "Total Equity Gross Minority Interest": "15,638,000", "Total Capitalization": "33,127,000", "Common Stock Equity": "15,622,000", "Capital Lease Obligations": "681,000", "Net Tangible Assets": "-17,170,000", "Working Capital": "-763,000", "Invested Capital": "35,321,000", "Tangible Book Value": "-17,170,000", "Total Debt": "20,380,000", "Net Debt": "11,867,000", "Share Issued": "1,312,669", "Ordinary Shares Number": "1,312,669", "Treasury Shares Number": "0"}, "12/31/2019": {"Duration": "12/31/2019", "Total Assets": "61,377,000", "Total Liabilities Net Minority Interest": "46,781,000", "Total Equity Gross Minority Interest": "14,596,000", "Total Capitalization": "28,857,000", "Common Stock Equity": "13,127,000", "Capital Lease Obligations": "675,000", "Net Tangible Assets": "-19,374,000", "Working Capital": "-2,554,000", "Invested Capital": "30,679,000", "Tangible Book Value": "-19,374,000", "Total Debt": "18,227,000", "Net Debt": "12,183,000", "Share Issued": "1,312,138", "Ordinary Shares Number": "1,312,138", "Treasury Shares Number": "0"}, "12/31/2018": {"Duration": "12/31/2018", "Total Assets": "60,651,000", "Total Liabilities Net Minority Interest": "46,607,000", "Total Equity Gross Minority Interest": "14,044,000", "Total Capitalization": "29,827,000", "Common Stock Equity": "12,468,000", "Capital Lease Obligations": "0", "Net Tangible Assets": "-21,198,000", "Working Capital": "-701,000", "Invested Capital": "31,581,000", "Tangible Book Value": "-21,198,000", "Total Debt": "19,113,000", "Net Debt": "14,368,000", "Share Issued": "1,267,039", "Ordinary Shares Number": "1,267,039", "Treasury Shares Number": "0"}}, "cf": {"TTM": {"Duration": "TTM", "Operating Cash Flow": "4,799,000", "Investing Cash Flow": "-285,000", "Financing Cash Flow": "-2,203,000", "End Cash Position": "7,546,000", "Capital Expenditure": "-2,606,000", "Issuance of Capital Stock": "30,000", "Issuance of Debt": "2,968,000", "Repayment of Debt": "-1,609,000", "Free Cash Flow": "2,193,000"}, "12/31/2020": {"Duration": "12/31/2020", "Operating Cash Flow": "4,799,000", "Investing Cash Flow": "-285,000", "Financing Cash Flow": "-2,203,000", "End Cash Position": "7,546,000", "Capital Expenditure": "-2,606,000", "Issuance of Capital Stock": "30,000", "Issuance of Debt": "2,968,000", "Repayment of Debt": "-1,609,000", "Free Cash Flow": "2,193,000"}, "12/31/2019": {"Duration": "12/31/2019", "Operating Cash Flow": "2,969,000", "Investing Cash Flow": "-657,000", "Financing Cash Flow": "-1,765,000", "End Cash Position": "5,223,000", "Capital Expenditure": "-2,460,000", "Issuance of Capital Stock": "3,525,000", "Issuance of Debt": "500,000", "Repayment of Debt": "-1,500,000", "Free Cash Flow": "509,000"}, "12/31/2018": {"Duration": "12/31/2018", "Operating Cash Flow": "2,618,000", "Investing Cash Flow": "963,000", "Financing Cash Flow": "-2,044,000", "End Cash Position": "4,671,000", "Capital Expenditure": "-1,371,000", "Issuance of Capital Stock": "34,000", "Issuance of Debt": "2,971,000", "Repayment of Debt": "-1,498,000", "Free Cash Flow": "1,247,000"}}}}, {"ALIM": {"quote": {"05/11/2021": {"value": "9.19", "Market Cap": "63.397M", "Beta (5Y Monthly)": "1.86", "PE Ratio (TTM)": "N/A", "EPS (TTM)": "-1.47", "Earnings Date": "Jul 27, 2021 - Aug 02, 2021", "Forward Dividend & Yield": "N/A (N/A)", "Ex-Dividend Date": "N/A", "1y Target Est": "16.38"}}, "fin": {"TTM": {"Duration": "TTM", "Total Revenue": "50,820", "Cost of Revenue": "6,941", "Gross Profit": "43,879", "Operating Expense": "44,380", "Operating Income": "-501", "Net Non Operating Interest Income Expense": "-5,380", "Other Income Expense": "474", "Pretax Income": "-5,407", "Tax Provision": "-68", "Net Income Common Stockholders": "-5,339", "Diluted NI Available to Com Stockholders": "-5,339", "Basic EPS": "-", "Diluted EPS": "-", "Basic Average Shares": "-", "Diluted Average Shares": "-", "Total Operating Income as Reported": "-501", "Total Expenses": "51,321", "Net Income from Continuing & Discontinued Operation": "-5,339", "Normalized Income": "-5,807", "Interest Expense": "5,380", "Net Interest Income": "-5,380", "EBIT": "-27", "EBITDA": "2,649", "Reconciled Cost of Revenue": "6,941", "Reconciled Depreciation": "2,676", "Net Income from Continuing Operation Net Minority Interest": "-5,339", "Total Unusual Items Excluding Goodwill": "474", "Total Unusual Items": "474", "Normalized EBITDA": "2,175", "Tax Rate for Calcs": "0", "Tax Effect of Unusual Items": "5.688"}, "12/31/2020": {"Duration": "12/31/2020", "Total Revenue": "50,820", "Cost of Revenue": "6,941", "Gross Profit": "43,879", "Operating Expense": "44,380", "Operating Income": "-501", "Net Non Operating Interest Income Expense": "-5,380", "Other Income Expense": "474", "Pretax Income": "-5,407", "Tax Provision": "-68", "Net Income Common Stockholders": "-5,339", "Diluted NI Available to Com Stockholders": "-5,339", "Basic EPS": "-", "Diluted EPS": "-", "Basic Average Shares": "-", "Diluted Average Shares": "-", "Total Operating Income as Reported": "-501", "Total Expenses": "51,321", "Net Income from Continuing & Discontinued Operation": "-5,339", "Normalized Income": "-5,807", "Interest Expense": "5,380", "Net Interest Income": "-5,380", "EBIT": "-27", "EBITDA": "-", "Reconciled Cost of Revenue": "6,941", "Reconciled Depreciation": "2,676", "Net Income from Continuing Operation Net Minority Interest": "-5,339", "Total Unusual Items Excluding Goodwill": "474", "Total Unusual Items": "474", "Normalized EBITDA": "2,175", "Tax Rate for Calcs": "0", "Tax Effect of Unusual Items": "5.688"}, "12/31/2019": {"Duration": "12/31/2019", "Total Revenue": "53,943", "Cost of Revenue": "6,626", "Gross Profit": "47,317", "Operating Expense": "52,591", "Operating Income": "-5,274", "Net Non Operating Interest Income Expense": "-4,869", "Other Income Expense": "-84", "Pretax Income": "-10,227", "Tax Provision": "216", "Net Income Common Stockholders": "-10,443", "Diluted NI Available to Com Stockholders": "-10,443", "Basic EPS": "-2.19", "Diluted EPS": "-2.19", "Basic Average Shares": "4,770", "Diluted Average Shares": "4,770", "Total Operating Income as Reported": "-5,274", "Total Expenses": "59,217", "Net Income from Continuing & Discontinued Operation": "-10,443", "Normalized Income": "-10,382", "Interest Expense": "4,869", "Net Interest Income": "-4,869", "EBIT": "-5,358", "EBITDA": "-", "Reconciled Cost of Revenue": "6,626", "Reconciled Depreciation": "2,641", "Net Income from Continuing Operation Net Minority Interest": "-10,443", "Total Unusual Items Excluding Goodwill": "-84", "Total Unusual Items": "-84", "Normalized EBITDA": "-2,633", "Tax Rate for Calcs": "0", "Tax Effect of Unusual Items": "-22.68"}, "12/31/2018": {"Duration": "12/31/2018", "Total Revenue": "46,970", "Cost of Revenue": "4,679", "Gross Profit": "42,291", "Operating Expense": "51,961", "Operating Income": "-9,670", "Net Non Operating Interest Income Expense": "-4,775", "Other Income Expense": "-1,831", "Pretax Income": "-16,276", "Tax Provision": "106", "Net Income Common Stockholders": "21,948", "Diluted NI Available to Com Stockholders": "21,948", "Basic EPS": "3.75", "Diluted EPS": "3.75", "Basic Average Shares": "4,667", "Diluted Average Shares": "4,716", "Total Operating Income as Reported": "-9,670", "Total Expenses": "56,640", "Net Income from Continuing & Discontinued Operation": "-16,382", "Normalized Income": "-15,045", "Interest Expense": "4,775", "Net Interest Income": "-4,775", "EBIT": "-11,501", "EBITDA": "-", "Reconciled Cost of Revenue": "4,679", "Reconciled Depreciation": "2,645", "Net Income from Continuing Operation Net Minority Interest": "-16,382", "Total Unusual Items Excluding Goodwill": "-1,831", "Total Unusual Items": "-1,831", "Normalized EBITDA": "-7,025", "Tax Rate for Calcs": "0", "Tax Effect of Unusual Items": "-494.37"}}, "bs": {"12/31/2020": {"Duration": "12/31/2020", "Total Assets": "50,855", "Total Liabilities Net Minority Interest": "58,833", "Total Equity Gross Minority Interest": "-7,978", "Total Capitalization": "34,430", "Preferred Stock Equity": "19,227", "Common Stock Equity": "-27,205", "Capital Lease Obligations": "1,128", "Net Tangible Assets": "-20,816", "Working Capital": "22,558", "Invested Capital": "16,684", "Tangible Book Value": "-40,043", "Total Debt": "45,017", "Net Debt": "32,681", "Share Issued": "5,719", "Ordinary Shares Number": "5,719", "Preferred Shares Number": "-"}, "12/31/2019": {"Duration": "12/31/2019", "Total Assets": "50,309", "Total Liabilities Net Minority Interest": "54,754", "Total Equity Gross Minority Interest": "-4,445", "Total Capitalization": "34,213", "Preferred Stock Equity": "30,344", "Common Stock Equity": "-34,789", "Capital Lease Obligations": "818", "Net Tangible Assets": "-19,228", "Working Capital": "20,697", "Invested Capital": "3,869", "Tangible Book Value": "-49,572", "Total Debt": "39,476", "Net Debt": "29,232", "Share Issued": "4,966", "Ordinary Shares Number": "4,966", "Preferred Shares Number": "600"}, "12/31/2018": {"Duration": "12/31/2018", "Total Assets": "54,108", "Total Liabilities Net Minority Interest": "51,386", "Total Equity Gross Minority Interest": "2,722", "Total Capitalization": "40,595", "Preferred Stock Equity": "30,344", "Common Stock Equity": "-27,622", "Capital Lease Obligations": "541", "Net Tangible Assets": "-14,001", "Working Capital": "24,614", "Invested Capital": "10,251", "Tangible Book Value": "-44,345", "Total Debt": "38,414", "Net Debt": "24,830", "Share Issued": "4,672", "Ordinary Shares Number": "4,672", "Preferred Shares Number": "600"}}, "cf": {"TTM": {"Duration": "TTM", "Operating Cash Flow": "-2,193", "Investing Cash Flow": "-620", "Financing Cash Flow": "3,882", "End Cash Position": "11,242", "Income Tax Paid Supplemental Data": "110", "Interest Paid Supplemental Data": "3,927", "Capital Expenditure": "-620", "Issuance of Capital Stock": "49", "Issuance of Debt": "4,278", "Repayment of Debt": "-445", "Repurchase of Capital Stock": "-", "Free Cash Flow": "-2,813"}, "12/31/2020": {"Duration": "12/31/2020", "Operating Cash Flow": "-2,193", "Investing Cash Flow": "-620", "Financing Cash Flow": "3,882", "End Cash Position": "11,242", "Income Tax Paid Supplemental Data": "110", "Interest Paid Supplemental Data": "3,927", "Capital Expenditure": "-620", "Issuance of Capital Stock": "49", "Issuance of Debt": "4,278", "Repayment of Debt": "-445", "Repurchase of Capital Stock": "-", "Free Cash Flow": "-2,813"}, "12/31/2019": {"Duration": "12/31/2019", "Operating Cash Flow": "-4,152", "Investing Cash Flow": "-174", "Financing Cash Flow": "869", "End Cash Position": "9,459", "Income Tax Paid Supplemental Data": "239", "Interest Paid Supplemental Data": "4,041", "Capital Expenditure": "-174", "Issuance of Capital Stock": "902", "Issuance of Debt": "42,500", "Repayment of Debt": "-40,306", "Repurchase of Capital Stock": "-", "Free Cash Flow": "-4,326"}, "12/31/2018": {"Duration": "12/31/2018", "Operating Cash Flow": "-11,553", "Investing Cash Flow": "-175", "Financing Cash Flow": "950", "End Cash Position": "13,075", "Income Tax Paid Supplemental Data": "239", "Interest Paid Supplemental Data": "3,571", "Capital Expenditure": "-175", "Issuance of Capital Stock": "83", "Issuance of Debt": "40,000", "Repayment of Debt": "-35,327", "Repurchase of Capital Stock": "-122", "Free Cash Flow": "-11,728"}}}}, {"AERI": {"quote": {"05/11/2021": {"value": "17.31", "Market Cap": "811.723M", "Beta (5Y Monthly)": "0.71", "PE Ratio (TTM)": "N/A", "EPS (TTM)": "-3.83", "Earnings Date": "Aug 04, 2021 - Aug 09, 2021", "Forward Dividend & Yield": "N/A (N/A)", "Ex-Dividend Date": "N/A", "1y Target Est": "27.25"}}, "fin": {"TTM": {"Duration": "TTM", "Total Revenue": "83,138", "Cost of Revenue": "25,333", "Gross Profit": "57,805", "Operating Expense": "213,495", "Operating Income": "-155,690", "Net Non Operating Interest Income Expense": "-24,492", "Other Income Expense": "2,326", "Pretax Income": "-177,856", "Tax Provision": "5,245", "Net Income Common Stockholders": "-183,101", "Diluted NI Available to Com Stockholders": "-183,101", "Basic EPS": "-", "Diluted EPS": "-", "Basic Average Shares": "-", "Diluted Average Shares": "-", "Total Operating Income as Reported": "-155,690", "Total Expenses": "238,828", "Net Income from Continuing & Discontinued Operation": "-183,101", "Normalized Income": "-183,101", "Interest Income": "1,984", "Interest Expense": "26,476", "Net Interest Income": "-24,492", "EBIT": "-151,380", "EBITDA": "-117,222", "Reconciled Cost of Revenue": "25,333", "Reconciled Depreciation": "34,158", "Net Income from Continuing Operation Net Minority Interest": "-183,101", "Normalized EBITDA": "-117,222", "Tax Rate for Calcs": "0", "Tax Effect of Unusual Items": "0"}, "12/31/2020": {"Duration": "12/31/2020", "Total Revenue": "83,138", "Cost of Revenue": "25,333", "Gross Profit": "57,805", "Operating Expense": "213,495", "Operating Income": "-155,690", "Net Non Operating Interest Income Expense": "-24,492", "Other Income Expense": "2,326", "Pretax Income": "-177,856", "Tax Provision": "5,245", "Net Income Common Stockholders": "-183,101", "Diluted NI Available to Com Stockholders": "-183,101", "Basic EPS": "-", "Diluted EPS": "-", "Basic Average Shares": "-", "Diluted Average Shares": "-", "Total Operating Income as Reported": "-155,690", "Total Expenses": "238,828", "Net Income from Continuing & Discontinued Operation": "-183,101", "Normalized Income": "-183,101", "Interest Income": "1,984", "Interest Expense": "26,476", "Net Interest Income": "-24,492", "EBIT": "-151,380", "EBITDA": "-", "Reconciled Cost of Revenue": "25,333", "Reconciled Depreciation": "34,158", "Net Income from Continuing Operation Net Minority Interest": "-183,101", "Normalized EBITDA": "-117,222", "Tax Rate for Calcs": "0", "Tax Effect of Unusual Items": "0"}, "12/31/2019": {"Duration": "12/31/2019", "Total Revenue": "69,888", "Cost of Revenue": "4,833", "Gross Profit": "65,055", "Operating Expense": "252,547", "Operating Income": "-187,492", "Net Non Operating Interest Income Expense": "-12,285", "Other Income Expense": "106", "Pretax Income": "-199,671", "Tax Provision": "-90", "Net Income Common Stockholders": "-199,581", "Diluted NI Available to Com Stockholders": "-199,581", "Basic EPS": "-4.39", "Diluted EPS": "-4.39", "Basic Average Shares": "45,427", "Diluted Average Shares": "45,427", "Total Operating Income as Reported": "-187,492", "Total Expenses": "257,380", "Net Income from Continuing & Discontinued Operation": "-199,581", "Normalized Income": "-199,581", "Interest Income": "2,970", "Interest Expense": "15,255", "Net Interest Income": "-12,285", "EBIT": "-184,416", "EBITDA": "-", "Reconciled Cost of Revenue": "4,833", "Reconciled Depreciation": "18,114", "Net Income from Continuing Operation Net Minority Interest": "-199,581", "Normalized EBITDA": "-166,302", "Tax Rate for Calcs": "0", "Tax Effect of Unusual Items": "0"}, "12/31/2018": {"Duration": "12/31/2018", "Total Revenue": "24,181", "Cost of Revenue": "641", "Gross Profit": "23,540", "Operating Expense": "233,282", "Operating Income": "-209,742", "Net Non Operating Interest Income Expense": "898", "Other Income Expense": "-23,722", "Pretax Income": "-232,566", "Tax Provision": "3", "Net Income Common Stockholders": "-232,569", "Diluted NI Available to Com Stockholders": "-232,569", "Basic EPS": "-5.58", "Diluted EPS": "-5.58", "Basic Average Shares": "41,664", "Diluted Average Shares": "41,664", "Total Operating Income as Reported": "-209,742", "Total Expenses": "233,923", "Net Income from Continuing & Discontinued Operation": "-232,569", "Normalized Income": "-232,569", "Interest Income": "3,429", "Interest Expense": "2,531", "Net Interest Income": "898", "EBIT": "-230,035", "EBITDA": "-", "Reconciled Cost of Revenue": "641", "Reconciled Depreciation": "2,442", "Net Income from Continuing Operation Net Minority Interest": "-232,569", "Normalized EBITDA": "-227,593", "Tax Rate for Calcs": "0", "Tax Effect of Unusual Items": "0"}}, "bs": {"12/31/2020": {"Duration": "12/31/2020", "Total Assets": "402,045", "Total Liabilities Net Minority Interest": "378,077", "Total Equity Gross Minority Interest": "23,968", "Total Capitalization": "234,341", "Common Stock Equity": "23,968", "Capital Lease Obligations": "15,129", "Net Tangible Assets": "23,968", "Working Capital": "227,283", "Invested Capital": "234,341", "Tangible Book Value": "23,968", "Total Debt": "225,502", "Net Debt": "58,803", "Share Issued": "46,822", "Ordinary Shares Number": "46,822"}, "12/31/2019": {"Duration": "12/31/2019", "Total Assets": "452,608", "Total Liabilities Net Minority Interest": "285,658", "Total Equity Gross Minority Interest": "166,950", "Total Capitalization": "355,601", "Common Stock Equity": "166,950", "Capital Lease Obligations": "17,604", "Net Tangible Assets": "166,950", "Working Capital": "292,694", "Invested Capital": "355,601", "Tangible Book Value": "166,950", "Total Debt": "206,255", "Net Debt": "44,711", "Share Issued": "46,465", "Ordinary Shares Number": "46,465"}, "12/31/2018": {"Duration": "12/31/2018", "Total Assets": "285,044", "Total Liabilities Net Minority Interest": "57,238", "Total Equity Gross Minority Interest": "227,806", "Total Capitalization": "227,806", "Common Stock Equity": "227,806", "Capital Lease Obligations": "-", "Net Tangible Assets": "227,806", "Working Capital": "169,391", "Invested Capital": "227,806", "Tangible Book Value": "227,806", "Total Debt": "-", "Net Debt": "-", "Share Issued": "45,479", "Ordinary Shares Number": "45,479"}}, "cf": {"TTM": {"Duration": "TTM", "Operating Cash Flow": "-64,690", "Investing Cash Flow": "73,179", "Financing Cash Flow": "-859", "End Cash Position": "151,570", "Income Tax Paid Supplemental Data": "4,987", "Interest Paid Supplemental Data": "5,034", "Capital Expenditure": "-3,100", "Issuance of Capital Stock": "0", "Issuance of Debt": "8,274", "Repayment of Debt": "-8,274", "Free Cash Flow": "-67,790"}, "12/31/2020": {"Duration": "12/31/2020", "Operating Cash Flow": "-64,690", "Investing Cash Flow": "73,179", "Financing Cash Flow": "-859", "End Cash Position": "151,570", "Income Tax Paid Supplemental Data": "4,987", "Interest Paid Supplemental Data": "5,034", "Capital Expenditure": "-3,100", "Issuance of Capital Stock": "0", "Issuance of Debt": "8,274", "Repayment of Debt": "-8,274", "Free Cash Flow": "-67,790"}, "12/31/2019": {"Duration": "12/31/2019", "Operating Cash Flow": "-150,430", "Investing Cash Flow": "-183,247", "Financing Cash Flow": "274,799", "End Cash Position": "143,940", "Income Tax Paid Supplemental Data": "-", "Interest Paid Supplemental Data": "6,496", "Capital Expenditure": "-9,958", "Issuance of Capital Stock": "0", "Issuance of Debt": "308,349", "Repayment of Debt": "-", "Free Cash Flow": "-160,388"}, "12/31/2018": {"Duration": "12/31/2018", "Operating Cash Flow": "-152,576", "Investing Cash Flow": "20,789", "Financing Cash Flow": "137,036", "End Cash Position": "202,818", "Income Tax Paid Supplemental Data": "0", "Interest Paid Supplemental Data": "1,774", "Capital Expenditure": "-31,313", "Issuance of Capital Stock": "135,972", "Issuance of Debt": "-", "Repayment of Debt": "-", "Free Cash Flow": "-183,889"}}}}, {"AXN": {"quote": {"05/11/2021": {"value": "", "Net Assets": "N/A", "Beta (5Y Monthly)": "N/A", "Yield": "N/A", "5y Average Return": "N/A", "Holdings Turnover": "N/A", "Last Dividend": "N/A", "Average for Category": "N/A", "Inception Date": "N/A"}}, "fin": {}, "bs": {}, "cf": {}}}, {"ASMB": {"quote": {"05/11/2021": {"value": "3.9700", "Market Cap": "159.428M", "Beta (5Y Monthly)": "0.33", "PE Ratio (TTM)": "N/A", "EPS (TTM)": "-1.7540", "Earnings Date": "Feb 25, 2021", "Forward Dividend & Yield": "N/A (N/A)", "Ex-Dividend Date": "N/A", "1y Target Est": "10.95"}}, "fin": {"TTM": {"Duration": "TTM", "Total Revenue": "79,105", "Operating Expense": "143,881", "Operating Income": "-64,776", "Net Non Operating Interest Income Expense": "2,624", "Other Income Expense": "5", "Pretax Income": "-62,152", "Tax Provision": "0", "Net Income Common Stockholders": "-62,152", "Diluted NI Available to Com Stockholders": "-62,152", "Basic EPS": "-", "Diluted EPS": "-", "Basic Average Shares": "-", "Diluted Average Shares": "-", "Total Operating Income as Reported": "-64,776", "Total Expenses": "143,881", "Net Income from Continuing & Discontinued Operation": "-62,152", "Normalized Income": "-62,152", "Interest Income": "2,624", "Net Interest Income": "2,624", "EBIT": "-64,776", "EBITDA": "-64,085", "Reconciled Depreciation": "691", "Net Income from Continuing Operation Net Minority Interest": "-62,152", "Total Unusual Items Excluding Goodwill": "-", "Total Unusual Items": "-", "Normalized EBITDA": "-64,085", "Tax Rate for Calcs": "0", "Tax Effect of Unusual Items": "0"}, "12/31/2020": {"Duration": "12/31/2020", "Total Revenue": "79,105", "Operating Expense": "143,881", "Operating Income": "-64,776", "Net Non Operating Interest Income Expense": "2,624", "Other Income Expense": "-", "Pretax Income": "-62,152", "Tax Provision": "0", "Net Income Common Stockholders": "-62,152", "Diluted NI Available to Com Stockholders": "-62,152", "Basic EPS": "-1.75", "Diluted EPS": "-1.75", "Basic Average Shares": "35,427", "Diluted Average Shares": "35,427", "Total Operating Income as Reported": "-64,776", "Total Expenses": "143,881", "Net Income from Continuing & Discontinued Operation": "-62,152", "Normalized Income": "-62,152", "Interest Income": "2,624", "Net Interest Income": "2,624", "EBIT": "-64,776", "EBITDA": "-", "Reconciled Depreciation": "691", "Net Income from Continuing Operation Net Minority Interest": "-62,152", "Total Unusual Items Excluding Goodwill": "-", "Total Unusual Items": "-", "Normalized EBITDA": "-64,085", "Tax Rate for Calcs": "0", "Tax Effect of Unusual Items": "0"}, "12/31/2019": {"Duration": "12/31/2019", "Total Revenue": "15,963", "Operating Expense": "118,676", "Operating Income": "-102,713", "Net Non Operating Interest Income Expense": "4,300", "Other Income Expense": "5", "Pretax Income": "-98,408", "Tax Provision": "-774", "Net Income Common Stockholders": "-97,634", "Diluted NI Available to Com Stockholders": "-97,634", "Basic EPS": "-3.72", "Diluted EPS": "-3.72", "Basic Average Shares": "26,259", "Diluted Average Shares": "26,259", "Total Operating Income as Reported": "-102,713", "Total Expenses": "118,676", "Net Income from Continuing & Discontinued Operation": "-97,634", "Normalized Income": "-97,634", "Interest Income": "4,300", "Net Interest Income": "4,300", "EBIT": "-102,713", "EBITDA": "-", "Reconciled Depreciation": "494", "Net Income from Continuing Operation Net Minority Interest": "-97,634", "Total Unusual Items Excluding Goodwill": "-", "Total Unusual Items": "-", "Normalized EBITDA": "-102,219", "Tax Rate for Calcs": "0", "Tax Effect of Unusual Items": "0"}, "12/31/2018": {"Duration": "12/31/2018", "Total Revenue": "14,804", "Operating Expense": "107,539", "Operating Income": "-92,735", "Net Non Operating Interest Income Expense": "3,083", "Other Income Expense": "-", "Pretax Income": "-89,652", "Tax Provision": "1,099", "Net Income Common Stockholders": "-90,751", "Diluted NI Available to Com Stockholders": "-90,751", "Basic EPS": "-3.98", "Diluted EPS": "-3.98", "Basic Average Shares": "22,802", "Diluted Average Shares": "22,802", "Total Operating Income as Reported": "-92,735", "Total Expenses": "107,539", "Net Income from Continuing & Discontinued Operation": "-90,751", "Normalized Income": "-90,751", "Interest Income": "3,083", "Net Interest Income": "3,083", "EBIT": "-92,735", "EBITDA": "-", "Reconciled Depreciation": "643", "Net Income from Continuing Operation Net Minority Interest": "-90,751", "Total Unusual Items Excluding Goodwill": "-", "Total Unusual Items": "-", "Normalized EBITDA": "-92,092", "Tax Rate for Calcs": "0", "Tax Effect of Unusual Items": "0"}}, "bs": {"12/31/2020": {"Duration": "12/31/2020", "Total Assets": "283,254", "Total Liabilities Net Minority Interest": "42,676", "Total Equity Gross Minority Interest": "240,578", "Total Capitalization": "240,578", "Common Stock Equity": "240,578", "Capital Lease Obligations": "10,129", "Net Tangible Assets": "198,940", "Working Capital": "200,060", "Invested Capital": "240,578", "Tangible Book Value": "198,940", "Total Debt": "10,129", "Share Issued": "34,027", "Ordinary Shares Number": "34,027"}, "12/31/2019": {"Duration": "12/31/2019", "Total Assets": "339,907", "Total Liabilities Net Minority Interest": "66,690", "Total Equity Gross Minority Interest": "273,217", "Total Capitalization": "273,217", "Common Stock Equity": "273,217", "Capital Lease Obligations": "12,268", "Net Tangible Assets": "231,579", "Working Capital": "258,340", "Invested Capital": "273,217", "Tangible Book Value": "231,579", "Total Debt": "12,268", "Share Issued": "32,558", "Ordinary Shares Number": "32,558"}, "12/31/2018": {"Duration": "12/31/2018", "Total Assets": "268,045", "Total Liabilities Net Minority Interest": "57,392", "Total Equity Gross Minority Interest": "210,653", "Total Capitalization": "210,653", "Common Stock Equity": "210,653", "Capital Lease Obligations": "-", "Net Tangible Assets": "169,015", "Working Capital": "204,030", "Invested Capital": "210,653", "Tangible Book Value": "169,015", "Total Debt": "-", "Share Issued": "25,495", "Ordinary Shares Number": "25,495"}}, "cf": {"TTM": {"Duration": "TTM", "Operating Cash Flow": "-62,957", "Investing Cash Flow": "68,070", "Financing Cash Flow": "7,599", "End Cash Position": "59,444", "Capital Expenditure": "-2,220", "Issuance of Capital Stock": "5,452", "Free Cash Flow": "-65,177"}, "12/31/2020": {"Duration": "12/31/2020", "Operating Cash Flow": "-62,957", "Investing Cash Flow": "68,070", "Financing Cash Flow": "7,599", "End Cash Position": "59,444", "Capital Expenditure": "-2,220", "Issuance of Capital Stock": "5,452", "Free Cash Flow": "-65,177"}, "12/31/2019": {"Duration": "12/31/2019", "Operating Cash Flow": "-84,067", "Investing Cash Flow": "-50,318", "Financing Cash Flow": "139,646", "End Cash Position": "46,732", "Capital Expenditure": "-1,554", "Issuance of Capital Stock": "134,661", "Free Cash Flow": "-85,621"}, "12/31/2018": {"Duration": "12/31/2018", "Operating Cash Flow": "-64,958", "Investing Cash Flow": "-135,397", "Financing Cash Flow": "159,793", "End Cash Position": "41,471", "Capital Expenditure": "-340", "Issuance of Capital Stock": "155,425", "Free Cash Flow": "-65,298"}}}}, {"BMY": {"quote": {"05/11/2021": {"value": "64.29", "Market Cap": "143.549B", "Beta (5Y Monthly)": "0.62", "PE Ratio (TTM)": "N/A", "EPS (TTM)": "-2.76", "Earnings Date": "Aug 04, 2021 - Aug 09, 2021", "Forward Dividend & Yield": "1.96 (3.03%)", "Ex-Dividend Date": "Mar 31, 2021", "1y Target Est": "75.44"}}, "fin": {"TTM": {"Duration": "TTM", "Total Revenue": "42,518,000", "Cost of Revenue": "11,773,000", "Gross Profit": "30,745,000", "Operating Expense": "28,568,000", "Operating Income": "2,177,000", "Net Non Operating Interest Income Expense": "-1,420,000", "Other Income Expense": "-7,628,000", "Pretax Income": "-6,871,000", "Tax Provision": "2,124,000", "Net Income Common Stockholders": "-9,015,000", "Diluted NI Available to Com Stockholders": "-9,015,000", "Basic EPS": "-", "Diluted EPS": "-", "Basic Average Shares": "-", "Diluted Average Shares": "-", "Total Expenses": "40,341,000", "Net Income from Continuing & Discontinued Operation": "-9,015,000", "Normalized Income": "-1,292,330", "Interest Expense": "1,420,000", "Net Interest Income": "-1,420,000", "EBIT": "-5,451,000", "EBITDA": "4,929,000", "Reconciled Cost of Revenue": "11,081,000", "Reconciled Depreciation": "10,380,000", "Net Income from Continuing Operation Net Minority Interest": "-9,015,000", "Total Unusual Items Excluding Goodwill": "-10,579,000", "Total Unusual Items": "-10,579,000", "Normalized EBITDA": "15,508,000", "Tax Rate for Calcs": "0", "Tax Effect of Unusual Items": "-2,856,330"}, "12/31/2020": {"Duration": "12/31/2020", "Total Revenue": "42,518,000", "Cost of Revenue": "11,773,000", "Gross Profit": "30,745,000", "Operating Expense": "28,568,000", "Operating Income": "2,177,000", "Net Non Operating Interest Income Expense": "-1,420,000", "Other Income Expense": "-7,628,000", "Pretax Income": "-6,871,000", "Tax Provision": "2,124,000", "Net Income Common Stockholders": "-9,015,000", "Diluted NI Available to Com Stockholders": "-9,015,000", "Basic EPS": "-", "Diluted EPS": "-", "Basic Average Shares": "-", "Diluted Average Shares": "-", "Total Expenses": "40,341,000", "Net Income from Continuing & Discontinued Operation": "-9,015,000", "Normalized Income": "-1,292,330", "Interest Expense": "1,420,000", "Net Interest Income": "-1,420,000", "EBIT": "-5,451,000", "EBITDA": "-", "Reconciled Cost of Revenue": "11,081,000", "Reconciled Depreciation": "10,380,000", "Net Income from Continuing Operation Net Minority Interest": "-9,015,000", "Total Unusual Items Excluding Goodwill": "-10,579,000", "Total Unusual Items": "-10,579,000", "Normalized EBITDA": "15,508,000", "Tax Rate for Calcs": "0", "Tax Effect of Unusual Items": "-2,856,330"}, "12/31/2019": {"Duration": "12/31/2019", "Total Revenue": "26,145,000", "Cost of Revenue": "8,078,000", "Gross Profit": "18,067,000", "Operating Expense": "12,154,000", "Operating Income": "5,913,000", "Net Non Operating Interest Income Expense": "-656,000", "Other Income Expense": "-282,000", "Pretax Income": "4,975,000", "Tax Provision": "1,515,000", "Net Income Common Stockholders": "3,439,000", "Diluted NI Available to Com Stockholders": "3,439,000", "Basic EPS": "2.02", "Diluted EPS": "2.01", "Basic Average Shares": "1,705,000", "Diluted Average Shares": "1,712,000", "Total Expenses": "20,232,000", "Net Income from Continuing & Discontinued Operation": "3,439,000", "Normalized Income": "3,322,935", "Interest Expense": "656,000", "Net Interest Income": "-656,000", "EBIT": "5,631,000", "EBITDA": "-", "Reconciled Cost of Revenue": "7,467,000", "Reconciled Depreciation": "1,746,000", "Net Income from Continuing Operation Net Minority Interest": "3,439,000", "Total Unusual Items Excluding Goodwill": "167,000", "Total Unusual Items": "167,000", "Normalized EBITDA": "7,210,000", "Tax Rate for Calcs": "0", "Tax Effect of Unusual Items": "50,935"}, "12/31/2018": {"Duration": "12/31/2018", "Total Revenue": "22,561,000", "Cost of Revenue": "6,547,000", "Gross Profit": "16,014,000", "Operating Expense": "10,896,000", "Operating Income": "5,118,000", "Net Non Operating Interest Income Expense": "-183,000", "Other Income Expense": "1,033,000", "Pretax Income": "5,968,000", "Tax Provision": "1,021,000", "Net Income Common Stockholders": "4,920,000", "Diluted NI Available to Com Stockholders": "4,920,000", "Basic EPS": "3.03", "Diluted EPS": "3.03", "Basic Average Shares": "1,633,000", "Diluted Average Shares": "1,637,000", "Total Expenses": "17,443,000", "Net Income from Continuing & Discontinued Operation": "4,920,000", "Normalized Income": "4,853,680", "Interest Expense": "183,000", "Net Interest Income": "-183,000", "EBIT": "6,151,000", "EBITDA": "-", "Reconciled Cost of Revenue": "6,547,000", "Reconciled Depreciation": "637,000", "Net Income from Continuing Operation Net Minority Interest": "4,920,000", "Total Unusual Items Excluding Goodwill": "80,000", "Total Unusual Items": "80,000", "Normalized EBITDA": "6,708,000", "Tax Rate for Calcs": "0", "Tax Effect of Unusual Items": "13,680"}}, "bs": {"12/31/2020": {"Duration": "12/31/2020", "Total Assets": "118,481,000", "Total Liabilities Net Minority Interest": "80,599,000", "Total Equity Gross Minority Interest": "37,882,000", "Total Capitalization": "86,158,000", "Common Stock Equity": "37,822,000", "Capital Lease Obligations": "997,000", "Net Tangible Assets": "-35,968,000", "Working Capital": "11,112,000", "Invested Capital": "88,498,000", "Tangible Book Value": "-35,968,000", "Total Debt": "51,673,000", "Net Debt": "36,130,000", "Share Issued": "2,900,000", "Ordinary Shares Number": "2,221,000", "Preferred Shares Number": "3.568", "Treasury Shares Number": "679,000"}, "12/31/2019": {"Duration": "12/31/2019", "Total Assets": "129,944,000", "Total Liabilities Net Minority Interest": "78,246,000", "Total Equity Gross Minority Interest": "51,698,000", "Total Capitalization": "94,985,000", "Common Stock Equity": "51,598,000", "Capital Lease Obligations": "805,000", "Net Tangible Assets": "-34,859,000", "Working Capital": "11,050,000", "Invested Capital": "98,331,000", "Tangible Book Value": "-34,859,000", "Total Debt": "47,538,000", "Net Debt": "34,387,000", "Share Issued": "2,900,000", "Ordinary Shares Number": "2,228,000", "Preferred Shares Number": "3.568", "Treasury Shares Number": "672,000"}, "12/31/2018": {"Duration": "12/31/2018", "Total Assets": "34,986,000", "Total Liabilities Net Minority Interest": "20,859,000", "Total Equity Gross Minority Interest": "14,127,000", "Total Capitalization": "19,677,000", "Common Stock Equity": "14,031,000", "Capital Lease Obligations": "-", "Net Tangible Assets": "6,402,000", "Working Capital": "6,506,000", "Invested Capital": "21,380,000", "Tangible Book Value": "6,402,000", "Total Debt": "7,349,000", "Net Debt": "438,000", "Share Issued": "2,200,000", "Ordinary Shares Number": "1,624,000", "Preferred Shares Number": "3.59", "Treasury Shares Number": "576,000"}}, "cf": {"TTM": {"Duration": "TTM", "Operating Cash Flow": "14,052,000", "Investing Cash Flow": "-10,859,000", "Financing Cash Flow": "-1,151,000", "End Cash Position": "14,973,000", "Capital Expenditure": "-753,000", "Issuance of Debt": "6,945,000", "Repayment of Debt": "-2,750,000", "Repurchase of Capital Stock": "-1,546,000", "Free Cash Flow": "13,299,000"}, "12/31/2020": {"Duration": "12/31/2020", "Operating Cash Flow": "14,052,000", "Investing Cash Flow": "-10,859,000", "Financing Cash Flow": "-1,151,000", "End Cash Position": "14,973,000", "Capital Expenditure": "-753,000", "Issuance of Debt": "6,945,000", "Repayment of Debt": "-2,750,000", "Repurchase of Capital Stock": "-1,546,000", "Free Cash Flow": "13,299,000"}, "12/31/2019": {"Duration": "12/31/2019", "Operating Cash Flow": "8,067,000", "Investing Cash Flow": "-9,770,000", "Financing Cash Flow": "7,621,000", "End Cash Position": "12,820,000", "Capital Expenditure": "-836,000", "Issuance of Debt": "26,778,000", "Repayment of Debt": "-9,256,000", "Repurchase of Capital Stock": "-7,300,000", "Free Cash Flow": "7,231,000"}, "12/31/2018": {"Duration": "12/31/2018", "Operating Cash Flow": "5,940,000", "Investing Cash Flow": "-874,000", "Financing Cash Flow": "-3,535,000", "End Cash Position": "6,911,000", "Capital Expenditure": "-951,000", "Issuance of Debt": "0", "Repayment of Debt": "-5,000", "Repurchase of Capital Stock": "-320,000", "Free Cash Flow": "4,989,000"}}}}, {"PVCT": {"quote": {"05/11/2021": {"value": "0.0675", "Market Cap": "27.242M", "Beta (5Y Monthly)": "0.67", "PE Ratio (TTM)": "N/A", "EPS (TTM)": "-0.0170", "Earnings Date": "Aug 06, 2020 - Aug 10, 2020", "Forward Dividend & Yield": "N/A (N/A)", "Ex-Dividend Date": "N/A", "1y Target Est": "3.50"}}, "fin": {"TTM": {"Duration": "TTM", "Total Revenue": "0", "Operating Expense": "4,932", "Operating Income": "-4,932", "Net Non Operating Interest Income Expense": "-1,745", "Other Income Expense": "-1.273", "Pretax Income": "-6,678", "Net Income Common Stockholders": "-6,678", "Diluted NI Available to Com Stockholders": "-6,678", "Basic EPS": "-", "Diluted EPS": "-", "Basic Average Shares": "-", "Diluted Average Shares": "-", "Total Operating Income as Reported": "-4,964", "Rent Expense Supplemental": "32.755", "Total Expenses": "4,932", "Net Income from Continuing & Discontinued Operation": "-6,678", "Normalized Income": "-6,676", "Interest Income": "3.415", "Interest Expense": "1,748", "Net Interest Income": "-1,745", "EBIT": "-4,929", "EBITDA": "-4,688", "Reconciled Depreciation": "241.79", "Net Income from Continuing Operation Net Minority Interest": "-6,678", "Total Unusual Items Excluding Goodwill": "-1.273", "Total Unusual Items": "-1.273", "Normalized EBITDA": "-4,686", "Tax Rate for Calcs": "0", "Tax Effect of Unusual Items": "0"}, "12/31/2020": {"Duration": "12/31/2020", "Total Revenue": "0", "Operating Expense": "4,932", "Operating Income": "-4,932", "Net Non Operating Interest Income Expense": "-1,745", "Other Income Expense": "-1.273", "Pretax Income": "-6,678", "Net Income Common Stockholders": "-6,678", "Diluted NI Available to Com Stockholders": "-6,678", "Basic EPS": "-", "Diluted EPS": "-", "Basic Average Shares": "-", "Diluted Average Shares": "-", "Total Operating Income as Reported": "-4,964", "Rent Expense Supplemental": "32.755", "Total Expenses": "4,932", "Net Income from Continuing & Discontinued Operation": "-6,678", "Normalized Income": "-6,676", "Interest Income": "3.415", "Interest Expense": "1,748", "Net Interest Income": "-1,745", "EBIT": "-4,929", "EBITDA": "-", "Reconciled Depreciation": "241.79", "Net Income from Continuing Operation Net Minority Interest": "-6,678", "Total Unusual Items Excluding Goodwill": "-1.273", "Total Unusual Items": "-1.273", "Normalized EBITDA": "-4,686", "Tax Rate for Calcs": "0", "Tax Effect of Unusual Items": "0"}, "12/31/2019": {"Duration": "12/31/2019", "Total Revenue": "0", "Operating Expense": "6,166", "Operating Income": "-6,166", "Net Non Operating Interest Income Expense": "-1,432", "Other Income Expense": "675", "Pretax Income": "-6,923", "Net Income Common Stockholders": "-6,923", "Diluted NI Available to Com Stockholders": "-6,923", "Basic EPS": "-0.02", "Diluted EPS": "-0.02", "Basic Average Shares": "386,594", "Diluted Average Shares": "386,594", "Total Operating Income as Reported": "-6,300", "Rent Expense Supplemental": "-", "Total Expenses": "6,166", "Net Income from Continuing & Discontinued Operation": "-6,923", "Normalized Income": "-7,598", "Interest Income": "23.162", "Interest Expense": "1,455", "Net Interest Income": "-1,432", "EBIT": "-5,467", "EBITDA": "-", "Reconciled Depreciation": "685.212", "Net Income from Continuing Operation Net Minority Interest": "-6,923", "Total Unusual Items Excluding Goodwill": "675", "Total Unusual Items": "675", "Normalized EBITDA": "-5,457", "Tax Rate for Calcs": "0", "Tax Effect of Unusual Items": "0"}, "12/31/2018": {"Duration": "12/31/2018", "Total Revenue": "0", "Operating Expense": "8,028", "Operating Income": "-8,028", "Net Non Operating Interest Income Expense": "-950.155", "Other Income Expense": "825", "Pretax Income": "-8,153", "Net Income Common Stockholders": "-8,153", "Diluted NI Available to Com Stockholders": "-8,153", "Basic EPS": "-0.02", "Diluted EPS": "-0.02", "Basic Average Shares": "382,338", "Diluted Average Shares": "382,338", "Total Operating Income as Reported": "-", "Rent Expense Supplemental": "-", "Total Expenses": "8,028", "Net Income from Continuing & Discontinued Operation": "-8,153", "Normalized Income": "-8,978", "Interest Income": "19.56", "Interest Expense": "969.715", "Net Interest Income": "-950.155", "EBIT": "-7,183", "EBITDA": "-", "Reconciled Depreciation": "685.213", "Net Income from Continuing Operation Net Minority Interest": "-8,153", "Total Unusual Items Excluding Goodwill": "825", "Total Unusual Items": "825", "Normalized EBITDA": "-7,323", "Tax Rate for Calcs": "0", "Tax Effect of Unusual Items": "0"}}, "bs": {"12/31/2020": {"Duration": "12/31/2020", "Total Assets": "589.201", "Total Liabilities Net Minority Interest": "30,796", "Total Equity Gross Minority Interest": "-30,206", "Total Capitalization": "-30,167", "Common Stock Equity": "-30,206", "Capital Lease Obligations": "129.166", "Net Tangible Assets": "-30,206", "Working Capital": "-30,288", "Invested Capital": "-6,539", "Tangible Book Value": "-30,206", "Total Debt": "23,796", "Net Debt": "23,570", "Share Issued": "398,807", "Ordinary Shares Number": "398,807"}, "12/31/2019": {"Duration": "12/31/2019", "Total Assets": "1,477", "Total Liabilities Net Minority Interest": "25,549", "Total Equity Gross Minority Interest": "-24,072", "Total Capitalization": "-4,405", "Common Stock Equity": "-24,072", "Capital Lease Obligations": "207.081", "Net Tangible Assets": "-24,300", "Working Capital": "-2,027", "Invested Capital": "-3,905", "Tangible Book Value": "-24,300", "Total Debt": "20,374", "Net Debt": "19,576", "Share Issued": "389,889", "Ordinary Shares Number": "389,889"}, "12/31/2018": {"Duration": "12/31/2018", "Total Assets": "1,988", "Total Liabilities Net Minority Interest": "19,406", "Total Equity Gross Minority Interest": "-17,417", "Total Capitalization": "-3,485", "Common Stock Equity": "-17,417", "Capital Lease Obligations": "-", "Net Tangible Assets": "-18,317", "Working Capital": "-3,086", "Invested Capital": "-3,485", "Tangible Book Value": "-18,317", "Total Debt": "13,932", "Net Debt": "13,881", "Share Issued": "384,615", "Ordinary Shares Number": "384,615"}}, "cf": {"TTM": {"Duration": "TTM", "Operating Cash Flow": "-4,086", "Investing Cash Flow": "-", "Financing Cash Flow": "3,600", "End Cash Position": "97.231", "Income Tax Paid Supplemental Data": "0", "Interest Paid Supplemental Data": "0", "Capital Expenditure": "-", "Issuance of Capital Stock": "-", "Issuance of Debt": "3,288", "Repayment of Debt": "-105.985", "Free Cash Flow": "-4,086"}, "12/31/2020": {"Duration": "12/31/2020", "Operating Cash Flow": "-4,086", "Investing Cash Flow": "-", "Financing Cash Flow": "3,600", "End Cash Position": "97.231", "Income Tax Paid Supplemental Data": "0", "Interest Paid Supplemental Data": "0", "Capital Expenditure": "-", "Issuance of Capital Stock": "-", "Issuance of Debt": "3,288", "Repayment of Debt": "-105.985", "Free Cash Flow": "-4,086"}, "12/31/2019": {"Duration": "12/31/2019", "Operating Cash Flow": "-6,190", "Investing Cash Flow": "-", "Financing Cash Flow": "6,754", "End Cash Position": "590.706", "Income Tax Paid Supplemental Data": "0", "Interest Paid Supplemental Data": "0", "Capital Expenditure": "-", "Issuance of Capital Stock": "-", "Issuance of Debt": "6,485", "Repayment of Debt": "-", "Free Cash Flow": "-6,190"}, "12/31/2018": {"Duration": "12/31/2018", "Operating Cash Flow": "-5,205", "Investing Cash Flow": "0", "Financing Cash Flow": "5,150", "End Cash Position": "50.986", "Income Tax Paid Supplemental Data": "-", "Interest Paid Supplemental Data": "-", "Capital Expenditure": "-", "Issuance of Capital Stock": "-", "Issuance of Debt": "4,476", "Repayment of Debt": "-", "Free Cash Flow": "-5,205"}}}}, {"BSPM": {"quote": {"05/11/2021": {"value": "0.1500", "Market Cap": "316,462", "Beta (5Y Monthly)": "1.50", "PE Ratio (TTM)": "0.44", "EPS (TTM)": "0.3400", "Earnings Date": "Apr 13, 2018 - Apr 16, 2018", "Forward Dividend & Yield": "N/A (N/A)", "Ex-Dividend Date": "N/A", "1y Target Est": "7.00"}}, "fin": {}, "bs": {}, "cf": {}}}, {"MRK": {"quote": {"05/11/2021": {"value": "77.46", "Market Cap": "196.133B", "Beta (5Y Monthly)": "0.41", "PE Ratio (TTM)": "27.97", "EPS (TTM)": "2.77", "Earnings Date": "Jul 29, 2021", "Forward Dividend & Yield": "2.60 (3.33%)", "Ex-Dividend Date": "Mar 12, 2021", "1y Target Est": "94.02"}}, "fin": {"TTM": {"Duration": "TTM", "Total Revenue": "47,994,000", "Cost of Revenue": "15,485,000", "Gross Profit": "32,509,000", "Operating Expense": "24,026,000", "Operating Income": "8,483,000", "Net Non Operating Interest Income Expense": "-772,000", "Other Income Expense": "1,080,000", "Pretax Income": "8,791,000", "Tax Provision": "1,709,000", "Net Income Common Stockholders": "7,067,000", "Diluted NI Available to Com Stockholders": "7,067,000", "Basic EPS": "-", "Diluted EPS": "-", "Basic Average Shares": "-", "Diluted Average Shares": "-", "Total Expenses": "39,511,000", "Net Income from Continuing & Discontinued Operation": "7,067,000", "Normalized Income": "6,571,310", "Interest Income": "59,000", "Interest Expense": "831,000", "Net Interest Income": "-772,000", "EBIT": "9,622,000", "EBITDA": "13,247,000", "Reconciled Cost of Revenue": "15,485,000", "Reconciled Depreciation": "3,625,000", "Net Income from Continuing Operation Net Minority Interest": "7,067,000", "Total Unusual Items Excluding Goodwill": "615,000", "Total Unusual Items": "615,000", "Normalized EBITDA": "12,632,000", "Tax Rate for Calcs": "0", "Tax Effect of Unusual Items": "119,310"}, "12/31/2020": {"Duration": "12/31/2020", "Total Revenue": "47,994,000", "Cost of Revenue": "15,485,000", "Gross Profit": "32,509,000", "Operating Expense": "24,026,000", "Operating Income": "8,483,000", "Net Non Operating Interest Income Expense": "-772,000", "Other Income Expense": "1,080,000", "Pretax Income": "8,791,000", "Tax Provision": "1,709,000", "Net Income Common Stockholders": "7,067,000", "Diluted NI Available to Com Stockholders": "7,067,000", "Basic EPS": "-", "Diluted EPS": "-", "Basic Average Shares": "-", "Diluted Average Shares": "-", "Total Expenses": "39,511,000", "Net Income from Continuing & Discontinued Operation": "7,067,000", "Normalized Income": "6,571,310", "Interest Income": "59,000", "Interest Expense": "831,000", "Net Interest Income": "-772,000", "EBIT": "9,622,000", "EBITDA": "-", "Reconciled Cost of Revenue": "15,485,000", "Reconciled Depreciation": "3,625,000", "Net Income from Continuing Operation Net Minority Interest": "7,067,000", "Total Unusual Items Excluding Goodwill": "615,000", "Total Unusual Items": "615,000", "Normalized EBITDA": "12,632,000", "Tax Rate for Calcs": "0", "Tax Effect of Unusual Items": "119,310"}, "12/31/2019": {"Duration": "12/31/2019", "Total Revenue": "46,840,000", "Cost of Revenue": "14,112,000", "Gross Profit": "32,728,000", "Operating Expense": "20,487,000", "Operating Income": "12,241,000", "Net Non Operating Interest Income Expense": "-619,000", "Other Income Expense": "-158,000", "Pretax Income": "11,464,000", "Tax Provision": "1,687,000", "Net Income Common Stockholders": "9,843,000", "Diluted NI Available to Com Stockholders": "9,843,000", "Basic EPS": "3.88", "Diluted EPS": "3.81", "Basic Average Shares": "2,539,016", "Diluted Average Shares": "2,580,000", "Total Expenses": "34,599,000", "Net Income from Continuing & Discontinued Operation": "9,843,000", "Normalized Income": "10,401,715", "Interest Income": "274,000", "Interest Expense": "893,000", "Net Interest Income": "-619,000", "EBIT": "12,357,000", "EBITDA": "-", "Reconciled Cost of Revenue": "14,112,000", "Reconciled Depreciation": "3,652,000", "Net Income from Continuing Operation Net Minority Interest": "9,843,000", "Total Unusual Items Excluding Goodwill": "-655,000", "Total Unusual Items": "-655,000", "Normalized EBITDA": "16,664,000", "Tax Rate for Calcs": "0", "Tax Effect of Unusual Items": "-96,285"}, "12/31/2018": {"Duration": "12/31/2018", "Total Revenue": "42,294,000", "Cost of Revenue": "13,509,000", "Gross Profit": "28,785,000", "Operating Expense": "19,854,000", "Operating Income": "8,931,000", "Net Non Operating Interest Income Expense": "-429,000", "Other Income Expense": "199,000", "Pretax Income": "8,701,000", "Tax Provision": "2,508,000", "Net Income Common Stockholders": "6,220,000", "Diluted NI Available to Com Stockholders": "6,220,000", "Basic EPS": "2.40", "Diluted EPS": "2.32", "Basic Average Shares": "2,592,560", "Diluted Average Shares": "2,679,000", "Total Expenses": "33,363,000", "Net Income from Continuing & Discontinued Operation": "6,220,000", "Normalized Income": "6,542,536", "Interest Income": "343,000", "Interest Expense": "772,000", "Net Interest Income": "-429,000", "EBIT": "9,473,000", "EBITDA": "-", "Reconciled Cost of Revenue": "13,509,000", "Reconciled Depreciation": "4,519,000", "Net Income from Continuing Operation Net Minority Interest": "6,220,000", "Total Unusual Items Excluding Goodwill": "-453,000", "Total Unusual Items": "-453,000", "Normalized EBITDA": "14,445,000", "Tax Rate for Calcs": "0", "Tax Effect of Unusual Items": "-130,464"}}, "bs": {"12/31/2020": {"Duration": "12/31/2020", "Total Assets": "91,588,000", "Total Liabilities Net Minority Interest": "66,184,000", "Total Equity Gross Minority Interest": "25,404,000", "Total Capitalization": "50,677,000", "Common Stock Equity": "25,317,000", "Net Tangible Assets": "-9,525,000", "Working Capital": "437,000", "Invested Capital": "57,108,000", "Tangible Book Value": "-9,525,000", "Total Debt": "31,791,000", "Net Debt": "23,729,000", "Share Issued": "3,577,104", "Ordinary Shares Number": "2,530,226", "Treasury Shares Number": "1,046,878"}, "12/31/2019": {"Duration": "12/31/2019", "Total Assets": "84,397,000", "Total Liabilities Net Minority Interest": "58,396,000", "Total Equity Gross Minority Interest": "26,001,000", "Total Capitalization": "48,643,000", "Common Stock Equity": "25,907,000", "Net Tangible Assets": "-7,714,000", "Working Capital": "5,263,000", "Invested Capital": "52,253,000", "Tangible Book Value": "-7,714,000", "Total Debt": "26,346,000", "Net Debt": "16,670,000", "Share Issued": "3,577,104", "Ordinary Shares Number": "2,539,016", "Treasury Shares Number": "1,038,087"}, "12/31/2018": {"Duration": "12/31/2018", "Total Assets": "82,637,000", "Total Liabilities Net Minority Interest": "55,755,000", "Total Equity Gross Minority Interest": "26,882,000", "Total Capitalization": "46,507,000", "Common Stock Equity": "26,701,000", "Net Tangible Assets": "-2,983,000", "Working Capital": "3,669,000", "Invested Capital": "51,815,000", "Tangible Book Value": "-2,983,000", "Total Debt": "25,114,000", "Net Debt": "17,149,000", "Share Issued": "3,577,104", "Ordinary Shares Number": "2,592,560", "Treasury Shares Number": "984,544"}}, "cf": {"TTM": {"Duration": "TTM", "Operating Cash Flow": "10,253,000", "Investing Cash Flow": "-9,443,000", "Financing Cash Flow": "-2,832,000", "End Cash Position": "8,165,000", "Capital Expenditure": "-4,684,000", "Issuance of Debt": "4,419,000", "Repayment of Debt": "-1,957,000", "Repurchase of Capital Stock": "-1,281,000", "Free Cash Flow": "5,569,000"}, "12/31/2020": {"Duration": "12/31/2020", "Operating Cash Flow": "10,253,000", "Investing Cash Flow": "-9,443,000", "Financing Cash Flow": "-2,832,000", "End Cash Position": "8,165,000", "Capital Expenditure": "-4,684,000", "Issuance of Debt": "4,419,000", "Repayment of Debt": "-1,957,000", "Repurchase of Capital Stock": "-1,281,000", "Free Cash Flow": "5,569,000"}, "12/31/2019": {"Duration": "12/31/2019", "Operating Cash Flow": "13,440,000", "Investing Cash Flow": "-2,629,000", "Financing Cash Flow": "-8,861,000", "End Cash Position": "9,934,000", "Capital Expenditure": "-3,473,000", "Issuance of Debt": "4,958,000", "Repayment of Debt": "0", "Repurchase of Capital Stock": "-4,780,000", "Free Cash Flow": "9,967,000"}, "12/31/2018": {"Duration": "12/31/2018", "Operating Cash Flow": "10,922,000", "Investing Cash Flow": "4,314,000", "Financing Cash Flow": "-13,160,000", "End Cash Position": "7,967,000", "Capital Expenditure": "-2,615,000", "Issuance of Debt": "0", "Repayment of Debt": "-4,287,000", "Repurchase of Capital Stock": "-9,091,000", "Free Cash Flow": "8,307,000"}}}}, {"TNXP": {"quote": {"03/26/2021": {"value": "1.2700", "Market Cap": "411.376M", "Beta (5Y Monthly)": "1.34", "PE Ratio (TTM)": "N/A", "EPS (TTM)": "-0.5520", "Earnings Date": "May 10, 2021 - May 14, 2021", "Forward Dividend & Yield": "N/A (N/A)", "Ex-Dividend Date": "N/A", "1y Target Est": "3.75"}, "04/25/2021": {"value": "1.0400", "Market Cap": "332.016M", "Beta (5Y Monthly)": "1.38", "PE Ratio (TTM)": "N/A", "EPS (TTM)": "-0.5520", "Earnings Date": "May 10, 2021 - May 14, 2021", "Forward Dividend & Yield": "N/A (N/A)", "Ex-Dividend Date": "N/A", "1y Target Est": "3.88"}}, "fin": {"TTM": {"Duration": "TTM", "Total Revenue": "0", "Operating Expense": "50,511", "Operating Income": "-50,511", "Net Non Operating Interest Income Expense": "48", "Pretax Income": "-50,463", "Net Income Common Stockholders": "-52,174", "Diluted NI Available to Com Stockholders": "-52,174", "Basic EPS": "-", "Diluted EPS": "-", "Basic Average Shares": "-", "Diluted Average Shares": "-", "Total Operating Income as Reported": "-50,511", "Total Expenses": "50,511", "Interest Income": "48", "Net Interest Income": "48", "Net Income from Continuing & Discontinued Operation": "-50,463", "Normalized Income": "-50,463", "EBIT": "-50,511", "EBITDA": "-50,484", "Reconciled Depreciation": "27", "Net Income from Continuing Operation Net Minority Interest": "-50,463", "Normalized EBITDA": "-50,484", "Tax Rate for Calcs": "0", "Tax Effect of Unusual Items": "0"}, "12/31/2020": {"Duration": "12/31/2020", "Total Revenue": "0", "Operating Expense": "50,511", "Operating Income": "-50,511", "Net Non Operating Interest Income Expense": "48", "Pretax Income": "-50,463", "Net Income Common Stockholders": "-52,174", "Diluted NI Available to Com Stockholders": "-52,174", "Basic EPS": "-", "Diluted EPS": "-", "Basic Average Shares": "-", "Diluted Average Shares": "-", "Total Operating Income as Reported": "-50,511", "Total Expenses": "50,511", "Interest Income": "48", "Net Interest Income": "48", "Net Income from Continuing & Discontinued Operation": "-50,463", "Normalized Income": "-50,463", "EBIT": "-50,511", "EBITDA": "-", "Reconciled Depreciation": "27", "Net Income from Continuing Operation Net Minority Interest": "-50,463", "Normalized EBITDA": "-50,484", "Tax Rate for Calcs": "0", "Tax Effect of Unusual Items": "0"}, "12/31/2019": {"Duration": "12/31/2019", "Total Revenue": "0", "Operating Expense": "28,828", "Operating Income": "-28,828", "Net Non Operating Interest Income Expense": "210", "Pretax Income": "-28,618", "Net Income Common Stockholders": "-31,092", "Diluted NI Available to Com Stockholders": "-31,092", "Basic EPS": "-19.33", "Diluted EPS": "-19.33", "Basic Average Shares": "1,609", "Diluted Average Shares": "1,609", "Total Operating Income as Reported": "-28,828", "Total Expenses": "28,828", "Interest Income": "210", "Net Interest Income": "210", "Net Income from Continuing & Discontinued Operation": "-28,618", "Normalized Income": "-28,618", "EBIT": "-28,828", "EBITDA": "-", "Reconciled Depreciation": "26", "Net Income from Continuing Operation Net Minority Interest": "-28,618", "Normalized EBITDA": "-28,802", "Tax Rate for Calcs": "0", "Tax Effect of Unusual Items": "0"}, "12/31/2018": {"Duration": "12/31/2018", "Total Revenue": "0", "Operating Expense": "26,322", "Operating Income": "-26,322", "Net Non Operating Interest Income Expense": "233", "Pretax Income": "-26,089", "Net Income Common Stockholders": "-29,355", "Diluted NI Available to Com Stockholders": "-29,355", "Basic EPS": "-268.10", "Diluted EPS": "-268.10", "Basic Average Shares": "109.486", "Diluted Average Shares": "109.486", "Total Operating Income as Reported": "-26,322", "Total Expenses": "26,322", "Interest Income": "233", "Net Interest Income": "233", "Net Income from Continuing & Discontinued Operation": "-26,089", "Normalized Income": "-26,089", "EBIT": "-26,322", "EBITDA": "-", "Reconciled Depreciation": "54", "Net Income from Continuing Operation Net Minority Interest": "-26,089", "Normalized EBITDA": "-26,268", "Tax Rate for Calcs": "0", "Tax Effect of Unusual Items": "0"}}, "bs": {"12/31/2020": {"Duration": "12/31/2020", "Total Assets": "98,183", "Total Liabilities Net Minority Interest": "10,535", "Total Equity Gross Minority Interest": "87,648", "Total Capitalization": "87,648", "Common Stock Equity": "87,648", "Capital Lease Obligations": "1,311", "Net Tangible Assets": "87,528", "Working Capital": "78,170", "Invested Capital": "87,648", "Tangible Book Value": "87,528", "Total Debt": "1,311", "Share Issued": "206,009", "Ordinary Shares Number": "206,009"}, "12/31/2019": {"Duration": "12/31/2019", "Total Assets": "14,558", "Total Liabilities Net Minority Interest": "5,141", "Total Equity Gross Minority Interest": "9,417", "Total Capitalization": "9,417", "Common Stock Equity": "9,417", "Capital Lease Obligations": "358", "Net Tangible Assets": "9,297", "Working Capital": "8,813", "Invested Capital": "9,417", "Tangible Book Value": "9,297", "Total Debt": "358", "Share Issued": "8,532", "Ordinary Shares Number": "8,532"}, "12/31/2018": {"Duration": "12/31/2018", "Total Assets": "26,319", "Total Liabilities Net Minority Interest": "2,655", "Total Equity Gross Minority Interest": "23,664", "Total Capitalization": "23,664", "Common Stock Equity": "23,664", "Capital Lease Obligations": "-", "Net Tangible Assets": "23,544", "Working Capital": "23,401", "Invested Capital": "23,664", "Tangible Book Value": "23,544", "Total Debt": "-", "Share Issued": "325.197", "Ordinary Shares Number": "325.197"}}, "cf": {"TTM": {"Duration": "TTM", "Operating Cash Flow": "-48,566", "Investing Cash Flow": "-8,564", "Financing Cash Flow": "123,105", "End Cash Position": "77,308", "Income Tax Paid Supplemental Data": "-", "Capital Expenditure": "-8,564", "Issuance of Capital Stock": "113,207", "Free Cash Flow": "-57,130"}, "12/31/2020": {"Duration": "12/31/2020", "Operating Cash Flow": "-48,566", "Investing Cash Flow": "-8,564", "Financing Cash Flow": "123,105", "End Cash Position": "77,308", "Income Tax Paid Supplemental Data": "-", "Capital Expenditure": "-8,564", "Issuance of Capital Stock": "113,207", "Free Cash Flow": "-57,130"}, "12/31/2019": {"Duration": "12/31/2019", "Operating Cash Flow": "-26,683", "Investing Cash Flow": "-17", "Financing Cash Flow": "12,919", "End Cash Position": "11,349", "Income Tax Paid Supplemental Data": "0", "Capital Expenditure": "-17", "Issuance of Capital Stock": "12,849", "Free Cash Flow": "-26,700"}, "12/31/2018": {"Duration": "12/31/2018", "Operating Cash Flow": "-23,971", "Investing Cash Flow": "-6", "Financing Cash Flow": "23,539", "End Cash Position": "25,134", "Income Tax Paid Supplemental Data": "82", "Capital Expenditure": "-6", "Issuance of Capital Stock": "23,539", "Free Cash Flow": "-23,977"}}}}, {"CPHI": {"quote": {"05/11/2021": {"value": "0.5820", "Market Cap": "26.527M", "Beta (5Y Monthly)": "0.13", "PE Ratio (TTM)": "N/A", "EPS (TTM)": "-0.0660", "Earnings Date": "Nov 13, 2020", "Forward Dividend & Yield": "N/A (N/A)", "Ex-Dividend Date": "N/A", "1y Target Est": "3.00"}}, "fin": {"TTM": {"Duration": "TTM", "Total Revenue": "10,866", "Cost of Revenue": "8,914", "Gross Profit": "1,953", "Operating Expense": "4,416", "Operating Income": "-2,463", "Net Non Operating Interest Income Expense": "-288.484", "Other Income Expense": "-115.186", "Pretax Income": "-2,867", "Tax Provision": "0", "Net Income Common Stockholders": "-2,867", "Diluted NI Available to Com Stockholders": "-2,867", "Basic EPS": "-", "Diluted EPS": "-", "Basic Average Shares": "-", "Diluted Average Shares": "-", "Total Operating Income as Reported": "-2,578", "Total Expenses": "13,330", "Net Income from Continuing & Discontinued Operation": "-2,867", "Normalized Income": "-2,752", "Interest Income": "5.675", "Interest Expense": "294.159", "Net Interest Income": "-288.484", "EBIT": "-2,573", "EBITDA": "106.852", "Reconciled Cost of Revenue": "8,914", "Reconciled Depreciation": "2,679", "Net Income from Continuing Operation Net Minority Interest": "-2,867", "Total Unusual Items Excluding Goodwill": "-115.186", "Total Unusual Items": "-115.186", "Normalized EBITDA": "222.038", "Tax Rate for Calcs": "0", "Tax Effect of Unusual Items": "0"}, "12/31/2020": {"Duration": "12/31/2020", "Total Revenue": "10,866", "Cost of Revenue": "8,914", "Gross Profit": "1,953", "Operating Expense": "4,416", "Operating Income": "-2,463", "Net Non Operating Interest Income Expense": "-288.484", "Other Income Expense": "-115.186", "Pretax Income": "-2,867", "Tax Provision": "0", "Net Income Common Stockholders": "-2,867", "Diluted NI Available to Com Stockholders": "-2,867", "Basic EPS": "-", "Diluted EPS": "-", "Basic Average Shares": "-", "Diluted Average Shares": "-", "Total Operating Income as Reported": "-2,578", "Total Expenses": "13,330", "Net Income from Continuing & Discontinued Operation": "-2,867", "Normalized Income": "-2,752", "Interest Income": "5.675", "Interest Expense": "294.159", "Net Interest Income": "-288.484", "EBIT": "-2,573", "EBITDA": "-", "Reconciled Cost of Revenue": "8,914", "Reconciled Depreciation": "2,679", "Net Income from Continuing Operation Net Minority Interest": "-2,867", "Total Unusual Items Excluding Goodwill": "-115.186", "Total Unusual Items": "-115.186", "Normalized EBITDA": "222.038", "Tax Rate for Calcs": "0", "Tax Effect of Unusual Items": "0"}, "12/31/2019": {"Duration": "12/31/2019", "Total Revenue": "10,924", "Cost of Revenue": "9,442", "Gross Profit": "1,482", "Operating Expense": "4,872", "Operating Income": "-3,390", "Net Non Operating Interest Income Expense": "-294.191", "Other Income Expense": "-17,018", "Pretax Income": "-20,702", "Tax Provision": "0", "Net Income Common Stockholders": "-20,702", "Diluted NI Available to Com Stockholders": "-20,702", "Basic EPS": "-0.48", "Diluted EPS": "-0.48", "Basic Average Shares": "43,580", "Diluted Average Shares": "43,580", "Total Operating Income as Reported": "-20,408", "Total Expenses": "14,314", "Net Income from Continuing & Discontinued Operation": "-20,702", "Normalized Income": "-3,684", "Interest Income": "27.527", "Interest Expense": "321.718", "Net Interest Income": "-294.191", "EBIT": "-20,380", "EBITDA": "-", "Reconciled Cost of Revenue": "9,442", "Reconciled Depreciation": "2,929", "Net Income from Continuing Operation Net Minority Interest": "-20,702", "Total Unusual Items Excluding Goodwill": "-17,018", "Total Unusual Items": "-17,018", "Normalized EBITDA": "-433.257", "Tax Rate for Calcs": "0", "Tax Effect of Unusual Items": "0"}, "12/31/2018": {"Duration": "12/31/2018", "Total Revenue": "12,331", "Cost of Revenue": "10,356", "Gross Profit": "1,975", "Operating Expense": "5,339", "Operating Income": "-3,364", "Net Non Operating Interest Income Expense": "-412.742", "Other Income Expense": "-7,083", "Pretax Income": "-10,860", "Tax Provision": "-109.989", "Net Income Common Stockholders": "-10,750", "Diluted NI Available to Com Stockholders": "-10,750", "Basic EPS": "-0.25", "Diluted EPS": "-0.25", "Basic Average Shares": "43,580", "Diluted Average Shares": "43,580", "Total Operating Income as Reported": "-10,447", "Total Expenses": "15,695", "Net Income from Continuing & Discontinued Operation": "-10,750", "Normalized Income": "-3,738", "Interest Income": "38.516", "Interest Expense": "451.258", "Net Interest Income": "-412.742", "EBIT": "-10,409", "EBITDA": "-", "Reconciled Cost of Revenue": "10,356", "Reconciled Depreciation": "3,259", "Net Income from Continuing Operation Net Minority Interest": "-10,750", "Total Unusual Items Excluding Goodwill": "-7,083", "Total Unusual Items": "-7,083", "Normalized EBITDA": "-66.714", "Tax Rate for Calcs": "0", "Tax Effect of Unusual Items": "-71.7394"}}, "bs": {"12/31/2020": {"Duration": "12/31/2020", "Total Assets": "21,118", "Total Liabilities Net Minority Interest": "13,113", "Total Equity Gross Minority Interest": "8,005", "Total Capitalization": "8,909", "Common Stock Equity": "8,005", "Capital Lease Obligations": "52.07", "Net Tangible Assets": "7,391", "Working Capital": "-6,082", "Invested Capital": "15,380", "Tangible Book Value": "7,391", "Total Debt": "7,428", "Net Debt": "6,418", "Share Issued": "45,580", "Ordinary Shares Number": "45,580"}, "12/31/2019": {"Duration": "12/31/2019", "Total Assets": "22,235", "Total Liabilities Net Minority Interest": "12,998", "Total Equity Gross Minority Interest": "9,238", "Total Capitalization": "11,388", "Common Stock Equity": "9,238", "Capital Lease Obligations": "140.007", "Net Tangible Assets": "8,628", "Working Capital": "-4,466", "Invested Capital": "13,648", "Tangible Book Value": "8,628", "Total Debt": "4,550", "Net Debt": "3,335", "Share Issued": "43,580", "Ordinary Shares Number": "43,580"}, "12/31/2018": {"Duration": "12/31/2018", "Total Assets": "45,377", "Total Liabilities Net Minority Interest": "15,179", "Total Equity Gross Minority Interest": "30,199", "Total Capitalization": "34,561", "Common Stock Equity": "30,199", "Capital Lease Obligations": "-", "Net Tangible Assets": "29,523", "Working Capital": "-1,305", "Invested Capital": "38,017", "Tangible Book Value": "29,523", "Total Debt": "7,818", "Net Debt": "6,631", "Share Issued": "43,580", "Ordinary Shares Number": "43,580"}}, "cf": {"TTM": {"Duration": "TTM", "Operating Cash Flow": "-42.26", "Investing Cash Flow": "-867.307", "Financing Cash Flow": "624.177", "End Cash Position": "957.653", "Income Tax Paid Supplemental Data": "0", "Interest Paid Supplemental Data": "237.53", "Capital Expenditure": "-867.307", "Issuance of Debt": "3,063", "Repayment of Debt": "-2,247", "Free Cash Flow": "-909.567"}, "12/31/2020": {"Duration": "12/31/2020", "Operating Cash Flow": "-42.26", "Investing Cash Flow": "-867.307", "Financing Cash Flow": "624.177", "End Cash Position": "957.653", "Income Tax Paid Supplemental Data": "0", "Interest Paid Supplemental Data": "237.53", "Capital Expenditure": "-867.307", "Issuance of Debt": "3,063", "Repayment of Debt": "-2,247", "Free Cash Flow": "-909.567"}, "12/31/2019": {"Duration": "12/31/2019", "Operating Cash Flow": "608.312", "Investing Cash Flow": "-136.003", "Financing Cash Flow": "-1,729", "End Cash Position": "1,185", "Income Tax Paid Supplemental Data": "0", "Interest Paid Supplemental Data": "299.164", "Capital Expenditure": "-136.003", "Issuance of Debt": "691.459", "Repayment of Debt": "-2,174", "Free Cash Flow": "472.309"}, "12/31/2018": {"Duration": "12/31/2018", "Operating Cash Flow": "1,257", "Investing Cash Flow": "-51.145", "Financing Cash Flow": "-1,976", "End Cash Position": "1,187", "Income Tax Paid Supplemental Data": "0", "Interest Paid Supplemental Data": "588.191", "Capital Expenditure": "-51.145", "Issuance of Debt": "287.423", "Repayment of Debt": "-2,264", "Free Cash Flow": "1,206"}}}}, {"GSK": {"quote": {"05/11/2021": {"value": "38.19", "Market Cap": "94.65B", "Beta (5Y Monthly)": "0.36", "PE Ratio (TTM)": "13.05", "EPS (TTM)": "2.93", "Earnings Date": "Feb 01, 2017 - Feb 06, 2017", "Forward Dividend & Yield": "2.17 (5.64%)", "Ex-Dividend Date": "May 20, 2021", "1y Target Est": "47.27"}}, "fin": {"TTM": {"Duration": "TTM", "Total Revenue": "34,099,000", "Cost of Revenue": "11,704,000", "Gross Profit": "22,395,000", "Operating Expense": "16,171,000", "Operating Income": "6,224,000", "Net Non Operating Interest Income Expense": "-850,000", "Pretax Income": "6,968,000", "Tax Provision": "580,000", "Net Income Common Stockholders": "5,749,000", "Diluted NI Available to Com Stockholders": "5,749,000", "Basic EPS": "-", "Diluted EPS": "-", "Basic Average Shares": "-", "Diluted Average Shares": "-", "Total Operating Income as Reported": "7,783,000", "Rent Expense Supplemental": "27,000", "Total Expenses": "27,875,000", "Net Income from Continuing & Discontinued Operation": "5,749,000", "Normalized Income": "4,317,563", "Interest Income": "29,000", "Interest Expense": "856,000", "Net Interest Income": "-850,000", "EBIT": "7,824,000", "EBITDA": "10,175,000", "Reconciled Cost of Revenue": "11,704,000", "Reconciled Depreciation": "2,351,000", "Net Income from Continuing Operation Net Minority Interest": "5,749,000", "Total Unusual Items Excluding Goodwill": "1,561,000", "Total Unusual Items": "1,561,000", "Normalized EBITDA": "8,614,000", "Tax Rate for Calcs": "0", "Tax Effect of Unusual Items": "129,563"}, "12/31/2020": {"Duration": "12/31/2020", "Total Revenue": "34,099,000", "Cost of Revenue": "11,704,000", "Gross Profit": "22,395,000", "Operating Expense": "16,171,000", "Operating Income": "6,224,000", "Net Non Operating Interest Income Expense": "-850,000", "Pretax Income": "6,968,000", "Tax Provision": "580,000", "Net Income Common Stockholders": "5,749,000", "Diluted NI Available to Com Stockholders": "5,749,000", "Basic EPS": "-", "Diluted EPS": "-", "Basic Average Shares": "-", "Diluted Average Shares": "-", "Total Operating Income as Reported": "7,783,000", "Rent Expense Supplemental": "27,000", "Total Expenses": "27,875,000", "Net Income from Continuing & Discontinued Operation": "5,749,000", "Normalized Income": "4,317,563", "Interest Income": "29,000", "Interest Expense": "856,000", "Net Interest Income": "-850,000", "EBIT": "7,824,000", "EBITDA": "-", "Reconciled Cost of Revenue": "11,704,000", "Reconciled Depreciation": "2,351,000", "Net Income from Continuing Operation Net Minority Interest": "5,749,000", "Total Unusual Items Excluding Goodwill": "1,561,000", "Total Unusual Items": "1,561,000", "Normalized EBITDA": "8,614,000", "Tax Rate for Calcs": "0", "Tax Effect of Unusual Items": "129,563"}, "12/31/2019": {"Duration": "12/31/2019", "Total Revenue": "33,754,000", "Cost of Revenue": "11,863,000", "Gross Profit": "21,891,000", "Operating Expense": "15,599,000", "Operating Income": "6,292,000", "Net Non Operating Interest Income Expense": "-840,000", "Pretax Income": "6,221,000", "Tax Provision": "953,000", "Net Income Common Stockholders": "4,645,000", "Diluted NI Available to Com Stockholders": "4,645,000", "Basic EPS": "1.88", "Diluted EPS": "1.85", "Basic Average Shares": "2,473,500", "Diluted Average Shares": "2,508,000", "Total Operating Income as Reported": "6,961,000", "Rent Expense Supplemental": "29,000", "Total Expenses": "27,462,000", "Net Income from Continuing & Discontinued Operation": "4,645,000", "Normalized Income": "4,056,335", "Interest Income": "98,000", "Interest Expense": "885,000", "Net Interest Income": "-840,000", "EBIT": "7,106,000", "EBITDA": "-", "Reconciled Cost of Revenue": "11,863,000", "Reconciled Depreciation": "2,334,000", "Net Income from Continuing Operation Net Minority Interest": "4,645,000", "Total Unusual Items Excluding Goodwill": "695,000", "Total Unusual Items": "695,000", "Normalized EBITDA": "8,745,000", "Tax Rate for Calcs": "0", "Tax Effect of Unusual Items": "106,335"}, "12/31/2018": {"Duration": "12/31/2018", "Total Revenue": "30,821,000", "Cost of Revenue": "10,241,000", "Gross Profit": "20,580,000", "Operating Expense": "13,516,000", "Operating Income": "7,064,000", "Net Non Operating Interest Income Expense": "-728,000", "Pretax Income": "4,800,000", "Tax Provision": "754,000", "Net Income Common Stockholders": "3,623,000", "Diluted NI Available to Com Stockholders": "3,623,000", "Basic EPS": "1.47", "Diluted EPS": "1.46", "Basic Average Shares": "2,457,000", "Diluted Average Shares": "2,485,500", "Total Operating Income as Reported": "5,483,000", "Rent Expense Supplemental": "205,000", "Total Expenses": "23,757,000", "Net Income from Continuing & Discontinued Operation": "3,623,000", "Normalized Income": "4,943,981", "Interest Income": "81,000", "Interest Expense": "771,000", "Net Interest Income": "-728,000", "EBIT": "5,571,000", "EBITDA": "-", "Reconciled Cost of Revenue": "10,241,000", "Reconciled Depreciation": "1,856,000", "Net Income from Continuing Operation Net Minority Interest": "3,623,000", "Total Unusual Items Excluding Goodwill": "-1,567,000", "Total Unusual Items": "-1,567,000", "Normalized EBITDA": "8,994,000", "Tax Rate for Calcs": "0", "Tax Effect of Unusual Items": "-246,019"}}, "bs": {"12/31/2020": {"Duration": "12/31/2020", "Total Assets": "80,431,000", "Total Liabilities Net Minority Interest": "59,623,000", "Total Equity Gross Minority Interest": "20,808,000", "Total Capitalization": "37,125,000", "Common Stock Equity": "14,587,000", "Capital Lease Obligations": "1,117,000", "Net Tangible Assets": "-25,834,000", "Working Capital": "-1,901,000", "Invested Capital": "40,620,000", "Tangible Book Value": "-25,834,000", "Total Debt": "27,150,000", "Net Debt": "19,941,000", "Share Issued": "5,385,190", "Ordinary Shares Number": "5,029,984", "Treasury Shares Number": "355,206"}, "12/31/2019": {"Duration": "12/31/2019", "Total Assets": "79,692,000", "Total Liabilities Net Minority Interest": "61,335,000", "Total Equity Gross Minority Interest": "18,357,000", "Total Capitalization": "33,985,000", "Common Stock Equity": "11,405,000", "Capital Lease Obligations": "1,250,000", "Net Tangible Assets": "-30,112,000", "Working Capital": "-4,559,000", "Invested Capital": "40,663,000", "Tangible Book Value": "-30,112,000", "Total Debt": "30,508,000", "Net Debt": "24,551,000", "Share Issued": "5,383,102", "Ordinary Shares Number": "4,989,596", "Treasury Shares Number": "393,506"}, "12/31/2018": {"Duration": "12/31/2018", "Total Assets": "58,066,000", "Total Liabilities Net Minority Interest": "54,394,000", "Total Equity Gross Minority Interest": "3,672,000", "Total Capitalization": "24,587,000", "Common Stock Equity": "4,360,000", "Capital Lease Obligations": "68,000", "Net Tangible Assets": "-18,631,000", "Working Capital": "-5,564,000", "Invested Capital": "30,356,000", "Tangible Book Value": "-18,631,000", "Total Debt": "26,064,000", "Net Debt": "22,122,000", "Share Issued": "5,379,068", "Ordinary Shares Number": "4,964,462", "Treasury Shares Number": "414,606"}}, "cf": {"TTM": {"Duration": "TTM", "Operating Cash Flow": "8,441,000", "Investing Cash Flow": "2,161,000", "Financing Cash Flow": "-10,132,000", "End Cash Position": "5,262,000", "Capital Expenditure": "-2,239,000", "Issuance of Capital Stock": "29,000", "Issuance of Debt": "3,298,000", "Repayment of Debt": "-7,305,000", "Repurchase of Capital Stock": "-", "Free Cash Flow": "6,202,000"}, "12/31/2020": {"Duration": "12/31/2020", "Operating Cash Flow": "8,441,000", "Investing Cash Flow": "2,161,000", "Financing Cash Flow": "-10,132,000", "End Cash Position": "5,262,000", "Capital Expenditure": "-2,239,000", "Issuance of Capital Stock": "29,000", "Issuance of Debt": "3,298,000", "Repayment of Debt": "-7,305,000", "Repurchase of Capital Stock": "-", "Free Cash Flow": "6,202,000"}, "12/31/2019": {"Duration": "12/31/2019", "Operating Cash Flow": "8,020,000", "Investing Cash Flow": "-5,354,000", "Financing Cash Flow": "-1,840,000", "End Cash Position": "4,831,000", "Capital Expenditure": "-2,163,000", "Issuance of Capital Stock": "51,000", "Issuance of Debt": "7,889,000", "Repayment of Debt": "-4,160,000", "Repurchase of Capital Stock": "0", "Free Cash Flow": "5,857,000"}, "12/31/2018": {"Duration": "12/31/2018", "Operating Cash Flow": "8,421,000", "Investing Cash Flow": "-1,553,000", "Financing Cash Flow": "-6,389,000", "End Cash Position": "4,087,000", "Capital Expenditure": "-1,796,000", "Issuance of Capital Stock": "74,000", "Issuance of Debt": "10,219,000", "Repayment of Debt": "-2,067,000", "Repurchase of Capital Stock": "0", "Free Cash Flow": "6,625,000"}}}}, {"GWPH": {"quote": {"05/11/2021": {"value": "218.96", "Market Cap": "6.814B", "Beta (5Y Monthly)": "N/A", "PE Ratio (TTM)": "N/A", "EPS (TTM)": "N/A", "Earnings Date": "Aug 04, 2021 - Aug 09, 2021", "Forward Dividend & Yield": "N/A (N/A)", "Ex-Dividend Date": "N/A", "1y Target Est": "201.13"}}, "fin": {"TTM": {"Duration": "TTM", "Total Revenue": "527,205", "Cost of Revenue": "37,531", "Gross Profit": "489,674", "Operating Expense": "541,439", "Operating Income": "-51,765", "Net Non Operating Interest Income Expense": "693", "Other Income Expense": "-3,974", "Pretax Income": "-55,046", "Tax Provision": "3,082", "Net Income Common Stockholders": "-58,128", "Diluted NI Available to Com Stockholders": "-58,128", "Basic EPS": "-", "Diluted EPS": "-", "Basic Average Shares": "-", "Diluted Average Shares": "-", "Total Operating Income as Reported": "-51,765", "Total Expenses": "578,970", "Net Income from Continuing & Discontinued Operation": "-58,128", "Normalized Income": "-55,227", "Interest Income": "1,814", "Interest Expense": "1,121", "Net Interest Income": "693", "EBIT": "-53,925", "EBITDA": "-41,168", "Reconciled Cost of Revenue": "37,531", "Reconciled Depreciation": "12,757", "Net Income from Continuing Operation Net Minority Interest": "-58,128", "Total Unusual Items Excluding Goodwill": "-3,974", "Total Unusual Items": "-3,974", "Normalized EBITDA": "-37,194", "Tax Rate for Calcs": "0", "Tax Effect of Unusual Items": "-1,073"}, "12/31/2020": {"Duration": "12/31/2020", "Total Revenue": "527,205", "Cost of Revenue": "37,531", "Gross Profit": "489,674", "Operating Expense": "541,439", "Operating Income": "-51,765", "Net Non Operating Interest Income Expense": "693", "Other Income Expense": "-3,974", "Pretax Income": "-55,046", "Tax Provision": "3,082", "Net Income Common Stockholders": "-58,128", "Diluted NI Available to Com Stockholders": "-58,128", "Basic EPS": "-", "Diluted EPS": "-", "Basic Average Shares": "-", "Diluted Average Shares": "-", "Total Operating Income as Reported": "-51,765", "Total Expenses": "578,970", "Net Income from Continuing & Discontinued Operation": "-58,128", "Normalized Income": "-55,227", "Interest Income": "1,814", "Interest Expense": "1,121", "Net Interest Income": "693", "EBIT": "-53,925", "EBITDA": "-", "Reconciled Cost of Revenue": "37,531", "Reconciled Depreciation": "12,757", "Net Income from Continuing Operation Net Minority Interest": "-58,128", "Total Unusual Items Excluding Goodwill": "-3,974", "Total Unusual Items": "-3,974", "Normalized EBITDA": "-37,194", "Tax Rate for Calcs": "0", "Tax Effect of Unusual Items": "-1,073"}, "12/31/2019": {"Duration": "12/31/2019", "Total Revenue": "311,332", "Cost of Revenue": "27,199", "Gross Profit": "284,133", "Operating Expense": "402,558", "Operating Income": "-118,425", "Net Non Operating Interest Income Expense": "7,377", "Other Income Expense": "101,845", "Pretax Income": "-9,203", "Tax Provision": "-184", "Net Income Common Stockholders": "-9,019", "Diluted NI Available to Com Stockholders": "-9,019", "Basic EPS": "-0.24", "Diluted EPS": "-0.24", "Basic Average Shares": "30,965", "Diluted Average Shares": "30,965", "Total Operating Income as Reported": "-118,425", "Total Expenses": "429,757", "Net Income from Continuing & Discontinued Operation": "-9,019", "Normalized Income": "-6,792", "Interest Income": "8,464", "Interest Expense": "1,087", "Net Interest Income": "7,377", "EBIT": "-8,116", "EBITDA": "-", "Reconciled Cost of Revenue": "27,199", "Reconciled Depreciation": "9,240", "Net Income from Continuing Operation Net Minority Interest": "-9,019", "Total Unusual Items Excluding Goodwill": "-2,272", "Total Unusual Items": "-2,272", "Normalized EBITDA": "3,396", "Tax Rate for Calcs": "0", "Tax Effect of Unusual Items": "-45.44"}, "9/30/2018": {"Duration": "9/30/2018", "Total Revenue": "12,737", "Cost of Revenue": "5,986", "Gross Profit": "6,751", "Operating Expense": "295,554", "Operating Income": "-288,803", "Net Non Operating Interest Income Expense": "2,396", "Other Income Expense": "-4,963", "Pretax Income": "-291,370", "Tax Provision": "3,797", "Net Income Common Stockholders": "-295,167", "Diluted NI Available to Com Stockholders": "-295,167", "Basic EPS": "-10.56", "Diluted EPS": "-10.56", "Basic Average Shares": "27,828", "Diluted Average Shares": "27,828", "Total Operating Income as Reported": "-288,803", "Total Expenses": "301,540", "Net Income from Continuing & Discontinued Operation": "-295,167", "Normalized Income": "-291,544", "Interest Income": "3,645", "Interest Expense": "1,249", "Net Interest Income": "2,396", "EBIT": "-290,121", "EBITDA": "-", "Reconciled Cost of Revenue": "5,986", "Reconciled Depreciation": "9,290", "Net Income from Continuing Operation Net Minority Interest": "-295,167", "Total Unusual Items Excluding Goodwill": "-4,963", "Total Unusual Items": "-4,963", "Normalized EBITDA": "-275,868", "Tax Rate for Calcs": "0", "Tax Effect of Unusual Items": "-1,340"}}, "bs": {"12/31/2020": {"Duration": "12/31/2020", "Total Assets": "939,511", "Total Liabilities Net Minority Interest": "198,421", "Total Equity Gross Minority Interest": "741,090", "Total Capitalization": "741,090", "Common Stock Equity": "741,090", "Capital Lease Obligations": "34,128", "Net Tangible Assets": "728,566", "Working Capital": "569,724", "Invested Capital": "741,090", "Tangible Book Value": "728,566", "Total Debt": "34,128", "Share Issued": "375,196", "Ordinary Shares Number": "375,196"}, "12/31/2019": {"Duration": "12/31/2019", "Total Assets": "882,249", "Total Liabilities Net Minority Interest": "156,215", "Total Equity Gross Minority Interest": "726,034", "Total Capitalization": "726,034", "Common Stock Equity": "726,034", "Capital Lease Obligations": "33,430", "Net Tangible Assets": "719,075", "Working Capital": "582,075", "Invested Capital": "726,034", "Tangible Book Value": "719,075", "Total Debt": "33,430", "Share Issued": "371,068", "Ordinary Shares Number": "371,068"}, "9/30/2018": {"Duration": "9/30/2018", "Total Assets": "490,535", "Total Liabilities Net Minority Interest": "75,376", "Total Equity Gross Minority Interest": "415,159", "Total Capitalization": "415,159", "Common Stock Equity": "415,159", "Capital Lease Obligations": "1,535", "Net Tangible Assets": "408,200", "Working Capital": "332,042", "Invested Capital": "415,159", "Tangible Book Value": "408,200", "Total Debt": "1,535", "Share Issued": "340,247", "Ordinary Shares Number": "340,247"}}, "cf": {"TTM": {"Duration": "TTM", "Operating Cash Flow": "-27,385", "Investing Cash Flow": "-28,007", "Financing Cash Flow": "-1,129", "End Cash Position": "486,752", "Income Tax Paid Supplemental Data": "9,139", "Interest Paid Supplemental Data": "1,121", "Capital Expenditure": "-28,007", "Issuance of Capital Stock": "0", "Repayment of Debt": "-882", "Repurchase of Capital Stock": "-1,826", "Free Cash Flow": "-55,392"}, "12/31/2020": {"Duration": "12/31/2020", "Operating Cash Flow": "-27,385", "Investing Cash Flow": "-28,007", "Financing Cash Flow": "-1,129", "End Cash Position": "486,752", "Income Tax Paid Supplemental Data": "9,139", "Interest Paid Supplemental Data": "1,121", "Capital Expenditure": "-28,007", "Issuance of Capital Stock": "0", "Repayment of Debt": "-882", "Repurchase of Capital Stock": "-1,826", "Free Cash Flow": "-55,392"}, "12/31/2019": {"Duration": "12/31/2019", "Operating Cash Flow": "-123,469", "Investing Cash Flow": "61,629", "Financing Cash Flow": "1,946", "End Cash Position": "536,933", "Income Tax Paid Supplemental Data": "10,462", "Interest Paid Supplemental Data": "1,087", "Capital Expenditure": "-42,488", "Issuance of Capital Stock": "0", "Repayment of Debt": "-932", "Repurchase of Capital Stock": "-", "Free Cash Flow": "-165,957"}, "9/30/2018": {"Duration": "9/30/2018", "Operating Cash Flow": "-231,868", "Investing Cash Flow": "-32,887", "Financing Cash Flow": "297,754", "End Cash Position": "354,913", "Income Tax Paid Supplemental Data": "3,726", "Interest Paid Supplemental Data": "1,249", "Capital Expenditure": "-33,404", "Issuance of Capital Stock": "297,931", "Repayment of Debt": "-798", "Repurchase of Capital Stock": "-", "Free Cash Flow": "-265,272"}}}}, {"HSTC": {"quote": {"05/11/2021": {"value": "0.0720", "Market Cap": "377,897", "Beta (5Y Monthly)": "-1.09", "PE Ratio (TTM)": "N/A", "EPS (TTM)": "-0.0440", "Earnings Date": "N/A", "Forward Dividend & Yield": "N/A (N/A)", "Ex-Dividend Date": "N/A", "1y Target Est": "N/A"}}, "fin": {"TTM": {"Duration": "TTM", "Total Revenue": "0", "Operating Expense": "207.978", "Operating Income": "-207.978", "Net Non Operating Interest Income Expense": "-1.014", "Other Income Expense": "-", "Pretax Income": "-208.992", "Net Income Common Stockholders": "-208.992", "Diluted NI Available to Com Stockholders": "-208.992", "Basic EPS": "-", "Diluted EPS": "-", "Basic Average Shares": "-", "Diluted Average Shares": "-", "Total Operating Income as Reported": "-207.978", "Total Expenses": "207.978", "Net Income from Continuing & Discontinued Operation": "-208.992", "Normalized Income": "-208.992", "Interest Expense": "1.014", "Net Interest Income": "-1.014", "EBIT": "-207.978", "EBITDA": "-207.978", "Net Income from Continuing Operation Net Minority Interest": "-208.992", "Total Unusual Items Excluding Goodwill": "0", "Total Unusual Items": "0", "Normalized EBITDA": "-207.978", "Tax Rate for Calcs": "0", "Tax Effect of Unusual Items": "0"}, "12/31/2020": {"Duration": "12/31/2020", "Total Revenue": "0", "Operating Expense": "207.978", "Operating Income": "-207.978", "Net Non Operating Interest Income Expense": "-1.014", "Other Income Expense": "-", "Pretax Income": "-208.992", "Net Income Common Stockholders": "-208.992", "Diluted NI Available to Com Stockholders": "-208.992", "Basic EPS": "-", "Diluted EPS": "-", "Basic Average Shares": "-", "Diluted Average Shares": "-", "Total Operating Income as Reported": "-207.978", "Total Expenses": "207.978", "Net Income from Continuing & Discontinued Operation": "-208.992", "Normalized Income": "-208.992", "Interest Expense": "1.014", "Net Interest Income": "-1.014", "EBIT": "-207.978", "EBITDA": "-", "Net Income from Continuing Operation Net Minority Interest": "-208.992", "Total Unusual Items Excluding Goodwill": "0", "Total Unusual Items": "0", "Normalized EBITDA": "-207.978", "Tax Rate for Calcs": "0", "Tax Effect of Unusual Items": "0"}, "12/31/2019": {"Duration": "12/31/2019", "Total Revenue": "0", "Operating Expense": "151.554", "Operating Income": "-151.554", "Net Non Operating Interest Income Expense": "-17.874", "Other Income Expense": "596", "Pretax Income": "426.572", "Net Income Common Stockholders": "426.572", "Diluted NI Available to Com Stockholders": "426.572", "Basic EPS": "0.13", "Diluted EPS": "0.13", "Basic Average Shares": "3,269", "Diluted Average Shares": "3,269", "Total Operating Income as Reported": "-151.554", "Total Expenses": "151.554", "Net Income from Continuing & Discontinued Operation": "426.572", "Normalized Income": "-169.428", "Interest Expense": "17.874", "Net Interest Income": "-17.874", "EBIT": "444.446", "EBITDA": "-", "Net Income from Continuing Operation Net Minority Interest": "426.572", "Total Unusual Items Excluding Goodwill": "596", "Total Unusual Items": "596", "Normalized EBITDA": "-151.554", "Tax Rate for Calcs": "0", "Tax Effect of Unusual Items": "0"}, "12/31/2018": {"Duration": "12/31/2018", "Total Revenue": "0", "Operating Expense": "142.587", "Operating Income": "-142.587", "Net Non Operating Interest Income Expense": "-35.748", "Other Income Expense": "-", "Pretax Income": "-178.335", "Net Income Common Stockholders": "-178.335", "Diluted NI Available to Com Stockholders": "-178.335", "Basic EPS": "-0.07", "Diluted EPS": "-0.07", "Basic Average Shares": "2,448", "Diluted Average Shares": "2,448", "Total Operating Income as Reported": "-142.587", "Total Expenses": "142.587", "Net Income from Continuing & Discontinued Operation": "-178.335", "Normalized Income": "-178.335", "Interest Expense": "35.748", "Net Interest Income": "-35.748", "EBIT": "-142.587", "EBITDA": "-", "Net Income from Continuing Operation Net Minority Interest": "-178.335", "Total Unusual Items Excluding Goodwill": "-", "Total Unusual Items": "-", "Normalized EBITDA": "-142.587", "Tax Rate for Calcs": "0", "Tax Effect of Unusual Items": "0"}}, "bs": {"12/31/2020": {"Duration": "12/31/2020", "Total Assets": "0.66", "Total Liabilities Net Minority Interest": "153.083", "Total Equity Gross Minority Interest": "-152.423", "Total Capitalization": "-152.423", "Common Stock Equity": "-152.423", "Net Tangible Assets": "-152.423", "Working Capital": "-152.423", "Invested Capital": "-126.747", "Tangible Book Value": "-152.423", "Total Debt": "25.676", "Net Debt": "25.016", "Share Issued": "5,249", "Ordinary Shares Number": "5,249", "Preferred Shares Number": "1,000"}, "12/31/2019": {"Duration": "12/31/2019", "Total Assets": "1.955", "Total Liabilities Net Minority Interest": "5.385", "Total Equity Gross Minority Interest": "-3.43", "Total Capitalization": "-3.43", "Common Stock Equity": "-3.43", "Net Tangible Assets": "-3.43", "Working Capital": "-3.43", "Invested Capital": "-3.43", "Tangible Book Value": "-3.43", "Total Debt": "-", "Net Debt": "-", "Share Issued": "4,248", "Ordinary Shares Number": "4,248", "Preferred Shares Number": "-"}, "12/31/2018": {"Duration": "12/31/2018", "Total Assets": "0", "Total Liabilities Net Minority Interest": "3,371", "Total Equity Gross Minority Interest": "-3,371", "Total Capitalization": "-3,371", "Common Stock Equity": "-3,371", "Net Tangible Assets": "-3,371", "Working Capital": "-3,371", "Invested Capital": "-1,996", "Tangible Book Value": "-3,371", "Total Debt": "1,375", "Net Debt": "1,375", "Share Issued": "2,448", "Ordinary Shares Number": "2,448", "Preferred Shares Number": "1,000"}}, "cf": {"TTM": {"Duration": "TTM", "Operating Cash Flow": "-26.971", "Investing Cash Flow": "0", "Financing Cash Flow": "25.676", "End Cash Position": "0.66", "Income Tax Paid Supplemental Data": "0", "Interest Paid Supplemental Data": "0", "Issuance of Capital Stock": "0", "Issuance of Debt": "25.676", "Free Cash Flow": "-26.971"}, "12/31/2020": {"Duration": "12/31/2020", "Operating Cash Flow": "-26.971", "Investing Cash Flow": "0", "Financing Cash Flow": "25.676", "End Cash Position": "0.66", "Income Tax Paid Supplemental Data": "0", "Interest Paid Supplemental Data": "0", "Issuance of Capital Stock": "0", "Issuance of Debt": "25.676", "Free Cash Flow": "-26.971"}, "12/31/2019": {"Duration": "12/31/2019", "Operating Cash Flow": "-91.905", "Investing Cash Flow": "0", "Financing Cash Flow": "93.86", "End Cash Position": "1.955", "Income Tax Paid Supplemental Data": "0", "Interest Paid Supplemental Data": "0", "Issuance of Capital Stock": "80", "Issuance of Debt": "13.86", "Free Cash Flow": "-91.905"}, "12/31/2018": {"Duration": "12/31/2018", "Operating Cash Flow": "-21.091", "Investing Cash Flow": "0", "Financing Cash Flow": "20.8", "End Cash Position": "0", "Income Tax Paid Supplemental Data": "0", "Interest Paid Supplemental Data": "0", "Issuance of Capital Stock": "-", "Issuance of Debt": "20.8", "Free Cash Flow": "-21.091"}}}}, {"HBMK": {"quote": {"05/11/2021": {"value": "0.0700", "Market Cap": "52.189M", "Beta (5Y Monthly)": "-317.36", "PE Ratio (TTM)": "N/A", "EPS (TTM)": "-0.0180", "Earnings Date": "N/A", "Forward Dividend & Yield": "N/A (N/A)", "Ex-Dividend Date": "N/A", "1y Target Est": "N/A"}}, "fin": {}, "bs": {}, "cf": {}}}, {"PFE": {"quote": {"05/11/2021": {"value": "39.35", "Market Cap": "219.501B", "Beta (5Y Monthly)": "0.67", "PE Ratio (TTM)": "19.93", "EPS (TTM)": "1.97", "Earnings Date": "Jul 26, 2021 - Jul 30, 2021", "Forward Dividend & Yield": "1.56 (3.91%)", "Ex-Dividend Date": "May 06, 2021", "1y Target Est": "42.46"}}, "fin": {"TTM": {"Duration": "TTM", "Total Revenue": "41,908,000", "Cost of Revenue": "8,692,000", "Gross Profit": "33,216,000", "Operating Expense": "24,456,000", "Operating Income": "8,760,000", "Net Non Operating Interest Income Expense": "-1,376,000", "Other Income Expense": "113,000", "Pretax Income": "7,497,000", "Tax Provision": "477,000", "Net Income Common Stockholders": "9,616,000", "Average Dilution Earnings": "-", "Diluted NI Available to Com Stockholders": "9,616,000", "Basic EPS": "-", "Diluted EPS": "-", "Basic Average Shares": "-", "Diluted Average Shares": "-", "Total Expenses": "33,148,000", "Net Income from Continuing & Discontinued Operation": "9,616,000", "Normalized Income": "8,866,360", "Interest Income": "73,000", "Interest Expense": "1,449,000", "Net Interest Income": "-1,376,000", "EBIT": "8,946,000", "EBITDA": "13,723,000", "Reconciled Cost of Revenue": "7,351,000", "Reconciled Depreciation": "4,777,000", "Net Income from Continuing Operation Net Minority Interest": "6,985,000", "Total Unusual Items Excluding Goodwill": "-2,010,000", "Total Unusual Items": "-2,010,000", "Normalized EBITDA": "15,733,000", "Tax Rate for Calcs": "0", "Tax Effect of Unusual Items": "-128,640"}, "12/31/2020": {"Duration": "12/31/2020", "Total Revenue": "41,908,000", "Cost of Revenue": "8,692,000", "Gross Profit": "33,216,000", "Operating Expense": "24,456,000", "Operating Income": "8,760,000", "Net Non Operating Interest Income Expense": "-1,376,000", "Other Income Expense": "113,000", "Pretax Income": "7,497,000", "Tax Provision": "477,000", "Net Income Common Stockholders": "9,616,000", "Average Dilution Earnings": "-", "Diluted NI Available to Com Stockholders": "9,616,000", "Basic EPS": "-", "Diluted EPS": "-", "Basic Average Shares": "-", "Diluted Average Shares": "-", "Total Expenses": "33,148,000", "Net Income from Continuing & Discontinued Operation": "9,616,000", "Normalized Income": "8,866,360", "Interest Income": "73,000", "Interest Expense": "1,449,000", "Net Interest Income": "-1,376,000", "EBIT": "8,946,000", "EBITDA": "-", "Reconciled Cost of Revenue": "7,351,000", "Reconciled Depreciation": "4,777,000", "Net Income from Continuing Operation Net Minority Interest": "6,985,000", "Total Unusual Items Excluding Goodwill": "-2,010,000", "Total Unusual Items": "-2,010,000", "Normalized EBITDA": "15,733,000", "Tax Rate for Calcs": "0", "Tax Effect of Unusual Items": "-128,640"}, "12/31/2019": {"Duration": "12/31/2019", "Total Revenue": "51,750,000", "Cost of Revenue": "10,219,000", "Gross Profit": "41,531,000", "Operating Expense": "27,610,000", "Operating Income": "13,921,000", "Net Non Operating Interest Income Expense": "-1,348,000", "Other Income Expense": "5,108,000", "Pretax Income": "17,682,000", "Tax Provision": "1,384,000", "Net Income Common Stockholders": "16,272,000", "Average Dilution Earnings": "1,000", "Diluted NI Available to Com Stockholders": "16,273,000", "Basic EPS": "2.92", "Diluted EPS": "2.87", "Basic Average Shares": "5,569,000", "Diluted Average Shares": "5,675,000", "Total Expenses": "37,829,000", "Net Income from Continuing & Discontinued Operation": "16,273,000", "Normalized Income": "12,627,251", "Interest Income": "226,000", "Interest Expense": "1,574,000", "Net Interest Income": "-1,348,000", "EBIT": "19,256,000", "EBITDA": "-", "Reconciled Cost of Revenue": "8,819,000", "Reconciled Depreciation": "6,010,000", "Net Income from Continuing Operation Net Minority Interest": "16,269,000", "Total Unusual Items Excluding Goodwill": "3,951,000", "Total Unusual Items": "3,951,000", "Normalized EBITDA": "21,315,000", "Tax Rate for Calcs": "0", "Tax Effect of Unusual Items": "309,251"}, "12/31/2018": {"Duration": "12/31/2018", "Total Revenue": "53,647,000", "Cost of Revenue": "11,248,000", "Gross Profit": "42,399,000", "Operating Expense": "27,354,000", "Operating Income": "15,045,000", "Net Non Operating Interest Income Expense": "-983,000", "Other Income Expense": "-2,178,000", "Pretax Income": "11,885,000", "Tax Provision": "706,000", "Net Income Common Stockholders": "11,152,000", "Average Dilution Earnings": "1,000", "Diluted NI Available to Com Stockholders": "11,153,000", "Basic EPS": "1.90", "Diluted EPS": "1.87", "Basic Average Shares": "5,872,000", "Diluted Average Shares": "5,977,000", "Total Expenses": "38,602,000", "Net Income from Continuing & Discontinued Operation": "11,153,000", "Normalized Income": "14,722,914", "Interest Income": "333,000", "Interest Expense": "1,316,000", "Net Interest Income": "-983,000", "EBIT": "13,201,000", "EBITDA": "-", "Reconciled Cost of Revenue": "9,757,000", "Reconciled Depreciation": "6,384,000", "Net Income from Continuing Operation Net Minority Interest": "11,143,000", "Total Unusual Items Excluding Goodwill": "-3,806,000", "Total Unusual Items": "-3,806,000", "Normalized EBITDA": "23,391,000", "Tax Rate for Calcs": "0", "Tax Effect of Unusual Items": "-226,086"}}, "bs": {"12/31/2020": {"Duration": "12/31/2020", "Total Assets": "154,229,000", "Total Liabilities Net Minority Interest": "90,756,000", "Total Equity Gross Minority Interest": "63,473,000", "Total Capitalization": "98,809,000", "Preferred Stock Equity": "-", "Common Stock Equity": "63,238,000", "Net Tangible Assets": "-14,811,000", "Working Capital": "9,147,000", "Invested Capital": "101,512,000", "Tangible Book Value": "-14,811,000", "Total Debt": "38,274,000", "Net Debt": "36,490,000", "Share Issued": "9,407,000", "Ordinary Shares Number": "5,567,000", "Treasury Shares Number": "3,840,000"}, "12/31/2019": {"Duration": "12/31/2019", "Total Assets": "167,489,000", "Total Liabilities Net Minority Interest": "104,042,000", "Total Equity Gross Minority Interest": "63,447,000", "Total Capitalization": "99,098,000", "Preferred Stock Equity": "17,000", "Common Stock Equity": "63,126,000", "Net Tangible Assets": "-30,879,000", "Working Capital": "-4,501,000", "Invested Capital": "115,271,000", "Tangible Book Value": "-30,896,000", "Total Debt": "52,145,000", "Net Debt": "50,840,000", "Share Issued": "9,369,000", "Ordinary Shares Number": "5,534,000", "Treasury Shares Number": "3,835,000"}, "12/31/2018": {"Duration": "12/31/2018", "Total Assets": "159,422,000", "Total Liabilities Net Minority Interest": "95,664,000", "Total Equity Gross Minority Interest": "63,758,000", "Total Capitalization": "95,836,000", "Preferred Stock Equity": "19,000", "Common Stock Equity": "63,388,000", "Net Tangible Assets": "-25,215,000", "Working Capital": "18,068,000", "Invested Capital": "104,653,000", "Tangible Book Value": "-25,234,000", "Total Debt": "41,265,000", "Net Debt": "40,126,000", "Share Issued": "9,332,000", "Ordinary Shares Number": "5,717,000", "Treasury Shares Number": "3,615,000"}}, "cf": {"TTM": {"Duration": "TTM", "Operating Cash Flow": "14,403,000", "Investing Cash Flow": "-4,271,000", "Financing Cash Flow": "-9,649,000", "End Cash Position": "1,825,000", "Income Tax Paid Supplemental Data": "3,153,000", "Interest Paid Supplemental Data": "1,641,000", "Capital Expenditure": "-2,791,000", "Issuance of Debt": "17,574,000", "Repayment of Debt": "-30,329,000", "Repurchase of Capital Stock": "-", "Free Cash Flow": "11,612,000"}, "12/31/2020": {"Duration": "12/31/2020", "Operating Cash Flow": "14,403,000", "Investing Cash Flow": "-4,271,000", "Financing Cash Flow": "-9,649,000", "End Cash Position": "1,825,000", "Income Tax Paid Supplemental Data": "3,153,000", "Interest Paid Supplemental Data": "1,641,000", "Capital Expenditure": "-2,791,000", "Issuance of Debt": "17,574,000", "Repayment of Debt": "-30,329,000", "Repurchase of Capital Stock": "-", "Free Cash Flow": "11,612,000"}, "12/31/2019": {"Duration": "12/31/2019", "Operating Cash Flow": "12,588,000", "Investing Cash Flow": "-3,945,000", "Financing Cash Flow": "-8,485,000", "End Cash Position": "1,350,000", "Income Tax Paid Supplemental Data": "3,664,000", "Interest Paid Supplemental Data": "1,587,000", "Capital Expenditure": "-2,594,000", "Issuance of Debt": "21,397,000", "Repayment of Debt": "-12,633,000", "Repurchase of Capital Stock": "-8,865,000", "Free Cash Flow": "9,994,000"}, "12/31/2018": {"Duration": "12/31/2018", "Operating Cash Flow": "15,827,000", "Investing Cash Flow": "4,525,000", "Financing Cash Flow": "-20,441,000", "End Cash Position": "1,225,000", "Income Tax Paid Supplemental Data": "3,655,000", "Interest Paid Supplemental Data": "1,311,000", "Capital Expenditure": "-2,196,000", "Issuance of Debt": "8,685,000", "Repayment of Debt": "-9,620,000", "Repurchase of Capital Stock": "-12,198,000", "Free Cash Flow": "13,631,000"}}}}, {"ZGNX": {"quote": {"05/11/2021": {"value": "18.74", "Market Cap": "1.046B", "Beta (5Y Monthly)": "1.42", "PE Ratio (TTM)": "N/A", "EPS (TTM)": "-4.30", "Earnings Date": "Aug 03, 2021 - Aug 09, 2021", "Forward Dividend & Yield": "N/A (N/A)", "Ex-Dividend Date": "N/A", "1y Target Est": "48.70"}}, "fin": {"TTM": {"Duration": "TTM", "Total Revenue": "13,643", "Cost of Revenue": "542", "Gross Profit": "13,101", "Operating Expense": "241,518", "Operating Income": "-228,417", "Net Non Operating Interest Income Expense": "-868", "Other Income Expense": "2,477", "Pretax Income": "-226,808", "Tax Provision": "-17,425", "Net Income Common Stockholders": "-209,383", "Diluted NI Available to Com Stockholders": "-209,383", "Basic EPS": "-", "Diluted EPS": "-", "Basic Average Shares": "-", "Diluted Average Shares": "-", "Total Operating Income as Reported": "-247,717", "Total Expenses": "242,060", "Net Income from Continuing & Discontinued Operation": "-209,383", "Normalized Income": "-191,566", "Interest Income": "2,891", "Interest Expense": "3,759", "Net Interest Income": "-868", "EBIT": "-223,049", "EBITDA": "-217,584", "Reconciled Cost of Revenue": "542", "Reconciled Depreciation": "5,465", "Net Income from Continuing Operation Net Minority Interest": "-209,383", "Total Unusual Items Excluding Goodwill": "-19,300", "Total Unusual Items": "-19,300", "Normalized EBITDA": "-198,284", "Tax Rate for Calcs": "0", "Tax Effect of Unusual Items": "-1,483"}, "12/31/2020": {"Duration": "12/31/2020", "Total Revenue": "13,643", "Cost of Revenue": "542", "Gross Profit": "13,101", "Operating Expense": "241,518", "Operating Income": "-228,417", "Net Non Operating Interest Income Expense": "-868", "Other Income Expense": "2,477", "Pretax Income": "-226,808", "Tax Provision": "-17,425", "Net Income Common Stockholders": "-209,383", "Diluted NI Available to Com Stockholders": "-209,383", "Basic EPS": "-", "Diluted EPS": "-", "Basic Average Shares": "-", "Diluted Average Shares": "-", "Total Operating Income as Reported": "-247,717", "Total Expenses": "242,060", "Net Income from Continuing & Discontinued Operation": "-209,383", "Normalized Income": "-191,566", "Interest Income": "2,891", "Interest Expense": "3,759", "Net Interest Income": "-868", "EBIT": "-223,049", "EBITDA": "-", "Reconciled Cost of Revenue": "542", "Reconciled Depreciation": "5,465", "Net Income from Continuing Operation Net Minority Interest": "-209,383", "Total Unusual Items Excluding Goodwill": "-19,300", "Total Unusual Items": "-19,300", "Normalized EBITDA": "-198,284", "Tax Rate for Calcs": "0", "Tax Effect of Unusual Items": "-1,483"}, "12/31/2019": {"Duration": "12/31/2019", "Total Revenue": "3,648", "Cost of Revenue": "0", "Gross Profit": "3,648", "Operating Expense": "176,431", "Operating Income": "-172,783", "Net Non Operating Interest Income Expense": "9,802", "Other Income Expense": "-256,522", "Pretax Income": "-419,503", "Tax Provision": "-", "Net Income Common Stockholders": "-419,503", "Diluted NI Available to Com Stockholders": "-419,503", "Basic EPS": "-9.74", "Diluted EPS": "-9.74", "Basic Average Shares": "43,078", "Diluted Average Shares": "43,078", "Total Operating Income as Reported": "-429,821", "Total Expenses": "176,431", "Net Income from Continuing & Discontinued Operation": "-419,503", "Normalized Income": "-162,610", "Interest Income": "9,804", "Interest Expense": "2", "Net Interest Income": "9,802", "EBIT": "-419,501", "EBITDA": "-", "Reconciled Cost of Revenue": "0", "Reconciled Depreciation": "1,268", "Net Income from Continuing Operation Net Minority Interest": "-419,503", "Total Unusual Items Excluding Goodwill": "-256,893", "Total Unusual Items": "-256,893", "Normalized EBITDA": "-161,340", "Tax Rate for Calcs": "0", "Tax Effect of Unusual Items": "0"}, "12/31/2018": {"Duration": "12/31/2018", "Total Revenue": "0", "Cost of Revenue": "0", "Gross Profit": "0", "Operating Expense": "139,875", "Operating Income": "-139,875", "Net Non Operating Interest Income Expense": "7,164", "Other Income Expense": "8,995", "Pretax Income": "-123,716", "Tax Provision": "0", "Net Income Common Stockholders": "-123,914", "Diluted NI Available to Com Stockholders": "-123,914", "Basic EPS": "-3.27", "Diluted EPS": "-3.27", "Basic Average Shares": "37,894", "Diluted Average Shares": "37,894", "Total Operating Income as Reported": "-141,175", "Total Expenses": "139,875", "Net Income from Continuing & Discontinued Operation": "-123,914", "Normalized Income": "-122,585", "Interest Income": "7,170", "Interest Expense": "6", "Net Interest Income": "7,164", "EBIT": "-123,710", "EBITDA": "-", "Reconciled Cost of Revenue": "0", "Reconciled Depreciation": "155", "Net Income from Continuing Operation Net Minority Interest": "-123,716", "Total Unusual Items Excluding Goodwill": "-1,131", "Total Unusual Items": "-1,131", "Normalized EBITDA": "-122,424", "Tax Rate for Calcs": "0", "Tax Effect of Unusual Items": "0"}}, "bs": {"12/31/2020": {"Duration": "12/31/2020", "Total Assets": "651,130", "Total Liabilities Net Minority Interest": "281,461", "Total Equity Gross Minority Interest": "369,669", "Total Capitalization": "519,022", "Common Stock Equity": "369,669", "Capital Lease Obligations": "12,002", "Net Tangible Assets": "264,877", "Working Capital": "439,459", "Invested Capital": "519,022", "Tangible Book Value": "264,877", "Total Debt": "161,355", "Share Issued": "55,736", "Ordinary Shares Number": "55,736"}, "12/31/2019": {"Duration": "12/31/2019", "Total Assets": "414,250", "Total Liabilities Net Minority Interest": "169,191", "Total Equity Gross Minority Interest": "245,059", "Total Capitalization": "245,059", "Common Stock Equity": "245,059", "Capital Lease Obligations": "12,074", "Net Tangible Assets": "136,325", "Working Capital": "191,850", "Invested Capital": "245,059", "Tangible Book Value": "136,325", "Total Debt": "12,074", "Share Issued": "45,272", "Ordinary Shares Number": "45,272"}, "12/31/2018": {"Duration": "12/31/2018", "Total Assets": "648,331", "Total Liabilities Net Minority Interest": "125,530", "Total Equity Gross Minority Interest": "522,801", "Total Capitalization": "522,801", "Common Stock Equity": "522,801", "Capital Lease Obligations": "-", "Net Tangible Assets": "414,067", "Working Capital": "474,355", "Invested Capital": "522,801", "Tangible Book Value": "414,067", "Total Debt": "-", "Share Issued": "42,078", "Ordinary Shares Number": "42,078"}}, "cf": {"TTM": {"Duration": "TTM", "Operating Cash Flow": "-167,531", "Investing Cash Flow": "-165,100", "Financing Cash Flow": "437,477", "End Cash Position": "166,916", "Interest Paid Supplemental Data": "0", "Capital Expenditure": "-11,379", "Issuance of Capital Stock": "226,576", "Issuance of Debt": "223,100", "Repayment of Debt": "0", "Free Cash Flow": "-178,910"}, "12/31/2020": {"Duration": "12/31/2020", "Operating Cash Flow": "-167,531", "Investing Cash Flow": "-165,100", "Financing Cash Flow": "437,477", "End Cash Position": "166,916", "Interest Paid Supplemental Data": "-", "Capital Expenditure": "-11,379", "Issuance of Capital Stock": "226,576", "Issuance of Debt": "223,100", "Repayment of Debt": "-", "Free Cash Flow": "-178,910"}, "12/31/2019": {"Duration": "12/31/2019", "Operating Cash Flow": "-111,519", "Investing Cash Flow": "73,121", "Financing Cash Flow": "32,014", "End Cash Position": "62,070", "Interest Paid Supplemental Data": "0", "Capital Expenditure": "-9,492", "Issuance of Capital Stock": "42,576", "Issuance of Debt": "-", "Repayment of Debt": "0", "Free Cash Flow": "-121,011"}, "12/31/2018": {"Duration": "12/31/2018", "Operating Cash Flow": "-111,658", "Investing Cash Flow": "-444,750", "Financing Cash Flow": "331,359", "End Cash Position": "68,454", "Interest Paid Supplemental Data": "0", "Capital Expenditure": "-1,018", "Issuance of Capital Stock": "323,135", "Issuance of Debt": "0", "Repayment of Debt": "0", "Free Cash Flow": "-112,676"}}}}, {"RMTI": {"quote": {"05/11/2021": {"value": "0.9516", "Market Cap": "89.056M", "Beta (5Y Monthly)": "1.01", "PE Ratio (TTM)": "N/A", "EPS (TTM)": "-0.4080", "Earnings Date": "May 17, 2021", "Forward Dividend & Yield": "N/A (N/A)", "Ex-Dividend Date": "N/A", "1y Target Est": "5.25"}}, "fin": {"TTM": {"Duration": "TTM", "Total Revenue": "62,197", "Cost of Revenue": "59,472", "Gross Profit": "2,725", "Operating Expense": "31,145", "Operating Income": "-28,420", "Net Non Operating Interest Income Expense": "-1,641", "Other Income Expense": "-829", "Pretax Income": "-30,890", "Tax Provision": "-", "Net Income Common Stockholders": "-30,890", "Diluted NI Available to Com Stockholders": "-30,890", "Basic EPS": "-", "Diluted EPS": "-", "Basic Average Shares": "-", "Diluted Average Shares": "-", "Total Operating Income as Reported": "-28,420", "Total Expenses": "90,617", "Net Income from Continuing & Discontinued Operation": "-30,890", "Normalized Income": "-30,898", "Interest Income": "238", "Interest Expense": "1,879", "Net Interest Income": "-1,641", "EBIT": "-29,011", "EBITDA": "-26,722", "Reconciled Cost of Revenue": "59,472", "Reconciled Depreciation": "2,289", "Net Income from Continuing Operation Net Minority Interest": "-30,890", "Total Unusual Items Excluding Goodwill": "8", "Total Unusual Items": "8", "Normalized EBITDA": "-26,730", "Tax Rate for Calcs": "0", "Tax Effect of Unusual Items": "0"}, "12/31/2020": {"Duration": "12/31/2020", "Total Revenue": "62,197", "Cost of Revenue": "59,472", "Gross Profit": "2,725", "Operating Expense": "31,145", "Operating Income": "-28,420", "Net Non Operating Interest Income Expense": "-1,641", "Other Income Expense": "-829", "Pretax Income": "-30,890", "Tax Provision": "-", "Net Income Common Stockholders": "-30,890", "Diluted NI Available to Com Stockholders": "-30,890", "Basic EPS": "-", "Diluted EPS": "-", "Basic Average Shares": "-", "Diluted Average Shares": "-", "Total Operating Income as Reported": "-28,420", "Total Expenses": "90,617", "Net Income from Continuing & Discontinued Operation": "-30,890", "Normalized Income": "-30,898", "Interest Income": "238", "Interest Expense": "1,879", "Net Interest Income": "-1,641", "EBIT": "-29,011", "EBITDA": "-", "Reconciled Cost of Revenue": "59,472", "Reconciled Depreciation": "2,289", "Net Income from Continuing Operation Net Minority Interest": "-30,890", "Total Unusual Items Excluding Goodwill": "8", "Total Unusual Items": "8", "Normalized EBITDA": "-26,730", "Tax Rate for Calcs": "0", "Tax Effect of Unusual Items": "0"}, "12/31/2019": {"Duration": "12/31/2019", "Total Revenue": "61,303", "Cost of Revenue": "58,464", "Gross Profit": "2,839", "Operating Expense": "36,934", "Operating Income": "-34,095", "Net Non Operating Interest Income Expense": "367.077", "Other Income Expense": "-399.818", "Pretax Income": "-34,128", "Tax Provision": "-", "Net Income Common Stockholders": "-34,128", "Diluted NI Available to Com Stockholders": "-34,128", "Basic EPS": "-0.56", "Diluted EPS": "-0.56", "Basic Average Shares": "60,919", "Diluted Average Shares": "60,919", "Total Operating Income as Reported": "-34,525", "Total Expenses": "95,398", "Net Income from Continuing & Discontinued Operation": "-34,128", "Normalized Income": "-34,158", "Interest Income": "367.077", "Interest Expense": "-", "Net Interest Income": "367.077", "EBIT": "-34,095", "EBITDA": "-", "Reconciled Cost of Revenue": "58,464", "Reconciled Depreciation": "2,653", "Net Income from Continuing Operation Net Minority Interest": "-34,128", "Total Unusual Items Excluding Goodwill": "30.182", "Total Unusual Items": "30.182", "Normalized EBITDA": "-31,473", "Tax Rate for Calcs": "0", "Tax Effect of Unusual Items": "0"}, "12/31/2018": {"Duration": "12/31/2018", "Total Revenue": "63,389", "Cost of Revenue": "64,973", "Gross Profit": "-1,585", "Operating Expense": "29,825", "Operating Income": "-31,409", "Net Non Operating Interest Income Expense": "535.328", "Other Income Expense": "-1,252", "Pretax Income": "-32,126", "Tax Provision": "-", "Net Income Common Stockholders": "-32,126", "Diluted NI Available to Com Stockholders": "-32,126", "Basic EPS": "-0.61", "Diluted EPS": "-0.61", "Basic Average Shares": "52,824", "Diluted Average Shares": "52,824", "Total Operating Income as Reported": "-32,439", "Total Expenses": "94,798", "Net Income from Continuing & Discontinued Operation": "-32,126", "Normalized Income": "-31,904", "Interest Income": "535.328", "Interest Expense": "-", "Net Interest Income": "535.328", "EBIT": "-31,409", "EBITDA": "-", "Reconciled Cost of Revenue": "64,973", "Reconciled Depreciation": "650.142", "Net Income from Continuing Operation Net Minority Interest": "-32,126", "Total Unusual Items Excluding Goodwill": "-222.338", "Total Unusual Items": "-222.338", "Normalized EBITDA": "-30,537", "Tax Rate for Calcs": "0", "Tax Effect of Unusual Items": "0"}}, "bs": {"12/31/2020": {"Duration": "12/31/2020", "Total Assets": "77,748", "Total Liabilities Net Minority Interest": "43,578", "Total Equity Gross Minority Interest": "34,170", "Total Capitalization": "55,119", "Common Stock Equity": "34,170", "Capital Lease Obligations": "2,988", "Net Tangible Assets": "33,249", "Working Capital": "56,676", "Invested Capital": "55,119", "Tangible Book Value": "33,249", "Total Debt": "23,937", "Share Issued": "93,573", "Ordinary Shares Number": "93,573"}, "12/31/2019": {"Duration": "12/31/2019", "Total Assets": "44,316", "Total Liabilities Net Minority Interest": "23,997", "Total Equity Gross Minority Interest": "20,320", "Total Capitalization": "20,320", "Common Stock Equity": "20,320", "Capital Lease Obligations": "3,274", "Net Tangible Assets": "19,399", "Working Capital": "24,500", "Invested Capital": "21,083", "Tangible Book Value": "19,399", "Total Debt": "4,037", "Share Issued": "65,379", "Ordinary Shares Number": "65,379"}, "12/31/2018": {"Duration": "12/31/2018", "Total Assets": "52,558", "Total Liabilities Net Minority Interest": "25,281", "Total Equity Gross Minority Interest": "27,277", "Total Capitalization": "27,277", "Common Stock Equity": "27,277", "Capital Lease Obligations": "-", "Net Tangible Assets": "26,356", "Working Capital": "33,621", "Invested Capital": "27,277", "Tangible Book Value": "26,356", "Total Debt": "-", "Share Issued": "57,034", "Ordinary Shares Number": "57,034"}}, "cf": {"TTM": {"Duration": "TTM", "Operating Cash Flow": "-29,641", "Investing Cash Flow": "3,212", "Financing Cash Flow": "63,316", "End Cash Position": "48,682", "Income Tax Paid Supplemental Data": "-", "Interest Paid Supplemental Data": "1,558", "Capital Expenditure": "-1,046", "Issuance of Capital Stock": "45,473", "Issuance of Debt": "22,500", "Repayment of Debt": "-763", "Repurchase of Capital Stock": "-19", "Free Cash Flow": "-30,687"}, "12/31/2020": {"Duration": "12/31/2020", "Operating Cash Flow": "-29,641", "Investing Cash Flow": "3,212", "Financing Cash Flow": "63,316", "End Cash Position": "48,682", "Income Tax Paid Supplemental Data": "-", "Interest Paid Supplemental Data": "1,558", "Capital Expenditure": "-1,046", "Issuance of Capital Stock": "45,473", "Issuance of Debt": "22,500", "Repayment of Debt": "-763", "Repurchase of Capital Stock": "-19", "Free Cash Flow": "-30,687"}, "12/31/2019": {"Duration": "12/31/2019", "Operating Cash Flow": "-27,255", "Investing Cash Flow": "-4,750", "Financing Cash Flow": "21,085", "End Cash Position": "11,795", "Income Tax Paid Supplemental Data": "-", "Interest Paid Supplemental Data": "-", "Capital Expenditure": "-1,337", "Issuance of Capital Stock": "24,161", "Issuance of Debt": "-", "Repayment of Debt": "-1,145", "Repurchase of Capital Stock": "-279.347", "Free Cash Flow": "-28,592"}, "12/31/2018": {"Duration": "12/31/2018", "Operating Cash Flow": "-20,420", "Investing Cash Flow": "12,723", "Financing Cash Flow": "22,003", "End Cash Position": "22,714", "Income Tax Paid Supplemental Data": "-", "Interest Paid Supplemental Data": "-", "Capital Expenditure": "-994.256", "Issuance of Capital Stock": "22,000", "Issuance of Debt": "-", "Repayment of Debt": "-", "Repurchase of Capital Stock": "0", "Free Cash Flow": "-21,414"}}}}, {"TXMD": {"quote": {"05/11/2021": {"value": "1.0400", "Market Cap": "408.918M", "Beta (5Y Monthly)": "1.92", "PE Ratio (TTM)": "N/A", "EPS (TTM)": "-0.5640", "Earnings Date": "Aug 04, 2021 - Aug 09, 2021", "Forward Dividend & Yield": "N/A (N/A)", "Ex-Dividend Date": "N/A", "1y Target Est": "6.00"}}, "fin": {"TTM": {"Duration": "TTM", "Total Revenue": "64,872", "Cost of Revenue": "15,975", "Gross Profit": "48,897", "Operating Expense": "204,438", "Operating Income": "-155,541", "Net Non Operating Interest Income Expense": "-28,581", "Other Income Expense": "597.647", "Pretax Income": "-183,524", "Tax Provision": "0", "Net Income Common Stockholders": "-183,524", "Diluted NI Available to Com Stockholders": "-183,524", "Basic EPS": "-", "Diluted EPS": "-", "Basic Average Shares": "-", "Diluted Average Shares": "-", "Total Operating Income as Reported": "-155,541", "Total Expenses": "220,413", "Net Income from Continuing & Discontinued Operation": "-183,524", "Normalized Income": "-183,524", "Interest Income": "0", "Interest Expense": "28,581", "Net Interest Income": "-28,581", "EBIT": "-154,943", "EBITDA": "-150,877", "Reconciled Cost of Revenue": "12,951", "Reconciled Depreciation": "4,067", "Net Income from Continuing Operation Net Minority Interest": "-183,524", "Total Unusual Items Excluding Goodwill": "0", "Total Unusual Items": "0", "Normalized EBITDA": "-150,877", "Tax Rate for Calcs": "0", "Tax Effect of Unusual Items": "0"}, "12/31/2020": {"Duration": "12/31/2020", "Total Revenue": "64,872", "Cost of Revenue": "15,975", "Gross Profit": "48,897", "Operating Expense": "204,438", "Operating Income": "-155,541", "Net Non Operating Interest Income Expense": "-28,581", "Other Income Expense": "597.647", "Pretax Income": "-183,524", "Tax Provision": "0", "Net Income Common Stockholders": "-183,524", "Diluted NI Available to Com Stockholders": "-183,524", "Basic EPS": "-", "Diluted EPS": "-", "Basic Average Shares": "-", "Diluted Average Shares": "-", "Total Operating Income as Reported": "-155,541", "Total Expenses": "220,413", "Net Income from Continuing & Discontinued Operation": "-183,524", "Normalized Income": "-183,524", "Interest Income": "-", "Interest Expense": "28,581", "Net Interest Income": "-28,581", "EBIT": "-154,943", "EBITDA": "-", "Reconciled Cost of Revenue": "12,951", "Reconciled Depreciation": "4,067", "Net Income from Continuing Operation Net Minority Interest": "-183,524", "Total Unusual Items Excluding Goodwill": "0", "Total Unusual Items": "0", "Normalized EBITDA": "-150,877", "Tax Rate for Calcs": "0", "Tax Effect of Unusual Items": "0"}, "12/31/2019": {"Duration": "12/31/2019", "Total Revenue": "49,647", "Cost of Revenue": "6,335", "Gross Profit": "43,312", "Operating Expense": "194,518", "Operating Income": "-151,205", "Net Non Operating Interest Income Expense": "-17,382", "Other Income Expense": "-7,558", "Pretax Income": "-176,145", "Tax Provision": "0", "Net Income Common Stockholders": "-176,145", "Diluted NI Available to Com Stockholders": "-176,145", "Basic EPS": "-0.72", "Diluted EPS": "-0.72", "Basic Average Shares": "246,353", "Diluted Average Shares": "246,353", "Total Operating Income as Reported": "-151,205", "Total Expenses": "200,852", "Net Income from Continuing & Discontinued Operation": "-176,145", "Normalized Income": "-166,087", "Interest Income": "0", "Interest Expense": "17,382", "Net Interest Income": "-17,382", "EBIT": "-158,763", "EBITDA": "-", "Reconciled Cost of Revenue": "5,556", "Reconciled Depreciation": "1,391", "Net Income from Continuing Operation Net Minority Interest": "-176,145", "Total Unusual Items Excluding Goodwill": "-10,058", "Total Unusual Items": "-10,058", "Normalized EBITDA": "-147,314", "Tax Rate for Calcs": "0", "Tax Effect of Unusual Items": "0"}, "12/31/2018": {"Duration": "12/31/2018", "Total Revenue": "16,099", "Cost of Revenue": "2,738", "Gross Profit": "13,362", "Operating Expense": "143,582", "Operating Income": "-130,220", "Net Non Operating Interest Income Expense": "-4,678", "Other Income Expense": "2,281", "Pretax Income": "-132,617", "Tax Provision": "0", "Net Income Common Stockholders": "-132,617", "Diluted NI Available to Com Stockholders": "-132,617", "Basic EPS": "-0.59", "Diluted EPS": "-0.59", "Basic Average Shares": "225,026", "Diluted Average Shares": "225,026", "Total Operating Income as Reported": "-130,220", "Total Expenses": "146,320", "Net Income from Continuing & Discontinued Operation": "-132,617", "Normalized Income": "-132,617", "Interest Income": "0", "Interest Expense": "4,678", "Net Interest Income": "-4,678", "EBIT": "-127,939", "EBITDA": "-", "Reconciled Cost of Revenue": "2,738", "Reconciled Depreciation": "293.886", "Net Income from Continuing Operation Net Minority Interest": "-132,617", "Total Unusual Items Excluding Goodwill": "-", "Total Unusual Items": "-", "Normalized EBITDA": "-127,645", "Tax Rate for Calcs": "0", "Tax Effect of Unusual Items": "0"}}, "bs": {"12/31/2020": {"Duration": "12/31/2020", "Total Assets": "181,610", "Total Liabilities Net Minority Interest": "305,611", "Total Equity Gross Minority Interest": "-124,002", "Total Capitalization": "113,696", "Common Stock Equity": "-124,002", "Capital Lease Obligations": "10,929", "Net Tangible Assets": "-165,446", "Working Capital": "69,166", "Invested Capital": "113,696", "Tangible Book Value": "-165,446", "Total Debt": "248,627", "Net Debt": "157,212", "Share Issued": "299,765", "Ordinary Shares Number": "299,765"}, "12/31/2019": {"Duration": "12/31/2019", "Total Assets": "265,986", "Total Liabilities Net Minority Interest": "256,785", "Total Equity Gross Minority Interest": "9,201", "Total Capitalization": "203,836", "Common Stock Equity": "9,201", "Capital Lease Obligations": "10,647", "Net Tangible Assets": "-35,278", "Working Capital": "155,411", "Invested Capital": "203,836", "Tangible Book Value": "-35,278", "Total Debt": "205,281", "Net Debt": "33,805", "Share Issued": "271,177", "Ordinary Shares Number": "271,177"}, "12/31/2018": {"Duration": "12/31/2018", "Total Assets": "211,984", "Total Liabilities Net Minority Interest": "114,460", "Total Equity Gross Minority Interest": "97,524", "Total Capitalization": "170,905", "Common Stock Equity": "97,524", "Capital Lease Obligations": "-", "Net Tangible Assets": "73,431", "Working Capital": "145,700", "Invested Capital": "170,905", "Tangible Book Value": "73,431", "Total Debt": "73,381", "Net Debt": "-", "Share Issued": "240,462", "Ordinary Shares Number": "240,462"}}, "cf": {"TTM": {"Duration": "TTM", "Operating Cash Flow": "-159,470", "Investing Cash Flow": "-1,598", "Financing Cash Flow": "80,724", "End Cash Position": "80,486", "Interest Paid Supplemental Data": "25,849", "Capital Expenditure": "-1,598", "Issuance of Capital Stock": "31,703", "Issuance of Debt": "50,000", "Repayment of Debt": "0", "Free Cash Flow": "-161,068"}, "12/31/2020": {"Duration": "12/31/2020", "Operating Cash Flow": "-159,470", "Investing Cash Flow": "-1,598", "Financing Cash Flow": "80,724", "End Cash Position": "80,486", "Interest Paid Supplemental Data": "25,849", "Capital Expenditure": "-1,598", "Issuance of Capital Stock": "31,703", "Issuance of Debt": "50,000", "Repayment of Debt": "0", "Free Cash Flow": "-161,068"}, "12/31/2019": {"Duration": "12/31/2019", "Operating Cash Flow": "-165,698", "Investing Cash Flow": "-23,913", "Financing Cash Flow": "188,827", "End Cash Position": "160,830", "Interest Paid Supplemental Data": "17,788", "Capital Expenditure": "-23,892", "Issuance of Capital Stock": "77,031", "Issuance of Debt": "200,000", "Repayment of Debt": "-81,661", "Free Cash Flow": "-189,590"}, "12/31/2018": {"Duration": "12/31/2018", "Operating Cash Flow": "-106,812", "Investing Cash Flow": "-21,498", "Financing Cash Flow": "162,787", "End Cash Position": "161,613", "Interest Paid Supplemental Data": "1,890", "Capital Expenditure": "-21,322", "Issuance of Capital Stock": "89,908", "Issuance of Debt": "75,000", "Repayment of Debt": "-", "Free Cash Flow": "-128,134"}}}}, {"IPXL": {"quote": {"05/11/2021": {"value": "", "Net Assets": "N/A", "Beta (5Y Monthly)": "N/A", "Yield": "N/A", "5y Average Return": "N/A", "Holdings Turnover": "N/A", "Last Dividend": "N/A", "Average for Category": "N/A", "Inception Date": "N/A"}}, "fin": {}, "bs": {}, "cf": {}}}, {"NNVC": {"quote": {"05/11/2021": {"value": "3.4100", "Market Cap": "36.409M", "Beta (5Y Monthly)": "0.83", "PE Ratio (TTM)": "N/A", "EPS (TTM)": "-1.6260", "Earnings Date": "Nov 16, 2020", "Forward Dividend & Yield": "N/A (N/A)", "Ex-Dividend Date": "N/A", "1y Target Est": "N/A"}}, "fin": {"TTM": {"Duration": "TTM", "Total Revenue": "0", "Operating Expense": "8,936", "Operating Income": "-8,936", "Net Non Operating Interest Income Expense": "-155.417", "Other Income Expense": "-5,507", "Pretax Income": "-14,599", "Tax Provision": "0", "Net Income Common Stockholders": "-14,599", "Average Dilution Earnings": "-", "Diluted NI Available to Com Stockholders": "-14,599", "Basic EPS": "-", "Diluted EPS": "-", "Basic Average Shares": "-", "Diluted Average Shares": "-", "Total Operating Income as Reported": "-8,936", "Total Expenses": "8,936", "Net Income from Continuing & Discontinued Operation": "-14,599", "Normalized Income": "-14,599", "Interest Income": "15.324", "Interest Expense": "170.741", "Net Interest Income": "-155.417", "EBIT": "-14,428", "EBITDA": "-13,726", "Reconciled Depreciation": "702.146", "Net Income from Continuing Operation Net Minority Interest": "-14,599", "Total Unusual Items Excluding Goodwill": "-", "Total Unusual Items": "-", "Normalized EBITDA": "-13,726", "Tax Rate for Calcs": "0", "Tax Effect of Unusual Items": "0"}, "6/30/2020": {"Duration": "6/30/2020", "Total Revenue": "0", "Operating Expense": "7,996", "Operating Income": "-7,996", "Net Non Operating Interest Income Expense": "-76.591", "Other Income Expense": "-5,373", "Pretax Income": "-13,447", "Tax Provision": "0", "Net Income Common Stockholders": "-13,447", "Average Dilution Earnings": "-", "Diluted NI Available to Com Stockholders": "-13,447", "Basic EPS": "-2.39", "Diluted EPS": "-2.39", "Basic Average Shares": "5,617", "Diluted Average Shares": "5,617", "Total Operating Income as Reported": "-7,996", "Total Expenses": "7,996", "Net Income from Continuing & Discontinued Operation": "-13,447", "Normalized Income": "-8,216", "Interest Income": "17.079", "Interest Expense": "93.67", "Net Interest Income": "-76.591", "EBIT": "-13,353", "EBITDA": "-", "Reconciled Depreciation": "699.724", "Net Income from Continuing Operation Net Minority Interest": "-13,447", "Total Unusual Items Excluding Goodwill": "-5,231", "Total Unusual Items": "-5,231", "Normalized EBITDA": "-7,422", "Tax Rate for Calcs": "0", "Tax Effect of Unusual Items": "0"}, "6/30/2019": {"Duration": "6/30/2019", "Total Revenue": "0", "Operating Expense": "8,660", "Operating Income": "-8,660", "Net Non Operating Interest Income Expense": "55.497", "Other Income Expense": "179.745", "Pretax Income": "-8,424", "Tax Provision": "0", "Net Income Common Stockholders": "-8,424", "Average Dilution Earnings": "-", "Diluted NI Available to Com Stockholders": "-8,424", "Basic EPS": "-2.40", "Diluted EPS": "-2.40", "Basic Average Shares": "3,590", "Diluted Average Shares": "3,590", "Total Operating Income as Reported": "-8,660", "Total Expenses": "8,660", "Net Income from Continuing & Discontinued Operation": "-8,424", "Normalized Income": "-8,604", "Interest Income": "55.497", "Interest Expense": "0", "Net Interest Income": "55.497", "EBIT": "-8,424", "EBITDA": "-", "Reconciled Depreciation": "695.911", "Net Income from Continuing Operation Net Minority Interest": "-8,424", "Total Unusual Items Excluding Goodwill": "179.745", "Total Unusual Items": "179.745", "Normalized EBITDA": "-7,908", "Tax Rate for Calcs": "0", "Tax Effect of Unusual Items": "0"}, "6/30/2018": {"Duration": "6/30/2018", "Total Revenue": "0", "Operating Expense": "9,325", "Operating Income": "-9,325", "Net Non Operating Interest Income Expense": "-444.059", "Other Income Expense": "1,206", "Pretax Income": "-8,563", "Tax Provision": "0", "Net Income Common Stockholders": "-8,563", "Average Dilution Earnings": "-", "Diluted NI Available to Com Stockholders": "-8,563", "Basic EPS": "-2.60", "Diluted EPS": "-2.60", "Basic Average Shares": "3,246", "Diluted Average Shares": "3,246", "Total Operating Income as Reported": "-9,325", "Total Expenses": "9,325", "Net Income from Continuing & Discontinued Operation": "-8,563", "Normalized Income": "-9,769", "Interest Income": "100.429", "Interest Expense": "544.488", "Net Interest Income": "-444.059", "EBIT": "-8,019", "EBITDA": "-", "Reconciled Depreciation": "680.058", "Net Income from Continuing Operation Net Minority Interest": "-8,563", "Total Unusual Items Excluding Goodwill": "1,206", "Total Unusual Items": "1,206", "Normalized EBITDA": "-8,545", "Tax Rate for Calcs": "0", "Tax Effect of Unusual Items": "0"}}, "bs": {"6/30/2020": {"Duration": "6/30/2020", "Total Assets": "23,914", "Total Liabilities Net Minority Interest": "2,156", "Total Equity Gross Minority Interest": "21,758", "Total Capitalization": "21,758", "Preferred Stock Equity": "0.369", "Common Stock Equity": "21,758", "Net Tangible Assets": "21,400", "Working Capital": "11,829", "Invested Capital": "22,902", "Tangible Book Value": "21,399", "Total Debt": "1,145", "Share Issued": "9,083", "Ordinary Shares Number": "9,083", "Preferred Shares Number": "369.376"}, "6/30/2019": {"Duration": "6/30/2019", "Total Assets": "13,449", "Total Liabilities Net Minority Interest": "2,848", "Total Equity Gross Minority Interest": "10,600", "Total Capitalization": "10,600", "Preferred Stock Equity": "5.114", "Common Stock Equity": "10,595", "Net Tangible Assets": "10,234", "Working Capital": "-22.732", "Invested Capital": "10,595", "Tangible Book Value": "10,229", "Total Debt": "-", "Share Issued": "3,845", "Ordinary Shares Number": "3,845", "Preferred Shares Number": "-"}, "6/30/2018": {"Duration": "6/30/2018", "Total Assets": "18,546", "Total Liabilities Net Minority Interest": "881.948", "Total Equity Gross Minority Interest": "17,664", "Total Capitalization": "17,664", "Preferred Stock Equity": "4.531", "Common Stock Equity": "17,660", "Net Tangible Assets": "17,289", "Working Capital": "6,440", "Invested Capital": "17,660", "Tangible Book Value": "17,285", "Total Debt": "-", "Share Issued": "3,459", "Ordinary Shares Number": "3,459", "Preferred Shares Number": "-"}}, "cf": {"TTM": {"Duration": "TTM", "Operating Cash Flow": "-8,657", "Investing Cash Flow": "-48.064", "Financing Cash Flow": "26,390", "End Cash Position": "18,393", "Income Tax Paid Supplemental Data": "-", "Interest Paid Supplemental Data": "0.655", "Capital Expenditure": "-48.064", "Issuance of Capital Stock": "27,119", "Issuance of Debt": "155.173", "Repayment of Debt": "-1,255", "Free Cash Flow": "-8,705"}, "6/30/2020": {"Duration": "6/30/2020", "Operating Cash Flow": "-6,666", "Investing Cash Flow": "-8.638", "Financing Cash Flow": "17,828", "End Cash Position": "13,709", "Income Tax Paid Supplemental Data": "0", "Interest Paid Supplemental Data": "0", "Capital Expenditure": "-8.638", "Issuance of Capital Stock": "16,677", "Issuance of Debt": "1,255", "Repayment of Debt": "-92.33", "Free Cash Flow": "-6,674"}, "6/30/2019": {"Duration": "6/30/2019", "Operating Cash Flow": "-6,803", "Investing Cash Flow": "-73.794", "Financing Cash Flow": "2,350", "End Cash Position": "2,555", "Income Tax Paid Supplemental Data": "0", "Interest Paid Supplemental Data": "0", "Capital Expenditure": "-73.794", "Issuance of Capital Stock": "2,350", "Issuance of Debt": "-", "Repayment of Debt": "0", "Free Cash Flow": "-6,877"}, "6/30/2018": {"Duration": "6/30/2018", "Operating Cash Flow": "-7,776", "Investing Cash Flow": "-241.822", "Financing Cash Flow": "0", "End Cash Position": "7,082", "Income Tax Paid Supplemental Data": "0", "Interest Paid Supplemental Data": "166.667", "Capital Expenditure": "-241.822", "Issuance of Capital Stock": "-", "Issuance of Debt": "-", "Repayment of Debt": "0", "Free Cash Flow": "-8,018"}}}}, {"JNJ": {"quote": {"05/11/2021": {"value": "168.88", "Market Cap": "444.729B", "Beta (5Y Monthly)": "0.71", "PE Ratio (TTM)": "29.83", "EPS (TTM)": "5.66", "Earnings Date": "Jul 21, 2021", "Forward Dividend & Yield": "4.24 (2.51%)", "Ex-Dividend Date": "May 24, 2021", "1y Target Est": "186.80"}}, "fin": {"TTM": {"Duration": "TTM", "Total Revenue": "84,214,000", "Cost of Revenue": "28,428,000", "Gross Profit": "55,786,000", "Operating Expense": "35,070,000", "Operating Income": "20,716,000", "Net Non Operating Interest Income Expense": "-180,000", "Other Income Expense": "-3,119,000", "Pretax Income": "17,417,000", "Tax Provision": "2,302,000", "Net Income Common Stockholders": "15,115,000", "Diluted NI Available to Com Stockholders": "15,115,000", "Basic EPS": "-", "Diluted EPS": "-", "Basic Average Shares": "-", "Diluted Average Shares": "-", "Total Expenses": "63,498,000", "Net Income from Continuing & Discontinued Operation": "15,115,000", "Normalized Income": "15,482,092", "Interest Income": "-", "Interest Expense": "-", "Net Interest Income": "-180,000", "EBIT": "16,812,000", "EBITDA": "16,812,000", "Reconciled Cost of Revenue": "28,428,000", "Reconciled Depreciation": "-", "Net Income from Continuing Operation Net Minority Interest": "15,115,000", "Total Unusual Items Excluding Goodwill": "-423,000", "Total Unusual Items": "-423,000", "Normalized EBITDA": "17,235,000", "Tax Rate for Calcs": "0", "Tax Effect of Unusual Items": "-55,908"}, "12/31/2020": {"Duration": "12/31/2020", "Total Revenue": "82,584,000", "Cost of Revenue": "28,427,000", "Gross Profit": "54,157,000", "Operating Expense": "34,243,000", "Operating Income": "19,914,000", "Net Non Operating Interest Income Expense": "-90,000", "Other Income Expense": "-3,327,000", "Pretax Income": "16,497,000", "Tax Provision": "1,783,000", "Net Income Common Stockholders": "14,714,000", "Diluted NI Available to Com Stockholders": "14,714,000", "Basic EPS": "5.59", "Diluted EPS": "5.51", "Basic Average Shares": "2,632,800", "Diluted Average Shares": "2,670,700", "Total Expenses": "62,670,000", "Net Income from Continuing & Discontinued Operation": "14,714,000", "Normalized Income": "15,095,776", "Interest Income": "111,000", "Interest Expense": "201,000", "Net Interest Income": "-90,000", "EBIT": "16,698,000", "EBITDA": "-", "Reconciled Cost of Revenue": "28,427,000", "Reconciled Depreciation": "7,231,000", "Net Income from Continuing Operation Net Minority Interest": "14,714,000", "Total Unusual Items Excluding Goodwill": "-428,000", "Total Unusual Items": "-428,000", "Normalized EBITDA": "24,357,000", "Tax Rate for Calcs": "0", "Tax Effect of Unusual Items": "-46,224"}, "12/31/2019": {"Duration": "12/31/2019", "Total Revenue": "82,059,000", "Cost of Revenue": "27,556,000", "Gross Profit": "54,503,000", "Operating Expense": "33,533,000", "Operating Income": "20,970,000", "Net Non Operating Interest Income Expense": "39,000", "Other Income Expense": "-3,681,000", "Pretax Income": "17,328,000", "Tax Provision": "2,209,000", "Net Income Common Stockholders": "15,119,000", "Diluted NI Available to Com Stockholders": "15,119,000", "Basic EPS": "5.74", "Diluted EPS": "5.63", "Basic Average Shares": "2,632,507", "Diluted Average Shares": "2,684,300", "Total Expenses": "61,089,000", "Net Income from Continuing & Discontinued Operation": "15,119,000", "Normalized Income": "16,128,188", "Interest Income": "357,000", "Interest Expense": "318,000", "Net Interest Income": "39,000", "EBIT": "17,646,000", "EBITDA": "-", "Reconciled Cost of Revenue": "27,556,000", "Reconciled Depreciation": "7,009,000", "Net Income from Continuing Operation Net Minority Interest": "15,119,000", "Total Unusual Items Excluding Goodwill": "-1,156,000", "Total Unusual Items": "-1,156,000", "Normalized EBITDA": "25,811,000", "Tax Rate for Calcs": "0", "Tax Effect of Unusual Items": "-146,812"}, "12/31/2018": {"Duration": "12/31/2018", "Total Revenue": "81,581,000", "Cost of Revenue": "27,091,000", "Gross Profit": "54,490,000", "Operating Expense": "33,315,000", "Operating Income": "21,175,000", "Net Non Operating Interest Income Expense": "-394,000", "Other Income Expense": "-2,782,000", "Pretax Income": "17,999,000", "Tax Provision": "2,702,000", "Net Income Common Stockholders": "15,297,000", "Diluted NI Available to Com Stockholders": "15,297,000", "Basic EPS": "5.75", "Diluted EPS": "5.61", "Basic Average Shares": "2,662,324", "Diluted Average Shares": "2,728,700", "Total Expenses": "60,406,000", "Net Income from Continuing & Discontinued Operation": "15,297,000", "Normalized Income": "16,467,450", "Interest Income": "611,000", "Interest Expense": "1,005,000", "Net Interest Income": "-394,000", "EBIT": "19,004,000", "EBITDA": "-", "Reconciled Cost of Revenue": "27,091,000", "Reconciled Depreciation": "6,929,000", "Net Income from Continuing Operation Net Minority Interest": "15,297,000", "Total Unusual Items Excluding Goodwill": "-1,377,000", "Total Unusual Items": "-1,377,000", "Normalized EBITDA": "27,310,000", "Tax Rate for Calcs": "0", "Tax Effect of Unusual Items": "-206,550"}}, "bs": {"12/31/2020": {"Duration": "12/31/2020", "Total Assets": "174,894,000", "Total Liabilities Net Minority Interest": "111,616,000", "Total Equity Gross Minority Interest": "63,278,000", "Total Capitalization": "95,913,000", "Common Stock Equity": "63,278,000", "Net Tangible Assets": "-26,517,000", "Working Capital": "8,744,000", "Invested Capital": "98,544,000", "Tangible Book Value": "-26,517,000", "Total Debt": "35,266,000", "Net Debt": "21,281,000", "Share Issued": "3,119,843", "Ordinary Shares Number": "2,632,512", "Treasury Shares Number": "487,331"}, "12/31/2019": {"Duration": "12/31/2019", "Total Assets": "157,728,000", "Total Liabilities Net Minority Interest": "98,257,000", "Total Equity Gross Minority Interest": "59,471,000", "Total Capitalization": "85,965,000", "Common Stock Equity": "59,471,000", "Net Tangible Assets": "-21,811,000", "Working Capital": "9,310,000", "Invested Capital": "87,167,000", "Tangible Book Value": "-21,811,000", "Total Debt": "27,696,000", "Net Debt": "10,391,000", "Share Issued": "3,119,843", "Ordinary Shares Number": "2,632,507", "Treasury Shares Number": "487,336"}, "12/31/2018": {"Duration": "12/31/2018", "Total Assets": "152,954,000", "Total Liabilities Net Minority Interest": "93,202,000", "Total Equity Gross Minority Interest": "59,752,000", "Total Capitalization": "87,436,000", "Common Stock Equity": "59,752,000", "Net Tangible Assets": "-18,312,000", "Working Capital": "14,803,000", "Invested Capital": "90,232,000", "Tangible Book Value": "-18,312,000", "Total Debt": "30,480,000", "Net Debt": "12,373,000", "Share Issued": "3,119,843", "Ordinary Shares Number": "2,662,324", "Treasury Shares Number": "457,519"}}, "cf": {"TTM": {"Duration": "TTM", "Operating Cash Flow": "-", "Investing Cash Flow": "-", "Financing Cash Flow": "-", "End Cash Position": "-", "Income Tax Paid Supplemental Data": "-", "Interest Paid Supplemental Data": "-", "Capital Expenditure": "-", "Issuance of Debt": "-", "Repayment of Debt": "-", "Repurchase of Capital Stock": "-", "Free Cash Flow": "-"}, "12/31/2020": {"Duration": "12/31/2020", "Operating Cash Flow": "23,536,000", "Investing Cash Flow": "-20,825,000", "Financing Cash Flow": "-6,120,000", "End Cash Position": "13,985,000", "Income Tax Paid Supplemental Data": "4,619,000", "Interest Paid Supplemental Data": "904,000", "Capital Expenditure": "-3,347,000", "Issuance of Debt": "10,822,000", "Repayment of Debt": "-3,727,000", "Repurchase of Capital Stock": "-3,221,000", "Free Cash Flow": "20,189,000"}, "12/31/2019": {"Duration": "12/31/2019", "Operating Cash Flow": "23,416,000", "Investing Cash Flow": "-6,194,000", "Financing Cash Flow": "-18,015,000", "End Cash Position": "17,305,000", "Income Tax Paid Supplemental Data": "4,191,000", "Interest Paid Supplemental Data": "995,000", "Capital Expenditure": "-3,498,000", "Issuance of Debt": "42,000", "Repayment of Debt": "-2,923,000", "Repurchase of Capital Stock": "-6,746,000", "Free Cash Flow": "19,918,000"}, "12/31/2018": {"Duration": "12/31/2018", "Operating Cash Flow": "22,201,000", "Investing Cash Flow": "-3,167,000", "Financing Cash Flow": "-18,510,000", "End Cash Position": "18,107,000", "Income Tax Paid Supplemental Data": "4,570,000", "Interest Paid Supplemental Data": "1,049,000", "Capital Expenditure": "-3,670,000", "Issuance of Debt": "85,000", "Repayment of Debt": "-4,034,000", "Repurchase of Capital Stock": "-5,868,000", "Free Cash Flow": "18,531,000"}}}}, {"NVGN": {"quote": {"05/11/2021": {"value": "", "Net Assets": "N/A", "Beta (5Y Monthly)": "N/A", "Yield": "N/A", "5y Average Return": "N/A", "Holdings Turnover": "N/A", "Last Dividend": "N/A", "Average for Category": "N/A", "Inception Date": "N/A"}}, "fin": {}, "bs": {}, "cf": {}}}, {"NTRR": {"quote": {"05/11/2021": {"value": "0.0042", "Market Cap": "5.811M", "Beta (5Y Monthly)": "3.22", "PE Ratio (TTM)": "N/A", "EPS (TTM)": "-0.0010", "Earnings Date": "Jul 14, 2020", "Forward Dividend & Yield": "N/A (N/A)", "Ex-Dividend Date": "N/A", "1y Target Est": "N/A"}}, "fin": {"TTM": {"Duration": "TTM", "Total Revenue": "13.862", "Operating Expense": "330.35", "Operating Income": "-318.4", "Net Non Operating Interest Income Expense": "-210.573", "Other Income Expense": "26.421", "Pretax Income": "-502.552", "Net Income Common Stockholders": "-533.252", "Diluted NI Available to Com Stockholders": "-533.252", "Basic EPS": "-", "Diluted EPS": "-", "Basic Average Shares": "-", "Diluted Average Shares": "-", "Total Operating Income as Reported": "-318.4", "Total Expenses": "332.262", "Net Income from Continuing & Discontinued Operation": "-502.552", "Normalized Income": "-528.973", "Interest Expense": "210.573", "Net Interest Income": "-210.573", "EBIT": "-291.979", "EBITDA": "-291.979", "Net Income from Continuing Operation Net Minority Interest": "-502.552", "Total Unusual Items Excluding Goodwill": "26.421", "Total Unusual Items": "26.421", "Normalized EBITDA": "-318.4", "Tax Rate for Calcs": "0", "Tax Effect of Unusual Items": "0"}, "1/31/2020": {"Duration": "1/31/2020", "Total Revenue": "6.395", "Operating Expense": "400.64", "Operating Income": "-394.245", "Net Non Operating Interest Income Expense": "-340.701", "Other Income Expense": "39.325", "Pretax Income": "-695.621", "Net Income Common Stockholders": "-695.621", "Diluted NI Available to Com Stockholders": "-695.621", "Basic EPS": "-0.00", "Diluted EPS": "-0.00", "Basic Average Shares": "241,537", "Diluted Average Shares": "241,537", "Total Operating Income as Reported": "-394.245", "Total Expenses": "400.64", "Net Income from Continuing & Discontinued Operation": "-695.621", "Normalized Income": "-734.946", "Interest Expense": "340.701", "Net Interest Income": "-340.701", "EBIT": "-354.92", "EBITDA": "-", "Net Income from Continuing Operation Net Minority Interest": "-695.621", "Total Unusual Items Excluding Goodwill": "39.325", "Total Unusual Items": "39.325", "Normalized EBITDA": "-394.245", "Tax Rate for Calcs": "0", "Tax Effect of Unusual Items": "0"}, "1/31/2019": {"Duration": "1/31/2019", "Total Revenue": "0", "Operating Expense": "1,709", "Operating Income": "-1,709", "Net Non Operating Interest Income Expense": "-720.75", "Other Income Expense": "0.565", "Pretax Income": "-2,429", "Net Income Common Stockholders": "-2,429", "Diluted NI Available to Com Stockholders": "-2,429", "Basic EPS": "-0.16", "Diluted EPS": "-0.16", "Basic Average Shares": "14,907", "Diluted Average Shares": "14,907", "Total Operating Income as Reported": "-1,709", "Total Expenses": "1,709", "Net Income from Continuing & Discontinued Operation": "-2,429", "Normalized Income": "-2,429", "Interest Expense": "720.75", "Net Interest Income": "-720.75", "EBIT": "-1,709", "EBITDA": "-", "Net Income from Continuing Operation Net Minority Interest": "-2,429", "Total Unusual Items Excluding Goodwill": "-", "Total Unusual Items": "-", "Normalized EBITDA": "-1,709", "Tax Rate for Calcs": "0", "Tax Effect of Unusual Items": "0"}}, "bs": {"1/31/2020": {"Duration": "1/31/2020", "Total Assets": "182.334", "Total Liabilities Net Minority Interest": "1,032", "Total Equity Gross Minority Interest": "-849.49", "Total Capitalization": "-849.49", "Preferred Stock Equity": "2.05", "Common Stock Equity": "-851.54", "Net Tangible Assets": "-849.49", "Working Capital": "-849.49", "Invested Capital": "-539.164", "Tangible Book Value": "-851.54", "Total Debt": "312.376", "Net Debt": "135.2", "Share Issued": "616,198", "Ordinary Shares Number": "616,198"}, "1/31/2019": {"Duration": "1/31/2019", "Total Assets": "163.596", "Total Liabilities Net Minority Interest": "1,269", "Total Equity Gross Minority Interest": "-1,106", "Total Capitalization": "-1,106", "Preferred Stock Equity": "1", "Common Stock Equity": "-1,107", "Net Tangible Assets": "-1,106", "Working Capital": "-1,106", "Invested Capital": "-517.318", "Tangible Book Value": "-1,107", "Total Debt": "589.252", "Net Debt": "589.252", "Share Issued": "34,126", "Ordinary Shares Number": "34,126"}}, "cf": {"TTM": {"Duration": "TTM", "Operating Cash Flow": "-316.002", "Financing Cash Flow": "496", "End Cash Position": "177.176", "Income Tax Paid Supplemental Data": "0", "Interest Paid Supplemental Data": "0.749", "Issuance of Capital Stock": "420", "Issuance of Debt": "40", "Repayment of Debt": "-25", "Free Cash Flow": "-482.525"}, "1/31/2020": {"Duration": "1/31/2020", "Operating Cash Flow": "-181.607", "Financing Cash Flow": "358.783", "End Cash Position": "177.176", "Income Tax Paid Supplemental Data": "0", "Interest Paid Supplemental Data": "0.749", "Issuance of Capital Stock": "250", "Issuance of Debt": "150", "Repayment of Debt": "-41.217", "Free Cash Flow": "-181.607"}, "1/31/2019": {"Duration": "1/31/2019", "Operating Cash Flow": "-417", "Financing Cash Flow": "417", "End Cash Position": "0", "Income Tax Paid Supplemental Data": "0", "Interest Paid Supplemental Data": "22.5", "Issuance of Capital Stock": "-", "Issuance of Debt": "417", "Repayment of Debt": "-", "Free Cash Flow": "-417"}}}}, {"SNY": {"quote": {"05/11/2021": {"value": "51.95", "Market Cap": "130.032B", "Beta (5Y Monthly)": "0.40", "PE Ratio (TTM)": "8.82", "EPS (TTM)": "5.89", "Earnings Date": "N/A", "Forward Dividend & Yield": "1.91 (3.63%)", "Ex-Dividend Date": "May 03, 2021", "1y Target Est": "63.88"}}, "fin": {"TTM": {"Duration": "TTM", "Total Revenue": "37,369,000", "Cost of Revenue": "12,157,000", "Gross Profit": "25,212,000", "Operating Expense": "17,319,000", "Operating Income": "7,893,000", "Net Non Operating Interest Income Expense": "-337,000", "Other Income Expense": "6,248,000", "Pretax Income": "13,804,000", "Tax Provision": "1,813,000", "Earnings from Equity Interest Net of Tax": "359,000", "Net Income Common Stockholders": "12,314,000", "Diluted NI Available to Com Stockholders": "12,314,000", "Basic EPS": "-", "Diluted EPS": "-", "Basic Average Shares": "-", "Diluted Average Shares": "-", "Total Operating Income as Reported": "14,141,000", "Total Expenses": "29,476,000", "Net Income from Continuing & Discontinued Operation": "12,314,000", "Normalized Income": "7,002,672", "Interest Income": "103,000", "Interest Expense": "436,000", "Net Interest Income": "-337,000", "EBIT": "14,240,000", "EBITDA": "17,924,000", "Reconciled Cost of Revenue": "10,154,000", "Reconciled Depreciation": "3,684,000", "Net Income from Continuing Operation Net Minority Interest": "12,314,000", "Total Unusual Items Excluding Goodwill": "6,112,000", "Total Unusual Items": "6,112,000", "Normalized EBITDA": "11,812,000", "Tax Rate for Calcs": "0", "Tax Effect of Unusual Items": "800,672"}, "12/31/2020": {"Duration": "12/31/2020", "Total Revenue": "37,369,000", "Cost of Revenue": "12,157,000", "Gross Profit": "25,212,000", "Operating Expense": "17,319,000", "Operating Income": "7,893,000", "Net Non Operating Interest Income Expense": "-337,000", "Other Income Expense": "6,248,000", "Pretax Income": "13,804,000", "Tax Provision": "1,813,000", "Earnings from Equity Interest Net of Tax": "359,000", "Net Income Common Stockholders": "12,314,000", "Diluted NI Available to Com Stockholders": "12,314,000", "Basic EPS": "-", "Diluted EPS": "-", "Basic Average Shares": "-", "Diluted Average Shares": "-", "Total Operating Income as Reported": "14,141,000", "Total Expenses": "29,476,000", "Net Income from Continuing & Discontinued Operation": "12,314,000", "Normalized Income": "7,002,672", "Interest Income": "103,000", "Interest Expense": "436,000", "Net Interest Income": "-337,000", "EBIT": "14,240,000", "EBITDA": "-", "Reconciled Cost of Revenue": "10,154,000", "Reconciled Depreciation": "3,684,000", "Net Income from Continuing Operation Net Minority Interest": "12,314,000", "Total Unusual Items Excluding Goodwill": "6,112,000", "Total Unusual Items": "6,112,000", "Normalized EBITDA": "11,812,000", "Tax Rate for Calcs": "0", "Tax Effect of Unusual Items": "800,672"}, "12/31/2019": {"Duration": "12/31/2019", "Total Revenue": "37,631,000", "Cost of Revenue": "11,976,000", "Gross Profit": "25,655,000", "Operating Expense": "18,429,000", "Operating Income": "7,226,000", "Net Non Operating Interest Income Expense": "-303,000", "Other Income Expense": "-4,101,000", "Pretax Income": "2,822,000", "Tax Provision": "139,000", "Earnings from Equity Interest Net of Tax": "255,000", "Net Income Common Stockholders": "2,806,000", "Diluted NI Available to Com Stockholders": "2,806,000", "Basic EPS": "1.12", "Diluted EPS": "1.12", "Basic Average Shares": "2,499,800", "Diluted Average Shares": "2,499,800", "Total Operating Income as Reported": "3,125,000", "Total Expenses": "30,405,000", "Net Income from Continuing & Discontinued Operation": "2,806,000", "Normalized Income": "7,118,028", "Interest Income": "141,000", "Interest Expense": "444,000", "Net Interest Income": "-303,000", "EBIT": "3,266,000", "EBITDA": "-", "Reconciled Cost of Revenue": "6,670,000", "Reconciled Depreciation": "7,452,000", "Net Income from Continuing Operation Net Minority Interest": "2,907,000", "Total Unusual Items Excluding Goodwill": "-4,428,000", "Total Unusual Items": "-4,428,000", "Normalized EBITDA": "15,146,000", "Tax Rate for Calcs": "0", "Tax Effect of Unusual Items": "-216,972"}, "12/31/2018": {"Duration": "12/31/2018", "Total Revenue": "35,677,000", "Cost of Revenue": "11,435,000", "Gross Profit": "24,242,000", "Operating Expense": "17,987,000", "Operating Income": "6,255,000", "Net Non Operating Interest Income Expense": "-271,000", "Other Income Expense": "-1,579,000", "Pretax Income": "4,405,000", "Tax Provision": "481,000", "Earnings from Equity Interest Net of Tax": "499,000", "Net Income Common Stockholders": "4,306,000", "Diluted NI Available to Com Stockholders": "4,306,000", "Basic EPS": "1.73", "Diluted EPS": "1.73", "Basic Average Shares": "2,494,200", "Diluted Average Shares": "2,494,200", "Total Operating Income as Reported": "4,676,000", "Total Expenses": "29,422,000", "Net Income from Continuing & Discontinued Operation": "4,306,000", "Normalized Income": "6,173,171", "Interest Income": "164,000", "Interest Expense": "435,000", "Net Interest Income": "-271,000", "EBIT": "4,840,000", "EBITDA": "-", "Reconciled Cost of Revenue": "9,326,000", "Reconciled Depreciation": "4,279,000", "Net Income from Continuing Operation Net Minority Interest": "4,319,000", "Total Unusual Items Excluding Goodwill": "-2,081,000", "Total Unusual Items": "-2,081,000", "Normalized EBITDA": "11,200,000", "Tax Rate for Calcs": "0", "Tax Effect of Unusual Items": "-226,829"}}, "bs": {"12/31/2020": {"Duration": "12/31/2020", "Total Assets": "114,529,000", "Total Liabilities Net Minority Interest": "51,382,000", "Total Equity Gross Minority Interest": "63,147,000", "Total Capitalization": "82,746,000", "Common Stock Equity": "63,001,000", "Capital Lease Obligations": "1,163,000", "Net Tangible Assets": "216,000", "Working Capital": "14,506,000", "Invested Capital": "85,513,000", "Tangible Book Value": "216,000", "Total Debt": "23,675,000", "Net Debt": "8,597,000", "Share Issued": "1,258,971", "Ordinary Shares Number": "1,250,691", "Treasury Shares Number": "8,280"}, "12/31/2019": {"Duration": "12/31/2019", "Total Assets": "112,736,000", "Total Liabilities Net Minority Interest": "53,628,000", "Total Equity Gross Minority Interest": "59,108,000", "Total Capitalization": "79,065,000", "Common Stock Equity": "58,934,000", "Capital Lease Obligations": "1,248,000", "Net Tangible Assets": "-2,157,000", "Working Capital": "8,549,000", "Invested Capital": "83,619,000", "Tangible Book Value": "-2,157,000", "Total Debt": "25,933,000", "Net Debt": "15,258,000", "Share Issued": "1,253,846", "Ordinary Shares Number": "1,253,827", "Treasury Shares Number": "19.481"}, "12/31/2018": {"Duration": "12/31/2018", "Total Assets": "111,408,000", "Total Liabilities Net Minority Interest": "52,373,000", "Total Equity Gross Minority Interest": "59,035,000", "Total Capitalization": "80,883,000", "Common Stock Equity": "58,876,000", "Capital Lease Obligations": "-", "Net Tangible Assets": "-7,248,000", "Working Capital": "7,271,000", "Invested Capital": "83,516,000", "Tangible Book Value": "-7,248,000", "Total Debt": "24,640,000", "Net Debt": "17,715,000", "Share Issued": "1,247,395", "Ordinary Shares Number": "1,245,454", "Treasury Shares Number": "1,941"}}, "cf": {"TTM": {"Duration": "TTM", "Operating Cash Flow": "7,449,000", "Investing Cash Flow": "3,588,000", "Financing Cash Flow": "-6,485,000", "Other Cash Adjustment Inside Change in Cash": "-", "End Cash Position": "13,915,000", "Income Tax Paid Supplemental Data": "-", "Interest Paid Supplemental Data": "-", "Capital Expenditure": "-2,114,000", "Issuance of Capital Stock": "203,000", "Issuance of Debt": "2,019,000", "Repayment of Debt": "-4,186,000", "Repurchase of Capital Stock": "-822,000", "Free Cash Flow": "5,335,000"}, "12/31/2020": {"Duration": "12/31/2020", "Operating Cash Flow": "7,449,000", "Investing Cash Flow": "3,588,000", "Financing Cash Flow": "-6,485,000", "Other Cash Adjustment Inside Change in Cash": "-", "End Cash Position": "13,915,000", "Income Tax Paid Supplemental Data": "-", "Interest Paid Supplemental Data": "-", "Capital Expenditure": "-2,114,000", "Issuance of Capital Stock": "203,000", "Issuance of Debt": "2,019,000", "Repayment of Debt": "-4,186,000", "Repurchase of Capital Stock": "-822,000", "Free Cash Flow": "5,335,000"}, "12/31/2019": {"Duration": "12/31/2019", "Operating Cash Flow": "7,744,000", "Investing Cash Flow": "-1,058,000", "Financing Cash Flow": "-4,193,000", "Other Cash Adjustment Inside Change in Cash": "-", "End Cash Position": "9,427,000", "Income Tax Paid Supplemental Data": "-", "Interest Paid Supplemental Data": "-", "Capital Expenditure": "-1,816,000", "Issuance of Capital Stock": "162,000", "Issuance of Debt": "1,997,000", "Repayment of Debt": "-2,334,000", "Repurchase of Capital Stock": "-9,000", "Free Cash Flow": "5,928,000"}, "12/31/2018": {"Duration": "12/31/2018", "Operating Cash Flow": "5,547,000", "Investing Cash Flow": "-12,872,000", "Financing Cash Flow": "3,934,000", "Other Cash Adjustment Inside Change in Cash": "-", "End Cash Position": "6,925,000", "Income Tax Paid Supplemental Data": "2,058,000", "Interest Paid Supplemental Data": "412,000", "Capital Expenditure": "-1,977,000", "Issuance of Capital Stock": "177,000", "Issuance of Debt": "9,677,000", "Repayment of Debt": "-787,000", "Repurchase of Capital Stock": "-1,101,000", "Free Cash Flow": "3,570,000"}}}}, {"INNV": {"quote": {"05/11/2021": {"value": "23.75", "Market Cap": "3.614B", "Beta (5Y Monthly)": "N/A", "PE Ratio (TTM)": "N/A", "EPS (TTM)": "-0.32", "Earnings Date": "N/A", "Forward Dividend & Yield": "N/A (N/A)", "Ex-Dividend Date": "N/A", "1y Target Est": "29.75"}}, "fin": {"TTM": {"Duration": "TTM", "Total Revenue": "607,139", "Cost of Revenue": "442,526", "Gross Profit": "164,613", "Operating Expense": "147,125", "Operating Income": "17,488", "Net Non Operating Interest Income Expense": "-17,879", "Other Income Expense": "-2,630", "Pretax Income": "-3,021", "Tax Provision": "17,204", "Net Income Common Stockholders": "-19,715", "Diluted NI Available to Com Stockholders": "-19,715", "Basic EPS": "-", "Diluted EPS": "-", "Basic Average Shares": "-", "Diluted Average Shares": "-", "Total Operating Income as Reported": "15,508", "Total Expenses": "589,651", "Net Income from Continuing & Discontinued Operation": "-19,715", "Normalized Income": "-18,992", "Interest Expense": "17,879", "Net Interest Income": "-17,879", "EBIT": "14,858", "EBITDA": "26,559", "Reconciled Cost of Revenue": "442,526", "Reconciled Depreciation": "11,701", "Net Income from Continuing Operation Net Minority Interest": "-19,715", "Total Unusual Items Excluding Goodwill": "-991", "Total Unusual Items": "-991", "Normalized EBITDA": "27,550", "Tax Rate for Calcs": "0", "Tax Effect of Unusual Items": "-267.57"}, "6/30/2020": {"Duration": "6/30/2020", "Total Revenue": "567,192", "Cost of Revenue": "425,888", "Gross Profit": "141,304", "Operating Expense": "89,693", "Operating Income": "51,611", "Net Non Operating Interest Income Expense": "-14,619", "Other Income Expense": "-1,359", "Pretax Income": "35,633", "Tax Provision": "9,868", "Net Income Common Stockholders": "26,278", "Diluted NI Available to Com Stockholders": "26,278", "Basic EPS": "0.18", "Diluted EPS": "0.17", "Basic Average Shares": "149,283", "Diluted Average Shares": "151,900", "Total Operating Income as Reported": "50,933", "Total Expenses": "515,581", "Net Income from Continuing & Discontinued Operation": "26,278", "Normalized Income": "26,278", "Interest Expense": "14,619", "Net Interest Income": "-14,619", "EBIT": "50,252", "EBITDA": "-", "Reconciled Cost of Revenue": "425,888", "Reconciled Depreciation": "11,291", "Net Income from Continuing Operation Net Minority Interest": "26,278", "Total Unusual Items Excluding Goodwill": "0", "Total Unusual Items": "0", "Normalized EBITDA": "61,543", "Tax Rate for Calcs": "0", "Tax Effect of Unusual Items": "0"}}, "bs": {"6/30/2020": {"Duration": "6/30/2020", "Total Assets": "409,634", "Total Liabilities Net Minority Interest": "301,884", "Total Equity Gross Minority Interest": "107,750", "Total Capitalization": "311,447", "Common Stock Equity": "101,015", "Capital Lease Obligations": "5,587", "Net Tangible Assets": "-20,301", "Working Capital": "90,298", "Invested Capital": "313,385", "Tangible Book Value": "-20,301", "Total Debt": "217,957", "Net Debt": "99,466", "Share Issued": "133,187", "Ordinary Shares Number": "133,187"}}, "cf": {"TTM": {"Duration": "TTM", "Operating Cash Flow": "29,644", "Investing Cash Flow": "-19,201", "Financing Cash Flow": "1,555", "End Cash Position": "78,993", "Income Tax Paid Supplemental Data": "6,383", "Interest Paid Supplemental Data": "14,933", "Capital Expenditure": "-18,056", "Issuance of Capital Stock": "-", "Issuance of Debt": "325,000", "Repayment of Debt": "-216,549", "Repurchase of Capital Stock": "-77,603", "Free Cash Flow": "11,588"}, "6/30/2020": {"Duration": "6/30/2020", "Operating Cash Flow": "43,828", "Investing Cash Flow": "-11,691", "Financing Cash Flow": "21,232", "End Cash Position": "114,565", "Income Tax Paid Supplemental Data": "4,745", "Interest Paid Supplemental Data": "11,551", "Capital Expenditure": "-11,844", "Issuance of Capital Stock": "0", "Issuance of Debt": "25,000", "Repayment of Debt": "-3,768", "Repurchase of Capital Stock": "0", "Free Cash Flow": "31,984"}}}}, {"PRTT": {"quote": {"05/11/2021": {"value": "1.5500", "Market Cap": "2.501M", "Beta (5Y Monthly)": "1.46", "PE Ratio (TTM)": "N/A", "EPS (TTM)": "-0.0230", "Earnings Date": "N/A", "Forward Dividend & Yield": "N/A (N/A)", "Ex-Dividend Date": "N/A", "1y Target Est": "N/A"}}, "fin": {"TTM": {"Duration": "TTM", "Total Revenue": "0", "Operating Expense": "0.707", "Operating Income": "-0.707", "Net Non Operating Interest Income Expense": "-14.33", "Pretax Income": "-15.037", "Tax Provision": "0", "Net Income Common Stockholders": "-15.037", "Diluted NI Available to Com Stockholders": "-15.037", "Basic EPS": "-", "Diluted EPS": "-", "Basic Average Shares": "-", "Diluted Average Shares": "-", "Total Operating Income as Reported": "-0.707", "Total Expenses": "0.707", "Net Income from Continuing & Discontinued Operation": "-15.037", "Normalized Income": "-15.037", "Interest Expense": "14.33", "Net Interest Income": "-14.33", "EBIT": "-0.707", "EBITDA": "-0.707", "Net Income from Continuing Operation Net Minority Interest": "-15.037", "Normalized EBITDA": "-0.707", "Tax Rate for Calcs": "0", "Tax Effect of Unusual Items": "0"}}, "bs": {}, "cf": {"TTM": {"Duration": "TTM", "Operating Cash Flow": "0.072", "Investing Cash Flow": "0", "Financing Cash Flow": "20", "End Cash Position": "-", "Free Cash Flow": "0.072"}}}}, {"ALQA": {"fin": {}, "bs": {}, "cf": {}}}, {"SKBI": {"fin": {}, "bs": {}, "cf": {}}}, {"IMNP": {"fin": {}, "bs": {}, "cf": {}}}, {"RTRX": {"fin": {}, "bs": {}, "cf": {}}}, {"TGLP": {"fin": {}, "bs": {}, "cf": {}}}]