[{"ALKS": {"quote": {"04/25/2021": {"value": "21.28", "Market Cap": "3.264B", "Beta (5Y Monthly)": "0.92", "PE Ratio (TTM)": "N/A", "EPS (TTM)": "-0.70", "Earnings Date": "Apr 28, 2021", "Forward Dividend & Yield": "N/A (N/A)", "Ex-Dividend Date": "N/A", "1y Target Est": "21.89"}}, "fin": {"TTM": {"Duration": "TTM", "Total Revenue": "1,038,756", "Cost of Revenue": "572,904", "Gross Profit": "465,852", "Operating Expense": "578,279", "Operating Income": "-112,427", "Net Non Operating Interest Income Expense": "-1,699", "Other Income Expense": "17,589", "Pretax Income": "-96,537", "Tax Provision": "14,324", "Net Income Common Stockholders": "-110,861", "Diluted NI Available to Com Stockholders": "-110,861", "Basic EPS": "-", "Diluted EPS": "-", "Basic Average Shares": "-", "Diluted Average Shares": "-", "Total Operating Income as Reported": "-112,427", "Total Expenses": "1,151,183", "Net Income from Continuing & Discontinued Operation": "-110,861", "Normalized Income": "-113,741", "Interest Income": "6,960", "Interest Expense": "8,659", "Net Interest Income": "-1,699", "EBIT": "-87,878", "EBITDA": "-6,024", "Reconciled Cost of Revenue": "530,502", "Reconciled Depreciation": "81,854", "Net Income from Continuing Operation Net Minority Interest": "-110,861", "Total Unusual Items Excluding Goodwill": "3,945", "Total Unusual Items": "3,945", "Normalized EBITDA": "-9,969", "Tax Rate for Calcs": "0", "Tax Effect of Unusual Items": "1,065"}, "12/31/2020": {"Duration": "12/31/2020", "Total Revenue": "1,038,756", "Cost of Revenue": "572,904", "Gross Profit": "465,852", "Operating Expense": "578,279", "Operating Income": "-112,427", "Net Non Operating Interest Income Expense": "-1,699", "Other Income Expense": "17,589", "Pretax Income": "-96,537", "Tax Provision": "14,324", "Net Income Common Stockholders": "-110,861", "Diluted NI Available to Com Stockholders": "-110,861", "Basic EPS": "-0.70", "Diluted EPS": "-0.70", "Basic Average Shares": "158,803", "Diluted Average Shares": "158,803", "Total Operating Income as Reported": "-112,427", "Total Expenses": "1,151,183", "Net Income from Continuing & Discontinued Operation": "-110,861", "Normalized Income": "-113,741", "Interest Income": "6,960", "Interest Expense": "8,659", "Net Interest Income": "-1,699", "EBIT": "-87,878", "EBITDA": "-", "Reconciled Cost of Revenue": "530,502", "Reconciled Depreciation": "81,854", "Net Income from Continuing Operation Net Minority Interest": "-110,861", "Total Unusual Items Excluding Goodwill": "3,945", "Total Unusual Items": "3,945", "Normalized EBITDA": "-9,969", "Tax Rate for Calcs": "0", "Tax Effect of Unusual Items": "1,065"}, "12/31/2019": {"Duration": "12/31/2019", "Total Revenue": "1,170,947", "Cost of Revenue": "693,218", "Gross Profit": "477,729", "Operating Expense": "639,807", "Operating Income": "-162,078", "Net Non Operating Interest Income Expense": "375", "Other Income Expense": "-35,353", "Pretax Income": "-197,056", "Tax Provision": "-436", "Net Income Common Stockholders": "-196,620", "Diluted NI Available to Com Stockholders": "-196,620", "Basic EPS": "-1.25", "Diluted EPS": "-1.25", "Basic Average Shares": "157,051", "Diluted Average Shares": "157,051", "Total Operating Income as Reported": "-175,479", "Total Expenses": "1,333,025", "Net Income from Continuing & Discontinued Operation": "-196,620", "Normalized Income": "-160,491", "Interest Income": "13,976", "Interest Expense": "13,601", "Net Interest Income": "375", "EBIT": "-183,455", "EBITDA": "-", "Reconciled Cost of Revenue": "653,163", "Reconciled Depreciation": "80,413", "Net Income from Continuing Operation Net Minority Interest": "-196,620", "Total Unusual Items Excluding Goodwill": "-36,201", "Total Unusual Items": "-36,201", "Normalized EBITDA": "-66,841", "Tax Rate for Calcs": "0", "Tax Effect of Unusual Items": "-72.402"}, "12/31/2018": {"Duration": "12/31/2018", "Total Revenue": "1,094,274", "Cost of Revenue": "601,826", "Gross Profit": "492,448", "Operating Expense": "591,576", "Operating Income": "-99,128", "Net Non Operating Interest Income Expense": "-6,199", "Other Income Expense": "-21,640", "Pretax Income": "-126,967", "Tax Provision": "12,344", "Net Income Common Stockholders": "-139,311", "Diluted NI Available to Com Stockholders": "-139,311", "Basic EPS": "-0.90", "Diluted EPS": "-0.90", "Basic Average Shares": "155,112", "Diluted Average Shares": "155,112", "Total Operating Income as Reported": "-99,128", "Total Expenses": "1,193,402", "Net Income from Continuing & Discontinued Operation": "-139,311", "Normalized Income": "-125,003", "Interest Income": "9,238", "Interest Expense": "15,437", "Net Interest Income": "-6,199", "EBIT": "-111,530", "EBITDA": "-", "Reconciled Cost of Revenue": "563,334", "Reconciled Depreciation": "103,660", "Net Income from Continuing Operation Net Minority Interest": "-139,311", "Total Unusual Items Excluding Goodwill": "-19,600", "Total Unusual Items": "-19,600", "Normalized EBITDA": "11,730", "Tax Rate for Calcs": "0", "Tax Effect of Unusual Items": "-5,292"}}, "bs": {"12/31/2020": {"Duration": "12/31/2020", "Total Assets": "1,949,730", "Total Liabilities Net Minority Interest": "882,748", "Total Equity Gross Minority Interest": "1,066,982", "Total Capitalization": "1,339,100", "Common Stock Equity": "1,066,982", "Capital Lease Obligations": "135,196", "Net Tangible Assets": "862,918", "Working Capital": "672,713", "Invested Capital": "1,341,943", "Tangible Book Value": "862,918", "Total Debt": "410,157", "Net Debt": "2,000", "Share Issued": "162,269", "Ordinary Shares Number": "159,161", "Treasury Shares Number": "3,108"}, "12/31/2019": {"Duration": "12/31/2019", "Total Assets": "1,805,403", "Total Liabilities Net Minority Interest": "719,961", "Total Equity Gross Minority Interest": "1,085,442", "Total Capitalization": "1,359,737", "Common Stock Equity": "1,085,442", "Capital Lease Obligations": "13,808", "Net Tangible Assets": "841,926", "Working Capital": "570,858", "Invested Capital": "1,362,580", "Tangible Book Value": "841,926", "Total Debt": "290,946", "Net Debt": "73,367", "Share Issued": "160,490", "Ordinary Shares Number": "157,779", "Treasury Shares Number": "2,711"}, "12/31/2018": {"Duration": "12/31/2018", "Total Assets": "1,825,007", "Total Liabilities Net Minority Interest": "653,722", "Total Equity Gross Minority Interest": "1,171,285", "Total Capitalization": "1,447,750", "Common Stock Equity": "1,171,285", "Capital Lease Obligations": "-", "Net Tangible Assets": "887,411", "Working Capital": "643,478", "Invested Capital": "1,450,593", "Tangible Book Value": "887,411", "Total Debt": "279,308", "Net Debt": "12,546", "Share Issued": "158,181", "Ordinary Shares Number": "155,757", "Treasury Shares Number": "2,423"}}, "cf": {"TTM": {"Duration": "TTM", "Operating Cash Flow": "82,842", "Investing Cash Flow": "-11,481", "Financing Cash Flow": "-2,171", "End Cash Position": "272,961", "Income Tax Paid Supplemental Data": "620", "Interest Paid Supplemental Data": "8,288", "Capital Expenditure": "-42,219", "Repayment of Debt": "-2,843", "Free Cash Flow": "40,623"}, "12/31/2020": {"Duration": "12/31/2020", "Operating Cash Flow": "82,842", "Investing Cash Flow": "-11,481", "Financing Cash Flow": "-2,171", "End Cash Position": "272,961", "Income Tax Paid Supplemental Data": "620", "Interest Paid Supplemental Data": "8,288", "Capital Expenditure": "-42,219", "Repayment of Debt": "-2,843", "Free Cash Flow": "40,623"}, "12/31/2019": {"Duration": "12/31/2019", "Operating Cash Flow": "72,077", "Investing Cash Flow": "-141,833", "Financing Cash Flow": "6,765", "End Cash Position": "203,771", "Income Tax Paid Supplemental Data": "2,508", "Interest Paid Supplemental Data": "13,254", "Capital Expenditure": "-90,942", "Repayment of Debt": "-2,843", "Free Cash Flow": "-18,865"}, "12/31/2018": {"Duration": "12/31/2018", "Operating Cash Flow": "99,281", "Investing Cash Flow": "-22,195", "Financing Cash Flow": "-1,620", "End Cash Position": "266,762", "Income Tax Paid Supplemental Data": "754", "Interest Paid Supplemental Data": "12,526", "Capital Expenditure": "-69,431", "Repayment of Debt": "-2,132", "Free Cash Flow": "29,850"}}}}, {"ACUR": {"quote": {"04/25/2021": {"value": "0.3600", "Market Cap": "8.842M", "Beta (5Y Monthly)": "0.62", "PE Ratio (TTM)": "N/A", "EPS (TTM)": "-0.0400", "Earnings Date": "Mar 31, 2021", "Forward Dividend & Yield": "N/A (N/A)", "Ex-Dividend Date": "N/A", "1y Target Est": "N/A"}}, "fin": {"TTM": {"Duration": "TTM", "Total Revenue": "3,570", "Cost of Revenue": "-", "Gross Profit": "-", "Operating Expense": "4,328", "Operating Income": "-758", "Net Non Operating Interest Income Expense": "-450", "Other Income Expense": "-", "Pretax Income": "-1,208", "Tax Provision": "0", "Net Income Common Stockholders": "-1,208", "Diluted NI Available to Com Stockholders": "-1,208", "Basic EPS": "-", "Diluted EPS": "-", "Basic Average Shares": "-", "Diluted Average Shares": "-", "Total Operating Income as Reported": "-758", "Total Expenses": "4,328", "Net Income from Continuing & Discontinued Operation": "-1,208", "Normalized Income": "-1,208", "Interest Income": "0", "Interest Expense": "450", "Net Interest Income": "-450", "EBIT": "-758", "EBITDA": "-633", "Reconciled Cost of Revenue": "-", "Reconciled Depreciation": "125", "Net Income from Continuing Operation Net Minority Interest": "-1,208", "Total Unusual Items Excluding Goodwill": "0", "Total Unusual Items": "0", "Normalized EBITDA": "-633", "Tax Rate for Calcs": "0", "Tax Effect of Unusual Items": "0"}, "12/31/2020": {"Duration": "12/31/2020", "Total Revenue": "3,570", "Cost of Revenue": "-", "Gross Profit": "-", "Operating Expense": "4,328", "Operating Income": "-758", "Net Non Operating Interest Income Expense": "-450", "Other Income Expense": "-", "Pretax Income": "-1,208", "Tax Provision": "0", "Net Income Common Stockholders": "-1,208", "Diluted NI Available to Com Stockholders": "-1,208", "Basic EPS": "-", "Diluted EPS": "-", "Basic Average Shares": "-", "Diluted Average Shares": "-", "Total Operating Income as Reported": "-758", "Total Expenses": "4,328", "Net Income from Continuing & Discontinued Operation": "-1,208", "Normalized Income": "-1,208", "Interest Income": "0", "Interest Expense": "450", "Net Interest Income": "-450", "EBIT": "-758", "EBITDA": "-", "Reconciled Cost of Revenue": "-", "Reconciled Depreciation": "125", "Net Income from Continuing Operation Net Minority Interest": "-1,208", "Total Unusual Items Excluding Goodwill": "0", "Total Unusual Items": "0", "Normalized EBITDA": "-633", "Tax Rate for Calcs": "0", "Tax Effect of Unusual Items": "0"}, "12/31/2019": {"Duration": "12/31/2019", "Total Revenue": "2,657", "Cost of Revenue": "-", "Gross Profit": "-", "Operating Expense": "3,382", "Operating Income": "-725", "Net Non Operating Interest Income Expense": "-449", "Other Income Expense": "-2,600", "Pretax Income": "-3,774", "Tax Provision": "0", "Net Income Common Stockholders": "-3,774", "Diluted NI Available to Com Stockholders": "-3,774", "Basic EPS": "-0.14", "Diluted EPS": "-0.14", "Basic Average Shares": "26,720", "Diluted Average Shares": "26,720", "Total Operating Income as Reported": "-725", "Total Expenses": "3,382", "Net Income from Continuing & Discontinued Operation": "-3,774", "Normalized Income": "-1,174", "Interest Income": "13", "Interest Expense": "462", "Net Interest Income": "-449", "EBIT": "-3,312", "EBITDA": "-", "Reconciled Cost of Revenue": "-", "Reconciled Depreciation": "273", "Net Income from Continuing Operation Net Minority Interest": "-3,774", "Total Unusual Items Excluding Goodwill": "-2,600", "Total Unusual Items": "-2,600", "Normalized EBITDA": "-439", "Tax Rate for Calcs": "0", "Tax Effect of Unusual Items": "0"}, "12/31/2018": {"Duration": "12/31/2018", "Total Revenue": "410", "Cost of Revenue": "0", "Gross Profit": "410", "Operating Expense": "4,325", "Operating Income": "-3,915", "Net Non Operating Interest Income Expense": "-223", "Other Income Expense": "296", "Pretax Income": "-3,842", "Tax Provision": "0", "Net Income Common Stockholders": "-3,842", "Diluted NI Available to Com Stockholders": "-3,842", "Basic EPS": "-0.18", "Diluted EPS": "-0.18", "Basic Average Shares": "21,146", "Diluted Average Shares": "21,146", "Total Operating Income as Reported": "-3,915", "Total Expenses": "4,325", "Net Income from Continuing & Discontinued Operation": "-3,842", "Normalized Income": "-4,138", "Interest Income": "172", "Interest Expense": "395", "Net Interest Income": "-223", "EBIT": "-3,447", "EBITDA": "-", "Reconciled Cost of Revenue": "0", "Reconciled Depreciation": "280", "Net Income from Continuing Operation Net Minority Interest": "-3,842", "Total Unusual Items Excluding Goodwill": "296", "Total Unusual Items": "296", "Normalized EBITDA": "-3,463", "Tax Rate for Calcs": "0", "Tax Effect of Unusual Items": "0"}}, "bs": {"12/31/2020": {"Duration": "12/31/2020", "Total Assets": "1,736", "Total Liabilities Net Minority Interest": "7,627", "Total Equity Gross Minority Interest": "-5,891", "Total Capitalization": "-5,786", "Common Stock Equity": "-5,891", "Net Tangible Assets": "-5,964", "Working Capital": "-6,343", "Invested Capital": "378", "Tangible Book Value": "-5,964", "Total Debt": "6,269", "Net Debt": "5,856", "Share Issued": "21,650", "Ordinary Shares Number": "21,650"}, "12/31/2019": {"Duration": "12/31/2019", "Total Assets": "2,562", "Total Liabilities Net Minority Interest": "7,303", "Total Equity Gross Minority Interest": "-4,741", "Total Capitalization": "1,259", "Common Stock Equity": "-4,741", "Net Tangible Assets": "-5,551", "Working Capital": "104", "Invested Capital": "1,259", "Tangible Book Value": "-5,551", "Total Debt": "6,000", "Net Debt": "5,138", "Share Issued": "21,300", "Ordinary Shares Number": "21,300"}, "12/31/2018": {"Duration": "12/31/2018", "Total Assets": "2,152", "Total Liabilities Net Minority Interest": "5,769", "Total Equity Gross Minority Interest": "-3,617", "Total Capitalization": "607", "Common Stock Equity": "-3,617", "Net Tangible Assets": "-4,634", "Working Capital": "-974", "Invested Capital": "607", "Tangible Book Value": "-4,634", "Total Debt": "4,224", "Net Debt": "4,133", "Share Issued": "21,034", "Ordinary Shares Number": "21,034"}}, "cf": {"TTM": {"Duration": "TTM", "Operating Cash Flow": "-719", "Investing Cash Flow": "-", "Financing Cash Flow": "270", "End Cash Position": "413", "Income Tax Paid Supplemental Data": "-", "Interest Paid Supplemental Data": "0", "Issuance of Capital Stock": "3", "Issuance of Debt": "269", "Repayment of Debt": "-", "Free Cash Flow": "-719"}, "12/31/2020": {"Duration": "12/31/2020", "Operating Cash Flow": "-719", "Investing Cash Flow": "-", "Financing Cash Flow": "270", "End Cash Position": "413", "Income Tax Paid Supplemental Data": "-", "Interest Paid Supplemental Data": "0", "Issuance of Capital Stock": "3", "Issuance of Debt": "269", "Repayment of Debt": "-", "Free Cash Flow": "-719"}, "12/31/2019": {"Duration": "12/31/2019", "Operating Cash Flow": "-618", "Investing Cash Flow": "-", "Financing Cash Flow": "1,389", "End Cash Position": "862", "Income Tax Paid Supplemental Data": "-", "Interest Paid Supplemental Data": "0", "Issuance of Capital Stock": "14", "Issuance of Debt": "1,375", "Repayment of Debt": "0", "Free Cash Flow": "-618"}, "12/31/2018": {"Duration": "12/31/2018", "Operating Cash Flow": "-3,908", "Investing Cash Flow": "0", "Financing Cash Flow": "1,779", "End Cash Position": "91", "Income Tax Paid Supplemental Data": "-", "Interest Paid Supplemental Data": "759", "Issuance of Capital Stock": "2", "Issuance of Debt": "4,350", "Repayment of Debt": "-2,573", "Free Cash Flow": "-3,908"}}}}, {"ADMP": {"quote": {"04/25/2021": {"value": "0.7531", "Market Cap": "110.414M", "Beta (5Y Monthly)": "1.37", "PE Ratio (TTM)": "N/A", "EPS (TTM)": "-0.6370", "Earnings Date": "May 17, 2021 - May 21, 2021", "Forward Dividend & Yield": "N/A (N/A)", "Ex-Dividend Date": "N/A", "1y Target Est": "1.00"}}, "fin": {"TTM": {"Duration": "TTM", "Total Revenue": "16,527", "Cost of Revenue": "14,894", "Gross Profit": "1,634", "Operating Expense": "38,861", "Operating Income": "-37,228", "Net Non Operating Interest Income Expense": "-159.628", "Other Income Expense": "-12,001", "Pretax Income": "-49,389", "Tax Provision": "2.174", "Net Income Common Stockholders": "-49,391", "Diluted NI Available to Com Stockholders": "-49,391", "Basic EPS": "-", "Diluted EPS": "-", "Basic Average Shares": "-", "Diluted Average Shares": "-", "Total Operating Income as Reported": "-49,778", "Total Expenses": "53,755", "Net Income from Continuing & Discontinued Operation": "-49,391", "Normalized Income": "-40,569", "Interest Income": "-", "Interest Expense": "159.628", "Net Interest Income": "-159.628", "EBIT": "-49,229", "EBITDA": "-45,622", "Reconciled Cost of Revenue": "14,894", "Reconciled Depreciation": "3,607", "Net Income from Continuing Operation Net Minority Interest": "-49,391", "Total Unusual Items Excluding Goodwill": "-12,085", "Total Unusual Items": "-12,085", "Normalized EBITDA": "-33,537", "Tax Rate for Calcs": "0", "Tax Effect of Unusual Items": "-3,263"}, "12/31/2020": {"Duration": "12/31/2020", "Total Revenue": "16,527", "Cost of Revenue": "14,894", "Gross Profit": "1,634", "Operating Expense": "38,861", "Operating Income": "-37,228", "Net Non Operating Interest Income Expense": "-159.628", "Other Income Expense": "-12,001", "Pretax Income": "-49,389", "Tax Provision": "2.174", "Net Income Common Stockholders": "-49,391", "Diluted NI Available to Com Stockholders": "-49,391", "Basic EPS": "-", "Diluted EPS": "-", "Basic Average Shares": "-", "Diluted Average Shares": "-", "Total Operating Income as Reported": "-49,778", "Total Expenses": "53,755", "Net Income from Continuing & Discontinued Operation": "-49,391", "Normalized Income": "-40,569", "Interest Income": "-", "Interest Expense": "159.628", "Net Interest Income": "-159.628", "EBIT": "-49,229", "EBITDA": "-", "Reconciled Cost of Revenue": "14,894", "Reconciled Depreciation": "3,607", "Net Income from Continuing Operation Net Minority Interest": "-49,391", "Total Unusual Items Excluding Goodwill": "-12,085", "Total Unusual Items": "-12,085", "Normalized EBITDA": "-33,537", "Tax Rate for Calcs": "0", "Tax Effect of Unusual Items": "-3,263"}, "12/31/2019": {"Duration": "12/31/2019", "Total Revenue": "22,114", "Cost of Revenue": "15,479", "Gross Profit": "6,635", "Operating Expense": "35,664", "Operating Income": "-29,029", "Net Non Operating Interest Income Expense": "52.514", "Other Income Expense": "-322.106", "Pretax Income": "-29,298", "Tax Provision": "8.672", "Net Income Common Stockholders": "-29,307", "Diluted NI Available to Com Stockholders": "-29,307", "Basic EPS": "-0.55", "Diluted EPS": "-0.55", "Basic Average Shares": "53,264", "Diluted Average Shares": "53,264", "Total Operating Income as Reported": "-29,351", "Total Expenses": "51,142", "Net Income from Continuing & Discontinued Operation": "-29,307", "Normalized Income": "-29,072", "Interest Income": "175.772", "Interest Expense": "123.258", "Net Interest Income": "52.514", "EBIT": "-29,175", "EBITDA": "-", "Reconciled Cost of Revenue": "15,479", "Reconciled Depreciation": "2,945", "Net Income from Continuing Operation Net Minority Interest": "-29,307", "Total Unusual Items Excluding Goodwill": "-322.106", "Total Unusual Items": "-322.106", "Normalized EBITDA": "-25,908", "Tax Rate for Calcs": "0", "Tax Effect of Unusual Items": "-86.9686"}, "12/31/2018": {"Duration": "12/31/2018", "Total Revenue": "15,087", "Cost of Revenue": "9,798", "Gross Profit": "5,289", "Operating Expense": "44,742", "Operating Income": "-39,453", "Net Non Operating Interest Income Expense": "87.638", "Other Income Expense": "-10.517", "Pretax Income": "-39,376", "Tax Provision": "-369.34", "Net Income Common Stockholders": "-39,007", "Diluted NI Available to Com Stockholders": "-39,007", "Basic EPS": "-1.00", "Diluted EPS": "-1.00", "Basic Average Shares": "39,085", "Diluted Average Shares": "39,085", "Total Operating Income as Reported": "-39,464", "Total Expenses": "54,540", "Net Income from Continuing & Discontinued Operation": "-39,007", "Normalized Income": "-38,996", "Interest Income": "245.403", "Interest Expense": "157.765", "Net Interest Income": "87.638", "EBIT": "-39,218", "EBITDA": "-", "Reconciled Cost of Revenue": "9,798", "Reconciled Depreciation": "3,099", "Net Income from Continuing Operation Net Minority Interest": "-39,007", "Total Unusual Items Excluding Goodwill": "-10.517", "Total Unusual Items": "-10.517", "Normalized EBITDA": "-36,109", "Tax Rate for Calcs": "0", "Tax Effect of Unusual Items": "-0.0986"}}, "bs": {"12/31/2020": {"Duration": "12/31/2020", "Total Assets": "30,867", "Total Liabilities Net Minority Interest": "27,370", "Total Equity Gross Minority Interest": "3,498", "Total Capitalization": "4,389", "Common Stock Equity": "3,498", "Capital Lease Obligations": "1,600", "Net Tangible Assets": "-3,661", "Working Capital": "-7,402", "Invested Capital": "8,756", "Tangible Book Value": "-3,661", "Total Debt": "6,858", "Share Issued": "94,365", "Ordinary Shares Number": "93,842", "Treasury Shares Number": "522.957"}, "12/31/2019": {"Duration": "12/31/2019", "Total Assets": "47,841", "Total Liabilities Net Minority Interest": "11,803", "Total Equity Gross Minority Interest": "36,037", "Total Capitalization": "36,037", "Common Stock Equity": "36,037", "Capital Lease Obligations": "1,926", "Net Tangible Assets": "17,269", "Working Capital": "3,667", "Invested Capital": "38,190", "Tangible Book Value": "17,269", "Total Debt": "4,079", "Share Issued": "62,352", "Ordinary Shares Number": "61,830", "Treasury Shares Number": "522.957"}, "12/31/2018": {"Duration": "12/31/2018", "Total Assets": "58,358", "Total Liabilities Net Minority Interest": "11,666", "Total Equity Gross Minority Interest": "46,692", "Total Capitalization": "46,692", "Common Stock Equity": "46,692", "Capital Lease Obligations": "-", "Net Tangible Assets": "25,841", "Working Capital": "14,231", "Invested Capital": "49,275", "Tangible Book Value": "25,841", "Total Debt": "2,583", "Share Issued": "47,814", "Ordinary Shares Number": "47,291", "Treasury Shares Number": "522.957"}}, "cf": {"TTM": {"Duration": "TTM", "Operating Cash Flow": "-20,901", "Investing Cash Flow": "-946.214", "Financing Cash Flow": "19,892", "End Cash Position": "6,855", "Income Tax Paid Supplemental Data": "9.401", "Interest Paid Supplemental Data": "135.827", "Capital Expenditure": "-946.214", "Issuance of Capital Stock": "18,228", "Issuance of Debt": "3,192", "Repayment of Debt": "-90.62", "Free Cash Flow": "-21,848"}, "12/31/2020": {"Duration": "12/31/2020", "Operating Cash Flow": "-20,901", "Investing Cash Flow": "-946.214", "Financing Cash Flow": "19,892", "End Cash Position": "6,855", "Income Tax Paid Supplemental Data": "9.401", "Interest Paid Supplemental Data": "135.827", "Capital Expenditure": "-946.214", "Issuance of Capital Stock": "18,228", "Issuance of Debt": "3,192", "Repayment of Debt": "-90.62", "Free Cash Flow": "-21,848"}, "12/31/2019": {"Duration": "12/31/2019", "Operating Cash Flow": "-19,886", "Investing Cash Flow": "-2,866", "Financing Cash Flow": "12,291", "End Cash Position": "8,811", "Income Tax Paid Supplemental Data": "9.001", "Interest Paid Supplemental Data": "106.784", "Capital Expenditure": "-2,866", "Issuance of Capital Stock": "12,788", "Issuance of Debt": "-", "Repayment of Debt": "-496.79", "Free Cash Flow": "-22,752"}, "12/31/2018": {"Duration": "12/31/2018", "Operating Cash Flow": "-32,658", "Investing Cash Flow": "-3,535", "Financing Cash Flow": "37,132", "End Cash Position": "19,272", "Income Tax Paid Supplemental Data": "5.613", "Interest Paid Supplemental Data": "181.277", "Capital Expenditure": "-3,535", "Issuance of Capital Stock": "37,620", "Issuance of Debt": "-", "Repayment of Debt": "-487.905", "Free Cash Flow": "-36,193"}}}}, {"BPTH": {"quote": {"04/25/2021": {"value": "6.04", "Market Cap": "41.062M", "Beta (5Y Monthly)": "2.05", "PE Ratio (TTM)": "N/A", "EPS (TTM)": "-2.83", "Earnings Date": "Mar 10, 2021", "Forward Dividend & Yield": "N/A (N/A)", "Ex-Dividend Date": "N/A", "1y Target Est": "12.50"}}, "fin": {"TTM": {"Duration": "TTM", "Total Revenue": "0", "Operating Expense": "10,908", "Operating Income": "-10,908", "Net Non Operating Interest Income Expense": "26", "Other Income Expense": "-", "Pretax Income": "-10,882", "Net Income Common Stockholders": "-10,882", "Diluted NI Available to Com Stockholders": "-10,882", "Basic EPS": "-", "Diluted EPS": "-", "Basic Average Shares": "-", "Diluted Average Shares": "-", "Total Operating Income as Reported": "-10,908", "Total Expenses": "10,908", "Net Income from Continuing & Discontinued Operation": "-10,882", "Normalized Income": "-10,882", "Interest Income": "26", "Net Interest Income": "26", "EBIT": "-10,908", "EBITDA": "-10,757", "Reconciled Depreciation": "151", "Net Income from Continuing Operation Net Minority Interest": "-10,882", "Total Unusual Items Excluding Goodwill": "-", "Total Unusual Items": "-", "Normalized EBITDA": "-10,757", "Tax Rate for Calcs": "0", "Tax Effect of Unusual Items": "0"}, "12/31/2020": {"Duration": "12/31/2020", "Total Revenue": "0", "Operating Expense": "10,908", "Operating Income": "-10,908", "Net Non Operating Interest Income Expense": "26", "Other Income Expense": "-", "Pretax Income": "-10,882", "Net Income Common Stockholders": "-10,882", "Diluted NI Available to Com Stockholders": "-10,882", "Basic EPS": "-", "Diluted EPS": "-", "Basic Average Shares": "-", "Diluted Average Shares": "-", "Total Operating Income as Reported": "-10,908", "Total Expenses": "10,908", "Net Income from Continuing & Discontinued Operation": "-10,882", "Normalized Income": "-10,882", "Interest Income": "26", "Net Interest Income": "26", "EBIT": "-10,908", "EBITDA": "-", "Reconciled Depreciation": "151", "Net Income from Continuing Operation Net Minority Interest": "-10,882", "Total Unusual Items Excluding Goodwill": "-", "Total Unusual Items": "-", "Normalized EBITDA": "-10,757", "Tax Rate for Calcs": "0", "Tax Effect of Unusual Items": "0"}, "12/31/2019": {"Duration": "12/31/2019", "Total Revenue": "0", "Operating Expense": "8,693", "Operating Income": "-8,693", "Net Non Operating Interest Income Expense": "94", "Other Income Expense": "-", "Pretax Income": "-8,599", "Net Income Common Stockholders": "-8,599", "Diluted NI Available to Com Stockholders": "-8,599", "Basic EPS": "-3.24", "Diluted EPS": "-3.24", "Basic Average Shares": "2,657", "Diluted Average Shares": "2,657", "Total Operating Income as Reported": "-8,693", "Total Expenses": "8,693", "Net Income from Continuing & Discontinued Operation": "-8,599", "Normalized Income": "-8,599", "Interest Income": "94", "Net Interest Income": "94", "EBIT": "-8,693", "EBITDA": "-", "Reconciled Depreciation": "230", "Net Income from Continuing Operation Net Minority Interest": "-8,599", "Total Unusual Items Excluding Goodwill": "0", "Total Unusual Items": "0", "Normalized EBITDA": "-8,463", "Tax Rate for Calcs": "0", "Tax Effect of Unusual Items": "0"}, "12/31/2018": {"Duration": "12/31/2018", "Total Revenue": "0", "Operating Expense": "7,982", "Operating Income": "-7,982", "Net Non Operating Interest Income Expense": "7", "Other Income Expense": "-608", "Pretax Income": "-8,583", "Net Income Common Stockholders": "-8,583", "Diluted NI Available to Com Stockholders": "-8,583", "Basic EPS": "-14.38", "Diluted EPS": "-14.38", "Basic Average Shares": "597", "Diluted Average Shares": "597", "Total Operating Income as Reported": "-8,590", "Total Expenses": "7,982", "Net Income from Continuing & Discontinued Operation": "-8,583", "Normalized Income": "-7,975", "Interest Income": "7", "Net Interest Income": "7", "EBIT": "-7,982", "EBITDA": "-", "Reconciled Depreciation": "426", "Net Income from Continuing Operation Net Minority Interest": "-8,583", "Total Unusual Items Excluding Goodwill": "-608", "Total Unusual Items": "-608", "Normalized EBITDA": "-6,948", "Tax Rate for Calcs": "0", "Tax Effect of Unusual Items": "0"}}, "bs": {"12/31/2020": {"Duration": "12/31/2020", "Total Assets": "16,475", "Total Liabilities Net Minority Interest": "1,405", "Total Equity Gross Minority Interest": "15,070", "Total Capitalization": "15,070", "Common Stock Equity": "15,070", "Capital Lease Obligations": "330", "Net Tangible Assets": "15,070", "Working Capital": "14,787", "Invested Capital": "15,070", "Tangible Book Value": "15,070", "Total Debt": "330", "Share Issued": "4,542", "Ordinary Shares Number": "4,542"}, "12/31/2019": {"Duration": "12/31/2019", "Total Assets": "22,660", "Total Liabilities Net Minority Interest": "1,574", "Total Equity Gross Minority Interest": "21,086", "Total Capitalization": "21,086", "Common Stock Equity": "21,086", "Capital Lease Obligations": "415", "Net Tangible Assets": "21,086", "Working Capital": "20,746", "Invested Capital": "21,086", "Tangible Book Value": "21,086", "Total Debt": "415", "Share Issued": "3,692", "Ordinary Shares Number": "3,692"}, "12/31/2018": {"Duration": "12/31/2018", "Total Assets": "2,335", "Total Liabilities Net Minority Interest": "1,117", "Total Equity Gross Minority Interest": "1,218", "Total Capitalization": "1,218", "Common Stock Equity": "1,218", "Capital Lease Obligations": "-", "Net Tangible Assets": "1,218", "Working Capital": "812", "Invested Capital": "1,218", "Tangible Book Value": "1,218", "Total Debt": "-", "Share Issued": "680", "Ordinary Shares Number": "680"}}, "cf": {"TTM": {"Duration": "TTM", "Operating Cash Flow": "-10,960", "Investing Cash Flow": "-", "Financing Cash Flow": "4,289", "End Cash Position": "13,755", "Capital Expenditure": "-", "Issuance of Capital Stock": "4,289", "Free Cash Flow": "-10,960"}, "12/31/2020": {"Duration": "12/31/2020", "Operating Cash Flow": "-10,960", "Investing Cash Flow": "-", "Financing Cash Flow": "4,289", "End Cash Position": "13,755", "Capital Expenditure": "-", "Issuance of Capital Stock": "4,289", "Free Cash Flow": "-10,960"}, "12/31/2019": {"Duration": "12/31/2019", "Operating Cash Flow": "-8,361", "Investing Cash Flow": "0", "Financing Cash Flow": "27,783", "End Cash Position": "20,426", "Capital Expenditure": "-", "Issuance of Capital Stock": "26,700", "Free Cash Flow": "-8,361"}, "12/31/2018": {"Duration": "12/31/2018", "Operating Cash Flow": "-6,124", "Investing Cash Flow": "-17", "Financing Cash Flow": "1,180", "End Cash Position": "1,004", "Capital Expenditure": "-17", "Issuance of Capital Stock": "1,180", "Free Cash Flow": "-6,141"}}}}, {"GNBT": {"quote": {"04/25/2021": {"value": "0.2875", "Market Cap": "32.172M", "Beta (5Y Monthly)": "-2.83", "PE Ratio (TTM)": "N/A", "EPS (TTM)": "-0.5780", "Earnings Date": "Jun 17, 2020 - Jun 22, 2020", "Forward Dividend & Yield": "N/A (N/A)", "Ex-Dividend Date": "N/A", "1y Target Est": "N/A"}}, "fin": {"TTM": {"Duration": "TTM", "Total Revenue": "1,171", "Cost of Revenue": "408.897", "Gross Profit": "761.846", "Operating Expense": "32,097", "Operating Income": "-31,335", "Net Non Operating Interest Income Expense": "-4,764", "Other Income Expense": "-16,936", "Pretax Income": "-53,035", "Net Income Common Stockholders": "-52,111", "Diluted NI Available to Com Stockholders": "-52,111", "Basic EPS": "-", "Diluted EPS": "-", "Basic Average Shares": "-", "Diluted Average Shares": "-", "Total Operating Income as Reported": "-31,520", "Total Expenses": "32,506", "Net Income from Continuing & Discontinued Operation": "-52,111", "Normalized Income": "-34,265", "Interest Income": "-1.087", "Interest Expense": "4,763", "Net Interest Income": "-4,764", "EBIT": "-48,272", "EBITDA": "-47,160", "Reconciled Cost of Revenue": "408.897", "Reconciled Depreciation": "1,112", "Net Income from Continuing Operation Net Minority Interest": "-52,111", "Total Unusual Items Excluding Goodwill": "-17,845", "Total Unusual Items": "-17,845", "Normalized EBITDA": "-29,315", "Tax Rate for Calcs": "0", "Tax Effect of Unusual Items": "0"}, "7/31/2020": {"Duration": "7/31/2020", "Total Revenue": "2,661", "Cost of Revenue": "579.857", "Gross Profit": "2,082", "Operating Expense": "19,820", "Operating Income": "-17,738", "Net Non Operating Interest Income Expense": "-7,104", "Other Income Expense": "-9,390", "Pretax Income": "-34,232", "Net Income Common Stockholders": "-33,335", "Diluted NI Available to Com Stockholders": "-33,335", "Basic EPS": "-0.46", "Diluted EPS": "-0.46", "Basic Average Shares": "73,113", "Diluted Average Shares": "73,113", "Total Operating Income as Reported": "-17,937", "Total Expenses": "20,400", "Net Income from Continuing & Discontinued Operation": "-33,335", "Normalized Income": "-23,067", "Interest Income": "0", "Interest Expense": "7,104", "Net Interest Income": "-7,104", "EBIT": "-27,128", "EBITDA": "-", "Reconciled Cost of Revenue": "579.857", "Reconciled Depreciation": "1,004", "Net Income from Continuing Operation Net Minority Interest": "-33,335", "Total Unusual Items Excluding Goodwill": "-10,268", "Total Unusual Items": "-10,268", "Normalized EBITDA": "-15,856", "Tax Rate for Calcs": "0", "Tax Effect of Unusual Items": "0"}, "7/31/2019": {"Duration": "7/31/2019", "Total Revenue": "6,204", "Cost of Revenue": "4,138", "Gross Profit": "2,065", "Operating Expense": "23,158", "Operating Income": "-21,093", "Net Non Operating Interest Income Expense": "-7,040", "Other Income Expense": "17,126", "Pretax Income": "-11,007", "Net Income Common Stockholders": "-9,341", "Diluted NI Available to Com Stockholders": "-9,341", "Basic EPS": "-0.14", "Diluted EPS": "-0.14", "Basic Average Shares": "67,704", "Diluted Average Shares": "67,704", "Total Operating Income as Reported": "-24,345", "Total Expenses": "27,297", "Net Income from Continuing & Discontinued Operation": "-9,341", "Normalized Income": "-26,499", "Interest Income": "47.961", "Interest Expense": "7,088", "Net Interest Income": "-7,040", "EBIT": "-3,919", "EBITDA": "-", "Reconciled Cost of Revenue": "4,138", "Reconciled Depreciation": "426.44", "Net Income from Continuing Operation Net Minority Interest": "-9,341", "Total Unusual Items Excluding Goodwill": "17,157", "Total Unusual Items": "17,157", "Normalized EBITDA": "-20,650", "Tax Rate for Calcs": "0", "Tax Effect of Unusual Items": "0"}, "7/31/2018": {"Duration": "7/31/2018", "Total Revenue": "703.244", "Cost of Revenue": "0", "Gross Profit": "703.244", "Operating Expense": "3,199", "Operating Income": "-2,496", "Net Non Operating Interest Income Expense": "-583.594", "Other Income Expense": "39,028", "Pretax Income": "35,949", "Net Income Common Stockholders": "36,334", "Diluted NI Available to Com Stockholders": "36,334", "Basic EPS": "1.16", "Diluted EPS": "0.48", "Basic Average Shares": "31,402", "Diluted Average Shares": "76,179", "Total Operating Income as Reported": "-2,496", "Total Expenses": "3,199", "Net Income from Continuing & Discontinued Operation": "36,334", "Normalized Income": "7,844", "Interest Income": "-", "Interest Expense": "583.594", "Net Interest Income": "-583.594", "EBIT": "36,532", "EBITDA": "-", "Reconciled Cost of Revenue": "0", "Reconciled Depreciation": "23.78", "Net Income from Continuing Operation Net Minority Interest": "36,334", "Total Unusual Items Excluding Goodwill": "39,028", "Total Unusual Items": "39,028", "Normalized EBITDA": "-2,472", "Tax Rate for Calcs": "0", "Tax Effect of Unusual Items": "10,538"}}, "bs": {"7/31/2020": {"Duration": "7/31/2020", "Total Assets": "45,383", "Total Liabilities Net Minority Interest": "57,341", "Total Equity Gross Minority Interest": "-11,958", "Total Capitalization": "-20,956", "Preferred Stock Equity": "-", "Common Stock Equity": "-21,456", "Capital Lease Obligations": "38.253", "Net Tangible Assets": "-65,311", "Working Capital": "-40,117", "Invested Capital": "-10,260", "Tangible Book Value": "-65,311", "Total Debt": "11,234", "Net Debt": "11,181", "Share Issued": "82,252", "Ordinary Shares Number": "82,252", "Preferred Shares Number": "1.542"}, "7/31/2019": {"Duration": "7/31/2019", "Total Assets": "49,636", "Total Liabilities Net Minority Interest": "41,963", "Total Equity Gross Minority Interest": "7,673", "Total Capitalization": "-9,302", "Preferred Stock Equity": "-", "Common Stock Equity": "-9,302", "Capital Lease Obligations": "-", "Net Tangible Assets": "-57,434", "Working Capital": "-27,972", "Invested Capital": "-913.761", "Tangible Book Value": "-57,434", "Total Debt": "8,388", "Net Debt": "8,090", "Share Issued": "87,207", "Ordinary Shares Number": "87,207", "Preferred Shares Number": "1.542"}, "7/31/2018": {"Duration": "7/31/2018", "Total Assets": "6,607", "Total Liabilities Net Minority Interest": "50,192", "Total Equity Gross Minority Interest": "-43,585", "Total Capitalization": "-38,008", "Preferred Stock Equity": "0.004", "Common Stock Equity": "-38,008", "Capital Lease Obligations": "-", "Net Tangible Assets": "-41,219", "Working Capital": "-24,041", "Invested Capital": "-23,824", "Tangible Book Value": "-41,219", "Total Debt": "14,184", "Net Debt": "13,138", "Share Issued": "31,402", "Ordinary Shares Number": "31,402", "Preferred Shares Number": "-"}}, "cf": {"TTM": {"Duration": "TTM", "Operating Cash Flow": "-3,817", "Investing Cash Flow": "-", "Financing Cash Flow": "4,161", "End Cash Position": "612.952", "Income Tax Paid Supplemental Data": "0", "Interest Paid Supplemental Data": "50", "Capital Expenditure": "-", "Issuance of Capital Stock": "3,015", "Issuance of Debt": "1,264", "Repayment of Debt": "-127.459", "Free Cash Flow": "-3,817"}, "7/31/2020": {"Duration": "7/31/2020", "Operating Cash Flow": "-6,121", "Investing Cash Flow": "44.689", "Financing Cash Flow": "5,810", "End Cash Position": "15.452", "Income Tax Paid Supplemental Data": "0", "Interest Paid Supplemental Data": "25", "Capital Expenditure": "-4.616", "Issuance of Capital Stock": "109.77", "Issuance of Debt": "6,636", "Repayment of Debt": "-935.731", "Free Cash Flow": "-6,126"}, "7/31/2019": {"Duration": "7/31/2019", "Operating Cash Flow": "-9,574", "Investing Cash Flow": "2,319", "Financing Cash Flow": "6,509", "End Cash Position": "298.485", "Income Tax Paid Supplemental Data": "-", "Interest Paid Supplemental Data": "-", "Capital Expenditure": "-316.404", "Issuance of Capital Stock": "-", "Issuance of Debt": "6,560", "Repayment of Debt": "-51.625", "Free Cash Flow": "-9,891"}, "7/31/2018": {"Duration": "7/31/2018", "Operating Cash Flow": "-2,293", "Investing Cash Flow": "-8.552", "Financing Cash Flow": "453.694", "End Cash Position": "1,046", "Income Tax Paid Supplemental Data": "-", "Interest Paid Supplemental Data": "-", "Capital Expenditure": "-8.552", "Issuance of Capital Stock": "0", "Issuance of Debt": "126.101", "Repayment of Debt": "0", "Free Cash Flow": "-2,302"}}}}, {"DCTH": {"quote": {"04/25/2021": {"value": "11.40", "Market Cap": "75.328M", "Beta (5Y Monthly)": "0.58", "PE Ratio (TTM)": "N/A", "EPS (TTM)": "-8.35", "Earnings Date": "May 13, 2021 - May 17, 2021", "Forward Dividend & Yield": "N/A (N/A)", "Ex-Dividend Date": "N/A", "1y Target Est": "22.75"}}, "fin": {"TTM": {"Duration": "TTM", "Total Revenue": "1,646", "Cost of Revenue": "640", "Gross Profit": "1,006", "Operating Expense": "22,309", "Operating Income": "-21,303", "Net Non Operating Interest Income Expense": "-175", "Other Income Expense": "-2,678", "Pretax Income": "-24,156", "Net Income Common Stockholders": "-24,211", "Diluted NI Available to Com Stockholders": "-24,211", "Basic EPS": "-", "Diluted EPS": "-", "Basic Average Shares": "-", "Diluted Average Shares": "-", "Total Operating Income as Reported": "-21,303", "Total Expenses": "22,949", "Net Income from Continuing & Discontinued Operation": "-24,156", "Normalized Income": "-21,324", "Interest Expense": "175", "Net Interest Income": "-175", "EBIT": "-23,981", "EBITDA": "-23,789", "Reconciled Cost of Revenue": "640", "Reconciled Depreciation": "192", "Net Income from Continuing Operation Net Minority Interest": "-24,156", "Total Unusual Items Excluding Goodwill": "-2,832", "Total Unusual Items": "-2,832", "Normalized EBITDA": "-20,957", "Tax Rate for Calcs": "0", "Tax Effect of Unusual Items": "0"}, "12/31/2020": {"Duration": "12/31/2020", "Total Revenue": "1,646", "Cost of Revenue": "640", "Gross Profit": "1,006", "Operating Expense": "22,309", "Operating Income": "-21,303", "Net Non Operating Interest Income Expense": "-175", "Other Income Expense": "-2,678", "Pretax Income": "-24,156", "Net Income Common Stockholders": "-24,211", "Diluted NI Available to Com Stockholders": "-24,211", "Basic EPS": "-8.35", "Diluted EPS": "-8.35", "Basic Average Shares": "2,898", "Diluted Average Shares": "2,898", "Total Operating Income as Reported": "-21,303", "Total Expenses": "22,949", "Net Income from Continuing & Discontinued Operation": "-24,156", "Normalized Income": "-21,324", "Interest Expense": "175", "Net Interest Income": "-175", "EBIT": "-23,981", "EBITDA": "-", "Reconciled Cost of Revenue": "640", "Reconciled Depreciation": "192", "Net Income from Continuing Operation Net Minority Interest": "-24,156", "Total Unusual Items Excluding Goodwill": "-2,832", "Total Unusual Items": "-2,832", "Normalized EBITDA": "-20,957", "Tax Rate for Calcs": "0", "Tax Effect of Unusual Items": "0"}, "12/31/2019": {"Duration": "12/31/2019", "Total Revenue": "1,580", "Cost of Revenue": "719", "Gross Profit": "861", "Operating Expense": "20,769", "Operating Income": "-19,908", "Net Non Operating Interest Income Expense": "-4,746", "Other Income Expense": "15,775", "Pretax Income": "-8,879", "Net Income Common Stockholders": "-8,879", "Diluted NI Available to Com Stockholders": "-8,879", "Basic EPS": "-1.05k", "Diluted EPS": "-1.05k", "Basic Average Shares": "25.9", "Diluted Average Shares": "25.9", "Total Operating Income as Reported": "-19,908", "Total Expenses": "21,488", "Net Income from Continuing & Discontinued Operation": "-8,879", "Normalized Income": "-24,652", "Interest Expense": "4,746", "Net Interest Income": "-4,746", "EBIT": "-4,133", "EBITDA": "-", "Reconciled Cost of Revenue": "719", "Reconciled Depreciation": "1,789", "Net Income from Continuing Operation Net Minority Interest": "-8,879", "Total Unusual Items Excluding Goodwill": "15,773", "Total Unusual Items": "15,773", "Normalized EBITDA": "-18,117", "Tax Rate for Calcs": "0", "Tax Effect of Unusual Items": "0"}, "12/31/2018": {"Duration": "12/31/2018", "Total Revenue": "3,407", "Cost of Revenue": "1,009", "Gross Profit": "2,398", "Operating Expense": "29,469", "Operating Income": "-27,071", "Net Non Operating Interest Income Expense": "-7,959", "Other Income Expense": "15,808", "Pretax Income": "-19,222", "Net Income Common Stockholders": "-19,222", "Diluted NI Available to Com Stockholders": "-19,222", "Basic EPS": "-503.85", "Diluted EPS": "-503.85", "Basic Average Shares": "38.161", "Diluted Average Shares": "38.161", "Total Operating Income as Reported": "-27,071", "Total Expenses": "30,478", "Net Income from Continuing & Discontinued Operation": "-19,222", "Normalized Income": "-34,979", "Interest Expense": "7,959", "Net Interest Income": "-7,959", "EBIT": "-11,263", "EBITDA": "-", "Reconciled Cost of Revenue": "1,009", "Reconciled Depreciation": "444", "Net Income from Continuing Operation Net Minority Interest": "-19,222", "Total Unusual Items Excluding Goodwill": "15,757", "Total Unusual Items": "15,757", "Normalized EBITDA": "-26,576", "Tax Rate for Calcs": "0", "Tax Effect of Unusual Items": "0"}}, "bs": {"12/31/2020": {"Duration": "12/31/2020", "Total Assets": "34,635", "Total Liabilities Net Minority Interest": "12,557", "Total Equity Gross Minority Interest": "22,078", "Total Capitalization": "22,078", "Common Stock Equity": "22,078", "Capital Lease Obligations": "945", "Net Tangible Assets": "22,078", "Working Capital": "22,303", "Invested Capital": "24,078", "Tangible Book Value": "22,078", "Total Debt": "2,945", "Share Issued": "5,996", "Ordinary Shares Number": "5,996", "Treasury Shares Number": "-"}, "12/31/2019": {"Duration": "12/31/2019", "Total Assets": "14,212", "Total Liabilities Net Minority Interest": "20,569", "Total Equity Gross Minority Interest": "-6,357", "Total Capitalization": "-4,357", "Common Stock Equity": "-6,357", "Capital Lease Obligations": "861", "Net Tangible Assets": "-6,357", "Working Capital": "-2,895", "Invested Capital": "-4,357", "Tangible Book Value": "-6,357", "Total Debt": "2,861", "Share Issued": "67.091", "Ordinary Shares Number": "67.091", "Treasury Shares Number": "-"}, "12/31/2018": {"Duration": "12/31/2018", "Total Assets": "6,844", "Total Liabilities Net Minority Interest": "21,783", "Total Equity Gross Minority Interest": "-14,939", "Total Capitalization": "-14,939", "Common Stock Equity": "-14,939", "Capital Lease Obligations": "-", "Net Tangible Assets": "-14,939", "Working Capital": "-11,831", "Invested Capital": "-12,901", "Tangible Book Value": "-14,939", "Total Debt": "2,038", "Share Issued": "14.718", "Ordinary Shares Number": "14.718", "Treasury Shares Number": "0"}}, "cf": {"TTM": {"Duration": "TTM", "Operating Cash Flow": "-22,868", "Investing Cash Flow": "-782", "Financing Cash Flow": "42,355", "End Cash Position": "28,756", "Interest Paid Supplemental Data": "11", "Capital Expenditure": "-782", "Issuance of Capital Stock": "39,764", "Issuance of Debt": "0", "Repayment of Debt": "-26", "Repurchase of Capital Stock": "-", "Free Cash Flow": "-23,650"}, "12/31/2020": {"Duration": "12/31/2020", "Operating Cash Flow": "-22,868", "Investing Cash Flow": "-782", "Financing Cash Flow": "42,355", "End Cash Position": "28,756", "Interest Paid Supplemental Data": "11", "Capital Expenditure": "-782", "Issuance of Capital Stock": "39,764", "Issuance of Debt": "0", "Repayment of Debt": "-26", "Repurchase of Capital Stock": "-", "Free Cash Flow": "-23,650"}, "12/31/2019": {"Duration": "12/31/2019", "Operating Cash Flow": "-23,690", "Investing Cash Flow": "-24", "Financing Cash Flow": "30,305", "End Cash Position": "10,183", "Interest Paid Supplemental Data": "-", "Capital Expenditure": "-24", "Issuance of Capital Stock": "26,625", "Issuance of Debt": "3,719", "Repayment of Debt": "-39", "Repurchase of Capital Stock": "-", "Free Cash Flow": "-23,714"}, "12/31/2018": {"Duration": "12/31/2018", "Operating Cash Flow": "-14,732", "Investing Cash Flow": "-76", "Financing Cash Flow": "13,236", "End Cash Position": "3,578", "Interest Paid Supplemental Data": "-", "Capital Expenditure": "-76", "Issuance of Capital Stock": "11,922", "Issuance of Debt": "5,664", "Repayment of Debt": "-4,870", "Repurchase of Capital Stock": "0", "Free Cash Flow": "-14,808"}}}}, {"PETS": {"quote": {"04/25/2021": {"value": "31.83", "Market Cap": "640.566M", "Beta (5Y Monthly)": "0.65", "PE Ratio (TTM)": "20.80", "EPS (TTM)": "1.53", "Earnings Date": "May 03, 2021 - May 07, 2021", "Forward Dividend & Yield": "1.12 (3.52%)", "Ex-Dividend Date": "Jan 29, 2021", "1y Target Est": "33.00"}}, "fin": {"TTM": {"Duration": "TTM", "Total Revenue": "311,822", "Cost of Revenue": "220,710", "Gross Profit": "91,112", "Operating Expense": "53,399", "Operating Income": "37,713", "Net Non Operating Interest Income Expense": "529", "Other Income Expense": "1,245", "Pretax Income": "39,487", "Tax Provision": "8,693", "Net Income Common Stockholders": "30,794", "Diluted NI Available to Com Stockholders": "30,794", "Basic EPS": "-", "Diluted EPS": "-", "Basic Average Shares": "-", "Diluted Average Shares": "-", "Total Operating Income as Reported": "37,713", "Total Expenses": "274,109", "Net Income from Continuing & Discontinued Operation": "30,794", "Normalized Income": "30,794", "Interest Income": "529", "Net Interest Income": "529", "EBIT": "37,713", "EBITDA": "40,059", "Reconciled Cost of Revenue": "220,710", "Reconciled Depreciation": "2,346", "Net Income from Continuing Operation Net Minority Interest": "30,794", "Normalized EBITDA": "40,059", "Tax Rate for Calcs": "0", "Tax Effect of Unusual Items": "0"}, "3/31/2020": {"Duration": "3/31/2020", "Total Revenue": "284,125", "Cost of Revenue": "202,879", "Gross Profit": "81,246", "Operating Expense": "50,269", "Operating Income": "30,977", "Net Non Operating Interest Income Expense": "1,747", "Other Income Expense": "1,169", "Pretax Income": "33,893", "Tax Provision": "8,042", "Net Income Common Stockholders": "25,851", "Diluted NI Available to Com Stockholders": "25,851", "Basic EPS": "1.29", "Diluted EPS": "1.29", "Basic Average Shares": "20,041", "Diluted Average Shares": "20,055", "Total Operating Income as Reported": "30,977", "Total Expenses": "253,148", "Net Income from Continuing & Discontinued Operation": "25,851", "Normalized Income": "25,851", "Interest Income": "1,747", "Net Interest Income": "1,747", "EBIT": "30,977", "EBITDA": "-", "Reconciled Cost of Revenue": "202,879", "Reconciled Depreciation": "2,257", "Net Income from Continuing Operation Net Minority Interest": "25,851", "Normalized EBITDA": "33,234", "Tax Rate for Calcs": "0", "Tax Effect of Unusual Items": "0"}, "3/31/2019": {"Duration": "3/31/2019", "Total Revenue": "283,419", "Cost of Revenue": "188,105", "Gross Profit": "95,314", "Operating Expense": "49,140", "Operating Income": "46,174", "Net Non Operating Interest Income Expense": "1,864", "Other Income Expense": "1,083", "Pretax Income": "49,121", "Tax Provision": "11,381", "Net Income Common Stockholders": "37,740", "Diluted NI Available to Com Stockholders": "37,740", "Basic EPS": "1.84", "Diluted EPS": "1.84", "Basic Average Shares": "20,461", "Diluted Average Shares": "20,491", "Total Operating Income as Reported": "46,174", "Total Expenses": "237,245", "Net Income from Continuing & Discontinued Operation": "37,740", "Normalized Income": "37,740", "Interest Income": "1,864", "Net Interest Income": "1,864", "EBIT": "46,174", "EBITDA": "-", "Reconciled Cost of Revenue": "188,105", "Reconciled Depreciation": "2,225", "Net Income from Continuing Operation Net Minority Interest": "37,740", "Normalized EBITDA": "48,399", "Tax Rate for Calcs": "0", "Tax Effect of Unusual Items": "0"}}, "bs": {"3/31/2020": {"Duration": "3/31/2020", "Total Assets": "155,323", "Total Liabilities Net Minority Interest": "25,313", "Total Equity Gross Minority Interest": "130,010", "Total Capitalization": "130,010", "Preferred Stock Equity": "9", "Common Stock Equity": "130,001", "Net Tangible Assets": "129,150", "Working Capital": "104,675", "Invested Capital": "130,001", "Tangible Book Value": "129,141", "Share Issued": "20,166", "Ordinary Shares Number": "20,166", "Preferred Shares Number": "3"}, "3/31/2019": {"Duration": "3/31/2019", "Total Assets": "154,427", "Total Liabilities Net Minority Interest": "19,747", "Total Equity Gross Minority Interest": "134,680", "Total Capitalization": "134,680", "Preferred Stock Equity": "9", "Common Stock Equity": "134,671", "Net Tangible Assets": "133,820", "Working Capital": "107,805", "Invested Capital": "134,671", "Tangible Book Value": "133,811", "Share Issued": "20,674", "Ordinary Shares Number": "20,674", "Preferred Shares Number": "3"}}, "cf": {"TTM": {"Duration": "TTM", "Operating Cash Flow": "38,892", "Investing Cash Flow": "-2,332", "Financing Cash Flow": "-22,433", "End Cash Position": "106,501", "Income Tax Paid Supplemental Data": "9,036", "Capital Expenditure": "-2,332", "Repurchase of Capital Stock": "-", "Free Cash Flow": "36,560"}, "3/31/2020": {"Duration": "3/31/2020", "Operating Cash Flow": "38,844", "Investing Cash Flow": "-2,311", "Financing Cash Flow": "-33,300", "End Cash Position": "103,762", "Income Tax Paid Supplemental Data": "7,140", "Capital Expenditure": "-2,311", "Repurchase of Capital Stock": "-11,497", "Free Cash Flow": "36,533"}, "3/31/2019": {"Duration": "3/31/2019", "Operating Cash Flow": "45,138", "Investing Cash Flow": "-620", "Financing Cash Flow": "-21,925", "End Cash Position": "100,529", "Income Tax Paid Supplemental Data": "11,051", "Capital Expenditure": "-620", "Repurchase of Capital Stock": "-", "Free Cash Flow": "44,518"}}}}, {"VRX": {"quote": {"04/25/2021": {"value": "", "Net Assets": "N/A", "Beta (5Y Monthly)": "N/A", "Yield": "N/A", "5y Average Return": "N/A", "Holdings Turnover": "N/A", "Last Dividend": "N/A", "Average for Category": "N/A", "Inception Date": "N/A"}}, "fin": {}, "bs": {}, "cf": {}}}, {"ARDM": {"fin": {}, "bs": {}, "cf": {}}}, {"IPCI": {"fin": {}, "bs": {}, "cf": {}}}]