[{"ABC": {"quote": {"05/12/2021": {"value": "120.10", "Market Cap": "24.67B", "Beta (5Y Monthly)": "0.54", "PE Ratio (TTM)": "N/A", "EPS (TTM)": "-18.34", "Earnings Date": "Aug 03, 2021 - Aug 09, 2021", "Forward Dividend & Yield": "1.76 (1.43%)", "Ex-Dividend Date": "May 14, 2021", "1y Target Est": "129.93"}}, "fin": {"TTM": {"Duration": "TTM", "Total Revenue": "194,545,740", "Cost of Revenue": "189,132,840", "Gross Profit": "5,412,900", "Operating Expense": "3,202,432", "Operating Income": "2,210,468", "Net Non Operating Interest Income Expense": "-140,490", "Other Income Expense": "-7,065,515", "Pretax Income": "-4,995,537", "Tax Provision": "-1,788,118", "Net Income Common Stockholders": "-3,221,511", "Diluted NI Available to Com Stockholders": "-3,221,511", "Basic EPS": "-", "Diluted EPS": "-", "Basic Average Shares": "-", "Diluted Average Shares": "-", "Total Operating Income as Reported": "-4,851,563", "Total Expenses": "192,335,272", "Net Income from Continuing & Discontinued Operation": "-3,221,511", "Normalized Income": "1,326,952", "Interest Income": "11,008", "Interest Expense": "151,498", "Net Interest Income": "-140,490", "EBIT": "-4,844,039", "EBITDA": "-4,441,088", "Reconciled Cost of Revenue": "189,115,989", "Reconciled Depreciation": "402,951", "Net Income from Continuing Operation Net Minority Interest": "-3,221,511", "Total Unusual Items Excluding Goodwill": "-7,084,206", "Total Unusual Items": "-7,084,206", "Normalized EBITDA": "2,643,118", "Tax Rate for Calcs": "0", "Tax Effect of Unusual Items": "-2,535,743"}, "9/30/2020": {"Duration": "9/30/2020", "Total Revenue": "189,893,926", "Cost of Revenue": "184,702,042", "Gross Profit": "5,191,884", "Operating Expense": "3,158,279", "Operating Income": "2,033,605", "Net Non Operating Interest Income Expense": "-137,883", "Other Income Expense": "-7,189,553", "Pretax Income": "-5,293,831", "Tax Provision": "-1,894,273", "Net Income Common Stockholders": "-3,408,716", "Diluted NI Available to Com Stockholders": "-3,408,716", "Basic EPS": "-16.65", "Diluted EPS": "-16.65", "Basic Average Shares": "204,783", "Diluted Average Shares": "204,783", "Total Operating Income as Reported": "-5,135,354", "Total Expenses": "187,860,321", "Net Income from Continuing & Discontinued Operation": "-3,408,716", "Normalized Income": "1,207,992", "Interest Income": "20,639", "Interest Expense": "158,522", "Net Interest Income": "-137,883", "EBIT": "-5,135,309", "EBITDA": "-", "Reconciled Cost of Revenue": "184,685,091", "Reconciled Depreciation": "408,013", "Net Income from Continuing Operation Net Minority Interest": "-3,408,716", "Total Unusual Items Excluding Goodwill": "-7,191,134", "Total Unusual Items": "-7,191,134", "Normalized EBITDA": "2,463,838", "Tax Rate for Calcs": "0", "Tax Effect of Unusual Items": "-2,574,426"}, "9/30/2019": {"Duration": "9/30/2019", "Total Revenue": "179,589,121", "Cost of Revenue": "174,450,809", "Gross Profit": "5,138,312", "Operating Expense": "3,125,915", "Operating Income": "2,012,397", "Net Non Operating Interest Income Expense": "-157,769", "Other Income Expense": "-887,522", "Pretax Income": "967,106", "Tax Provision": "112,971", "Net Income Common Stockholders": "855,365", "Diluted NI Available to Com Stockholders": "855,365", "Basic EPS": "4.07", "Diluted EPS": "4.04", "Basic Average Shares": "210,165", "Diluted Average Shares": "211,840", "Total Operating Income as Reported": "1,111,923", "Total Expenses": "177,576,724", "Net Income from Continuing & Discontinued Operation": "855,365", "Normalized Income": "1,650,484", "Interest Income": "37,705", "Interest Expense": "195,474", "Net Interest Income": "-157,769", "EBIT": "1,162,580", "EBITDA": "-", "Reconciled Cost of Revenue": "174,415,704", "Reconciled Depreciation": "497,512", "Net Income from Continuing Operation Net Minority Interest": "855,365", "Total Unusual Items Excluding Goodwill": "-900,474", "Total Unusual Items": "-900,474", "Normalized EBITDA": "2,560,566", "Tax Rate for Calcs": "0", "Tax Effect of Unusual Items": "-105,355"}, "9/30/2018": {"Duration": "9/30/2018", "Total Revenue": "167,939,635", "Cost of Revenue": "163,327,318", "Gross Profit": "4,612,317", "Operating Expense": "2,925,428", "Operating Income": "1,686,889", "Net Non Operating Interest Income Expense": "-174,699", "Other Income Expense": "-334,767", "Pretax Income": "1,177,423", "Tax Provision": "-438,469", "Net Income Common Stockholders": "1,658,405", "Diluted NI Available to Com Stockholders": "1,658,405", "Basic EPS": "7.61", "Diluted EPS": "7.53", "Basic Average Shares": "217,872", "Diluted Average Shares": "220,336", "Total Operating Income as Reported": "1,443,685", "Total Expenses": "166,252,746", "Net Income from Continuing & Discontinued Operation": "1,658,405", "Normalized Income": "1,853,293", "Interest Income": "14,941", "Interest Expense": "189,640", "Net Interest Income": "-174,699", "EBIT": "1,367,063", "EBITDA": "-", "Reconciled Cost of Revenue": "163,282,336", "Reconciled Depreciation": "510,109", "Net Income from Continuing Operation Net Minority Interest": "1,658,405", "Total Unusual Items Excluding Goodwill": "-266,970", "Total Unusual Items": "-266,970", "Normalized EBITDA": "2,144,142", "Tax Rate for Calcs": "0", "Tax Effect of Unusual Items": "-72,082"}}, "bs": {"9/30/2020": {"Duration": "9/30/2020", "Total Assets": "44,274,830", "Total Liabilities Net Minority Interest": "45,114,466", "Total Equity Gross Minority Interest": "-839,636", "Total Capitalization": "2,599,337", "Common Stock Equity": "-1,018,924", "Net Tangible Assets": "-9,611,750", "Working Capital": "-797,375", "Invested Capital": "3,100,596", "Tangible Book Value": "-9,611,750", "Total Debt": "4,119,520", "Net Debt": "-", "Share Issued": "287,790", "Ordinary Shares Number": "204,226", "Treasury Shares Number": "83,564"}, "9/30/2019": {"Duration": "9/30/2019", "Total Assets": "39,171,980", "Total Liabilities Net Minority Interest": "36,178,774", "Total Equity Gross Minority Interest": "2,993,206", "Total Capitalization": "6,912,797", "Common Stock Equity": "2,878,917", "Net Tangible Assets": "-6,121,426", "Working Capital": "-1,449,240", "Invested Capital": "7,051,809", "Tangible Book Value": "-6,121,426", "Total Debt": "4,172,892", "Net Debt": "798,698", "Share Issued": "285,295", "Ordinary Shares Number": "206,761", "Treasury Shares Number": "78,535"}, "9/30/2018": {"Duration": "9/30/2018", "Total Assets": "37,669,838", "Total Liabilities Net Minority Interest": "34,619,877", "Total Equity Gross Minority Interest": "3,049,961", "Total Capitalization": "7,091,356", "Common Stock Equity": "2,932,824", "Net Tangible Assets": "-6,679,276", "Working Capital": "-1,975,315", "Invested Capital": "7,243,013", "Tangible Book Value": "-6,679,276", "Total Debt": "4,310,189", "Net Debt": "1,817,673", "Share Issued": "283,588", "Ordinary Shares Number": "213,218", "Treasury Shares Number": "70,371"}}, "cf": {"TTM": {"Duration": "TTM", "Operating Cash Flow": "2,967,283", "Investing Cash Flow": "-382,942", "Financing Cash Flow": "-926,027", "End Cash Position": "4,890,918", "Capital Expenditure": "-367,782", "Issuance of Capital Stock": "-", "Issuance of Debt": "678,697", "Repayment of Debt": "-1,127,972", "Repurchase of Capital Stock": "-341,496", "Free Cash Flow": "2,599,501"}, "9/30/2020": {"Duration": "9/30/2020", "Operating Cash Flow": "2,207,040", "Investing Cash Flow": "-379,871", "Financing Cash Flow": "-603,617", "End Cash Position": "4,597,746", "Capital Expenditure": "-369,677", "Issuance of Capital Stock": "66,355", "Issuance of Debt": "716,426", "Repayment of Debt": "-748,432", "Repurchase of Capital Stock": "-420,449", "Free Cash Flow": "1,837,363"}, "9/30/2019": {"Duration": "9/30/2019", "Operating Cash Flow": "2,344,023", "Investing Cash Flow": "-375,832", "Financing Cash Flow": "-1,086,513", "End Cash Position": "3,374,194", "Capital Expenditure": "-310,222", "Issuance of Capital Stock": "-", "Issuance of Debt": "1,147,074", "Repayment of Debt": "-1,280,147", "Repurchase of Capital Stock": "-674,031", "Free Cash Flow": "2,033,801"}, "9/30/2018": {"Duration": "9/30/2018", "Operating Cash Flow": "1,411,388", "Investing Cash Flow": "-1,111,114", "Financing Cash Flow": "-242,873", "End Cash Position": "2,492,516", "Capital Expenditure": "-336,411", "Issuance of Capital Stock": "-", "Issuance of Debt": "26,444,134", "Repayment of Debt": "-25,808,439", "Repurchase of Capital Stock": "-639,235", "Free Cash Flow": "1,074,977"}}}}, {"CAH": {"quote": {"05/12/2021": {"value": "56.17", "Market Cap": "16.298B", "Beta (5Y Monthly)": "1.07", "PE Ratio (TTM)": "14.38", "EPS (TTM)": "3.91", "Earnings Date": "Aug 04, 2021 - Aug 09, 2021", "Forward Dividend & Yield": "1.96 (3.37%)", "Ex-Dividend Date": "Jun 30, 2021", "1y Target Est": "63.00"}}, "fin": {"TTM": {"Duration": "TTM", "Total Revenue": "156,452,000", "Cost of Revenue": "149,486,000", "Gross Profit": "6,966,000", "Operating Expense": "5,079,000", "Operating Income": "1,887,000", "Net Non Operating Interest Income Expense": "-200,000", "Other Income Expense": "-630,000", "Pretax Income": "1,057,000", "Tax Provision": "-328,000", "Net Income Common Stockholders": "1,382,000", "Diluted NI Available to Com Stockholders": "1,382,000", "Basic EPS": "-", "Diluted EPS": "-", "Basic Average Shares": "-", "Diluted Average Shares": "-", "Total Operating Income as Reported": "669,000", "Total Expenses": "154,565,000", "Net Income from Continuing & Discontinued Operation": "1,382,000", "Normalized Income": "2,280,630", "Interest Expense": "200,000", "Net Interest Income": "-200,000", "EBIT": "1,257,000", "EBITDA": "2,110,000", "Reconciled Cost of Revenue": "149,126,000", "Reconciled Depreciation": "853,000", "Net Income from Continuing Operation Net Minority Interest": "1,382,000", "Total Unusual Items Excluding Goodwill": "-1,231,000", "Total Unusual Items": "-1,231,000", "Normalized EBITDA": "3,341,000", "Tax Rate for Calcs": "0", "Tax Effect of Unusual Items": "-332,370"}, "6/30/2020": {"Duration": "6/30/2020", "Total Revenue": "152,922,000", "Cost of Revenue": "146,054,000", "Gross Profit": "6,868,000", "Operating Expense": "5,096,000", "Operating Income": "1,772,000", "Net Non Operating Interest Income Expense": "-238,000", "Other Income Expense": "-5,306,000", "Pretax Income": "-3,772,000", "Tax Provision": "-79,000", "Net Income Common Stockholders": "-3,696,000", "Diluted NI Available to Com Stockholders": "-3,696,000", "Basic EPS": "-12.61", "Diluted EPS": "-12.61", "Basic Average Shares": "293,000", "Diluted Average Shares": "293,000", "Total Operating Income as Reported": "-4,098,000", "Total Expenses": "151,150,000", "Net Income from Continuing & Discontinued Operation": "-3,696,000", "Normalized Income": "2,066,394", "Interest Expense": "238,000", "Net Interest Income": "-238,000", "EBIT": "-3,534,000", "EBITDA": "-", "Reconciled Cost of Revenue": "145,665,000", "Reconciled Depreciation": "913,000", "Net Income from Continuing Operation Net Minority Interest": "-3,696,000", "Total Unusual Items Excluding Goodwill": "-5,886,000", "Total Unusual Items": "-5,886,000", "Normalized EBITDA": "3,265,000", "Tax Rate for Calcs": "0", "Tax Effect of Unusual Items": "-123,606"}, "6/30/2019": {"Duration": "6/30/2019", "Total Revenue": "145,534,000", "Cost of Revenue": "138,700,000", "Gross Profit": "6,834,000", "Operating Expense": "5,101,000", "Operating Income": "1,733,000", "Net Non Operating Interest Income Expense": "-294,000", "Other Income Expense": "312,000", "Pretax Income": "1,751,000", "Tax Provision": "386,000", "Net Income Common Stockholders": "1,363,000", "Diluted NI Available to Com Stockholders": "1,363,000", "Basic EPS": "4.55", "Diluted EPS": "4.53", "Basic Average Shares": "300,000", "Diluted Average Shares": "301,000", "Total Operating Income as Reported": "2,060,000", "Total Expenses": "143,801,000", "Net Income from Continuing & Discontinued Operation": "1,363,000", "Normalized Income": "1,108,267", "Interest Expense": "294,000", "Net Interest Income": "-294,000", "EBIT": "2,045,000", "EBITDA": "-", "Reconciled Cost of Revenue": "138,321,000", "Reconciled Depreciation": "1,000,000", "Net Income from Continuing Operation Net Minority Interest": "1,363,000", "Total Unusual Items Excluding Goodwill": "327,000", "Total Unusual Items": "327,000", "Normalized EBITDA": "2,718,000", "Tax Rate for Calcs": "0", "Tax Effect of Unusual Items": "72,267"}, "6/30/2018": {"Duration": "6/30/2018", "Total Revenue": "136,809,000", "Cost of Revenue": "129,628,000", "Gross Profit": "7,181,000", "Operating Expense": "5,303,000", "Operating Income": "1,878,000", "Net Non Operating Interest Income Expense": "-329,000", "Other Income Expense": "-1,777,000", "Pretax Income": "-228,000", "Tax Provision": "-487,000", "Net Income Common Stockholders": "256,000", "Diluted NI Available to Com Stockholders": "256,000", "Basic EPS": "0.82", "Diluted EPS": "0.81", "Basic Average Shares": "313,000", "Diluted Average Shares": "315,000", "Total Operating Income as Reported": "126,000", "Total Expenses": "134,931,000", "Net Income from Continuing & Discontinued Operation": "256,000", "Normalized Income": "1,536,420", "Interest Expense": "329,000", "Net Interest Income": "-329,000", "EBIT": "101,000", "EBITDA": "-", "Reconciled Cost of Revenue": "129,303,000", "Reconciled Depreciation": "1,032,000", "Net Income from Continuing Operation Net Minority Interest": "256,000", "Total Unusual Items Excluding Goodwill": "-1,754,000", "Total Unusual Items": "-1,754,000", "Normalized EBITDA": "2,887,000", "Tax Rate for Calcs": "0", "Tax Effect of Unusual Items": "-473,580"}}, "bs": {"6/30/2020": {"Duration": "6/30/2020", "Total Assets": "40,766,000", "Total Liabilities Net Minority Interest": "38,974,000", "Total Equity Gross Minority Interest": "1,792,000", "Total Capitalization": "8,554,000", "Common Stock Equity": "1,789,000", "Net Tangible Assets": "-9,486,000", "Working Capital": "2,325,000", "Invested Capital": "8,564,000", "Tangible Book Value": "-9,486,000", "Total Debt": "6,775,000", "Net Debt": "4,004,000", "Share Issued": "327,000", "Ordinary Shares Number": "293,000", "Treasury Shares Number": "34,000"}, "6/30/2019": {"Duration": "6/30/2019", "Total Assets": "40,963,000", "Total Liabilities Net Minority Interest": "34,633,000", "Total Equity Gross Minority Interest": "6,330,000", "Total Capitalization": "13,907,000", "Common Stock Equity": "6,328,000", "Net Tangible Assets": "-5,480,000", "Working Capital": "1,638,000", "Invested Capital": "14,359,000", "Tangible Book Value": "-5,480,000", "Total Debt": "8,031,000", "Net Debt": "5,500,000", "Share Issued": "327,000", "Ordinary Shares Number": "299,000", "Treasury Shares Number": "28,000"}, "6/30/2018": {"Duration": "6/30/2018", "Total Assets": "39,951,000", "Total Liabilities Net Minority Interest": "33,892,000", "Total Equity Gross Minority Interest": "6,059,000", "Total Capitalization": "14,071,000", "Common Stock Equity": "6,059,000", "Net Tangible Assets": "-6,170,000", "Working Capital": "1,660,000", "Invested Capital": "15,072,000", "Tangible Book Value": "-6,170,000", "Total Debt": "9,013,000", "Net Debt": "7,250,000", "Share Issued": "327,000", "Ordinary Shares Number": "309,000", "Treasury Shares Number": "18,000"}}, "cf": {"TTM": {"Duration": "TTM", "Operating Cash Flow": "3,403,000", "Investing Cash Flow": "453,000", "Financing Cash Flow": "-1,784,000", "End Cash Position": "3,731,000", "Income Tax Paid Supplemental Data": "-", "Interest Paid Supplemental Data": "-", "Capital Expenditure": "-400,000", "Issuance of Debt": "-", "Repayment of Debt": "-655,000", "Repurchase of Capital Stock": "0", "Free Cash Flow": "3,003,000"}, "6/30/2020": {"Duration": "6/30/2020", "Operating Cash Flow": "1,960,000", "Investing Cash Flow": "493,000", "Financing Cash Flow": "-2,200,000", "End Cash Position": "2,771,000", "Income Tax Paid Supplemental Data": "368,000", "Interest Paid Supplemental Data": "226,000", "Capital Expenditure": "-375,000", "Issuance of Debt": "0", "Repayment of Debt": "-1,399,000", "Repurchase of Capital Stock": "-350,000", "Free Cash Flow": "1,585,000"}, "6/30/2019": {"Duration": "6/30/2019", "Operating Cash Flow": "2,722,000", "Investing Cash Flow": "338,000", "Financing Cash Flow": "-2,293,000", "End Cash Position": "2,531,000", "Income Tax Paid Supplemental Data": "311,000", "Interest Paid Supplemental Data": "285,000", "Capital Expenditure": "-328,000", "Issuance of Debt": "0", "Repayment of Debt": "-1,102,000", "Repurchase of Capital Stock": "-600,000", "Free Cash Flow": "2,394,000"}, "6/30/2018": {"Duration": "6/30/2018", "Operating Cash Flow": "2,768,000", "Investing Cash Flow": "-5,608,000", "Financing Cash Flow": "-2,276,000", "End Cash Position": "1,763,000", "Income Tax Paid Supplemental Data": "425,000", "Interest Paid Supplemental Data": "320,000", "Capital Expenditure": "-384,000", "Issuance of Debt": "3,000", "Repayment of Debt": "-954,000", "Repurchase of Capital Stock": "-550,000", "Free Cash Flow": "2,384,000"}}}}, {"MCK": {"quote": {"05/12/2021": {"value": "197.94", "Market Cap": "31.506B", "Beta (5Y Monthly)": "0.88", "PE Ratio (TTM)": "N/A", "EPS (TTM)": "-28.27", "Earnings Date": "Aug 02, 2021 - Aug 06, 2021", "Forward Dividend & Yield": "1.68 (0.83%)", "Ex-Dividend Date": "May 28, 2021", "1y Target Est": "221.13"}}, "fin": {"TTM": {"Duration": "TTM", "Total Revenue": "237,621,000", "Cost of Revenue": "225,434,000", "Gross Profit": "12,187,000", "Operating Expense": "9,110,000", "Operating Income": "3,077,000", "Net Non Operating Interest Income Expense": "-181,000", "Other Income Expense": "-7,758,000", "Pretax Income": "-4,862,000", "Tax Provision": "-882,000", "Net Income Common Stockholders": "-4,184,000", "Diluted NI Available to Com Stockholders": "-4,184,000", "Basic EPS": "-", "Diluted EPS": "-", "Basic Average Shares": "-", "Diluted Average Shares": "-", "Total Operating Income as Reported": "-5,181,000", "Total Expenses": "234,544,000", "Net Income from Continuing & Discontinued Operation": "-4,184,000", "Normalized Income": "2,674,904", "Interest Income": "-", "Interest Expense": "230,000", "Net Interest Income": "-181,000", "EBIT": "-4,632,000", "EBITDA": "-3,735,000", "Reconciled Cost of Revenue": "225,434,000", "Reconciled Depreciation": "897,000", "Net Income from Continuing Operation Net Minority Interest": "-4,189,000", "Total Unusual Items Excluding Goodwill": "-8,385,000", "Total Unusual Items": "-8,385,000", "Normalized EBITDA": "4,650,000", "Tax Rate for Calcs": "0", "Tax Effect of Unusual Items": "-1,521,096"}, "3/31/2020": {"Duration": "3/31/2020", "Total Revenue": "231,051,000", "Cost of Revenue": "219,028,000", "Gross Profit": "12,023,000", "Operating Expense": "9,264,000", "Operating Income": "2,759,000", "Net Non Operating Interest Income Expense": "-200,000", "Other Income Expense": "-1,415,000", "Pretax Income": "1,144,000", "Tax Provision": "18,000", "Net Income Common Stockholders": "900,000", "Diluted NI Available to Com Stockholders": "900,000", "Basic EPS": "4.98", "Diluted EPS": "4.95", "Basic Average Shares": "181,000", "Diluted Average Shares": "182,000", "Total Operating Income as Reported": "2,489,000", "Total Expenses": "228,292,000", "Net Income from Continuing & Discontinued Operation": "900,000", "Normalized Income": "1,296,648", "Interest Income": "49,000", "Interest Expense": "249,000", "Net Interest Income": "-200,000", "EBIT": "1,393,000", "EBITDA": "-", "Reconciled Cost of Revenue": "219,028,000", "Reconciled Depreciation": "922,000", "Net Income from Continuing Operation Net Minority Interest": "906,000", "Total Unusual Items Excluding Goodwill": "-397,000", "Total Unusual Items": "-397,000", "Normalized EBITDA": "2,712,000", "Tax Rate for Calcs": "0", "Tax Effect of Unusual Items": "-6,352"}, "3/31/2019": {"Duration": "3/31/2019", "Total Revenue": "214,319,000", "Cost of Revenue": "202,565,000", "Gross Profit": "11,754,000", "Operating Expense": "8,474,000", "Operating Income": "3,280,000", "Net Non Operating Interest Income Expense": "-225,000", "Other Income Expense": "-2,445,000", "Pretax Income": "610,000", "Tax Provision": "356,000", "Net Income Common Stockholders": "34,000", "Diluted NI Available to Com Stockholders": "34,000", "Basic EPS": "0.17", "Diluted EPS": "0.17", "Basic Average Shares": "196,000", "Diluted Average Shares": "197,000", "Total Operating Income as Reported": "886,000", "Total Expenses": "211,039,000", "Net Income from Continuing & Discontinued Operation": "34,000", "Normalized Income": "1,739,740", "Interest Income": "39,000", "Interest Expense": "264,000", "Net Interest Income": "-225,000", "EBIT": "874,000", "EBITDA": "-", "Reconciled Cost of Revenue": "202,565,000", "Reconciled Depreciation": "949,000", "Net Income from Continuing Operation Net Minority Interest": "33,000", "Total Unusual Items Excluding Goodwill": "-2,338,000", "Total Unusual Items": "-2,338,000", "Normalized EBITDA": "4,161,000", "Tax Rate for Calcs": "0", "Tax Effect of Unusual Items": "-631,260"}}, "bs": {"3/31/2020": {"Duration": "3/31/2020", "Total Assets": "61,247,000", "Total Liabilities Net Minority Interest": "55,938,000", "Total Equity Gross Minority Interest": "5,309,000", "Total Capitalization": "11,427,000", "Common Stock Equity": "5,092,000", "Capital Lease Obligations": "2,014,000", "Net Tangible Assets": "-7,424,000", "Working Capital": "-402,000", "Invested Capital": "12,479,000", "Tangible Book Value": "-7,424,000", "Total Debt": "9,401,000", "Net Debt": "3,372,000", "Share Issued": "272,000", "Ordinary Shares Number": "162,000", "Treasury Shares Number": "110,000"}, "3/31/2019": {"Duration": "3/31/2019", "Total Assets": "59,672,000", "Total Liabilities Net Minority Interest": "51,385,000", "Total Equity Gross Minority Interest": "8,287,000", "Total Capitalization": "15,359,000", "Common Stock Equity": "8,094,000", "Capital Lease Obligations": "-", "Net Tangible Assets": "-4,953,000", "Working Capital": "839,000", "Invested Capital": "15,689,000", "Tangible Book Value": "-4,953,000", "Total Debt": "7,595,000", "Net Debt": "4,614,000", "Share Issued": "271,000", "Ordinary Shares Number": "190,000", "Treasury Shares Number": "81,000"}}, "cf": {"TTM": {"Duration": "TTM", "Operating Cash Flow": "5,826,000", "Investing Cash Flow": "-380,000", "Financing Cash Flow": "-3,656,000", "End Cash Position": "3,855,000", "Income Tax Paid Supplemental Data": "-", "Interest Paid Supplemental Data": "-", "Capital Expenditure": "-595,000", "Issuance of Capital Stock": "79,000", "Issuance of Debt": "11,540,000", "Repayment of Debt": "-14,317,000", "Repurchase of Capital Stock": "-529,000", "Free Cash Flow": "5,231,000"}, "3/31/2020": {"Duration": "3/31/2020", "Operating Cash Flow": "4,374,000", "Investing Cash Flow": "-579,000", "Financing Cash Flow": "-2,734,000", "End Cash Position": "4,023,000", "Income Tax Paid Supplemental Data": "368,000", "Interest Paid Supplemental Data": "235,000", "Capital Expenditure": "-506,000", "Issuance of Capital Stock": "113,000", "Issuance of Debt": "21,437,000", "Repayment of Debt": "-21,735,000", "Repurchase of Capital Stock": "-1,954,000", "Free Cash Flow": "3,868,000"}, "3/31/2019": {"Duration": "3/31/2019", "Operating Cash Flow": "4,036,000", "Investing Cash Flow": "-1,381,000", "Financing Cash Flow": "-2,227,000", "End Cash Position": "2,981,000", "Income Tax Paid Supplemental Data": "262,000", "Interest Paid Supplemental Data": "383,000", "Capital Expenditure": "-557,000", "Issuance of Capital Stock": "75,000", "Issuance of Debt": "38,364,000", "Repayment of Debt": "-38,380,000", "Repurchase of Capital Stock": "-1,639,000", "Free Cash Flow": "3,479,000"}}}}]