[{"NVO": {"quote": {"05/12/2021": {"value": "76.62", "Market Cap": "177.191B", "Beta (5Y Monthly)": "0.31", "PE Ratio (TTM)": "25.45", "EPS (TTM)": "3.01", "Earnings Date": "N/A", "Forward Dividend & Yield": "1.84 (2.42%)", "Ex-Dividend Date": "Mar 26, 2021", "1y Target Est": "81.76"}}, "fin": {"TTM": {"Duration": "TTM", "Total Revenue": "126,946,000", "Cost of Revenue": "20,932,000", "Gross Profit": "106,014,000", "Operating Expense": "51,888,000", "Operating Income": "54,126,000", "Net Non Operating Interest Income Expense": "-203,000", "Other Income Expense": "-793,000", "Pretax Income": "53,130,000", "Tax Provision": "10,992,000", "Net Income Common Stockholders": "42,138,000", "Diluted NI Available to Com Stockholders": "42,138,000", "Basic EPS": "-", "Diluted EPS": "-", "Basic Average Shares": "-", "Diluted Average Shares": "-", "Total Operating Income as Reported": "54,126,000", "Total Expenses": "72,820,000", "Net Income from Continuing & Discontinued Operation": "42,138,000", "Normalized Income": "42,885,006", "Interest Income": "337,000", "Interest Expense": "390,000", "Net Interest Income": "-203,000", "EBIT": "53,520,000", "EBITDA": "59,273,000", "Reconciled Cost of Revenue": "20,932,000", "Reconciled Depreciation": "5,753,000", "Net Income from Continuing Operation Net Minority Interest": "42,138,000", "Total Unusual Items Excluding Goodwill": "-942,000", "Total Unusual Items": "-942,000", "Normalized EBITDA": "60,215,000", "Tax Rate for Calcs": "0", "Tax Effect of Unusual Items": "-194,994"}, "12/31/2020": {"Duration": "12/31/2020", "Total Revenue": "126,946,000", "Cost of Revenue": "20,932,000", "Gross Profit": "106,014,000", "Operating Expense": "51,888,000", "Operating Income": "54,126,000", "Net Non Operating Interest Income Expense": "-203,000", "Other Income Expense": "-793,000", "Pretax Income": "53,130,000", "Tax Provision": "10,992,000", "Net Income Common Stockholders": "42,138,000", "Diluted NI Available to Com Stockholders": "42,138,000", "Basic EPS": "-", "Diluted EPS": "-", "Basic Average Shares": "-", "Diluted Average Shares": "-", "Total Operating Income as Reported": "54,126,000", "Total Expenses": "72,820,000", "Net Income from Continuing & Discontinued Operation": "42,138,000", "Normalized Income": "42,885,006", "Interest Income": "337,000", "Interest Expense": "390,000", "Net Interest Income": "-203,000", "EBIT": "53,520,000", "EBITDA": "-", "Reconciled Cost of Revenue": "20,932,000", "Reconciled Depreciation": "5,753,000", "Net Income from Continuing Operation Net Minority Interest": "42,138,000", "Total Unusual Items Excluding Goodwill": "-942,000", "Total Unusual Items": "-942,000", "Normalized EBITDA": "60,215,000", "Tax Rate for Calcs": "0", "Tax Effect of Unusual Items": "-194,994"}, "12/31/2019": {"Duration": "12/31/2019", "Total Revenue": "122,021,000", "Cost of Revenue": "20,088,000", "Gross Profit": "101,933,000", "Operating Expense": "49,450,000", "Operating Income": "52,483,000", "Net Non Operating Interest Income Expense": "-436,000", "Other Income Expense": "-3,494,000", "Pretax Income": "48,553,000", "Tax Provision": "9,602,000", "Net Income Common Stockholders": "38,951,000", "Diluted NI Available to Com Stockholders": "38,951,000", "Basic EPS": "16.41", "Diluted EPS": "16.38", "Basic Average Shares": "2,374,299", "Diluted Average Shares": "2,378,658", "Total Operating Income as Reported": "52,483,000", "Total Expenses": "69,538,000", "Net Income from Continuing & Discontinued Operation": "38,951,000", "Normalized Income": "41,643,314", "Interest Income": "65,000", "Interest Expense": "220,000", "Net Interest Income": "-436,000", "EBIT": "48,773,000", "EBITDA": "-", "Reconciled Cost of Revenue": "20,088,000", "Reconciled Depreciation": "5,661,000", "Net Income from Continuing Operation Net Minority Interest": "38,951,000", "Total Unusual Items Excluding Goodwill": "-3,357,000", "Total Unusual Items": "-3,357,000", "Normalized EBITDA": "57,791,000", "Tax Rate for Calcs": "0", "Tax Effect of Unusual Items": "-664,686"}, "12/31/2018": {"Duration": "12/31/2018", "Total Revenue": "111,831,000", "Cost of Revenue": "17,617,000", "Gross Profit": "94,214,000", "Operating Expense": "46,966,000", "Operating Income": "47,248,000", "Net Non Operating Interest Income Expense": "-106,000", "Other Income Expense": "473,000", "Pretax Income": "47,615,000", "Tax Provision": "8,987,000", "Net Income Common Stockholders": "38,628,000", "Diluted NI Available to Com Stockholders": "38,628,000", "Basic EPS": "15.96", "Diluted EPS": "15.93", "Basic Average Shares": "2,419,603", "Diluted Average Shares": "2,424,417", "Total Operating Income as Reported": "47,248,000", "Total Expenses": "64,583,000", "Net Income from Continuing & Discontinued Operation": "38,628,000", "Normalized Income": "38,254,129", "Interest Income": "51,000", "Interest Expense": "85,000", "Net Interest Income": "-106,000", "EBIT": "47,700,000", "EBITDA": "-", "Reconciled Cost of Revenue": "17,617,000", "Reconciled Depreciation": "3,925,000", "Net Income from Continuing Operation Net Minority Interest": "38,628,000", "Total Unusual Items Excluding Goodwill": "461,000", "Total Unusual Items": "461,000", "Normalized EBITDA": "51,164,000", "Tax Rate for Calcs": "0", "Tax Effect of Unusual Items": "87,129"}}, "bs": {"12/31/2020": {"Duration": "12/31/2020", "Total Assets": "144,922,000", "Total Liabilities Net Minority Interest": "81,597,000", "Total Equity Gross Minority Interest": "63,325,000", "Total Capitalization": "63,325,000", "Common Stock Equity": "63,325,000", "Capital Lease Obligations": "3,672,000", "Net Tangible Assets": "42,668,000", "Working Capital": "-4,464,000", "Invested Capital": "70,009,000", "Tangible Book Value": "42,668,000", "Total Debt": "10,356,000", "Share Issued": "2,388,139", "Ordinary Shares Number": "2,350,000", "Treasury Shares Number": "38,139"}, "12/31/2019": {"Duration": "12/31/2019", "Total Assets": "125,612,000", "Total Liabilities Net Minority Interest": "68,019,000", "Total Equity Gross Minority Interest": "57,593,000", "Total Capitalization": "57,593,000", "Common Stock Equity": "57,593,000", "Capital Lease Obligations": "3,824,000", "Net Tangible Assets": "51,758,000", "Working Capital": "3,473,000", "Invested Capital": "58,252,000", "Tangible Book Value": "51,758,000", "Total Debt": "4,483,000", "Share Issued": "2,448,843", "Ordinary Shares Number": "2,400,000", "Treasury Shares Number": "48,843"}, "12/31/2018": {"Duration": "12/31/2018", "Total Assets": "110,769,000", "Total Liabilities Net Minority Interest": "58,930,000", "Total Equity Gross Minority Interest": "51,839,000", "Total Capitalization": "51,839,000", "Common Stock Equity": "51,839,000", "Capital Lease Obligations": "-", "Net Tangible Assets": "46,694,000", "Working Capital": "4,903,000", "Invested Capital": "52,354,000", "Tangible Book Value": "46,694,000", "Total Debt": "515,000", "Share Issued": "2,506,332", "Ordinary Shares Number": "2,450,000", "Treasury Shares Number": "56,332"}}, "cf": {"TTM": {"Duration": "TTM", "Operating Cash Flow": "51,951,000", "Investing Cash Flow": "-22,436,000", "Financing Cash Flow": "-32,244,000", "End Cash Position": "12,226,000", "Capital Expenditure": "-22,081,000", "Issuance of Debt": "5,682,000", "Repayment of Debt": "-950,000", "Repurchase of Capital Stock": "-16,855,000", "Free Cash Flow": "29,870,000"}, "12/31/2020": {"Duration": "12/31/2020", "Operating Cash Flow": "51,951,000", "Investing Cash Flow": "-22,436,000", "Financing Cash Flow": "-32,244,000", "End Cash Position": "12,226,000", "Capital Expenditure": "-22,081,000", "Issuance of Debt": "5,682,000", "Repayment of Debt": "-950,000", "Repurchase of Capital Stock": "-16,855,000", "Free Cash Flow": "29,870,000"}, "12/31/2019": {"Duration": "12/31/2019", "Operating Cash Flow": "46,782,000", "Investing Cash Flow": "-11,509,000", "Financing Cash Flow": "-35,484,000", "End Cash Position": "15,411,000", "Capital Expenditure": "-11,231,000", "Issuance of Debt": "-", "Repayment of Debt": "-741,000", "Repurchase of Capital Stock": "-15,334,000", "Free Cash Flow": "35,551,000"}, "12/31/2018": {"Duration": "12/31/2018", "Operating Cash Flow": "44,616,000", "Investing Cash Flow": "-12,080,000", "Financing Cash Flow": "-34,521,000", "End Cash Position": "15,629,000", "Capital Expenditure": "-12,410,000", "Issuance of Debt": "-", "Repayment of Debt": "-", "Repurchase of Capital Stock": "-15,567,000", "Free Cash Flow": "32,206,000"}}}}, {"AMRN": {"quote": {"05/12/2021": {"value": "4.6100", "Market Cap": "1.82B", "Beta (5Y Monthly)": "2.24", "PE Ratio (TTM)": "2,305.00", "EPS (TTM)": "0.0020", "Earnings Date": "Aug 02, 2021 - Aug 06, 2021", "Forward Dividend & Yield": "N/A (N/A)", "Ex-Dividend Date": "N/A", "1y Target Est": "10.25"}}, "fin": {"TTM": {"Duration": "TTM", "Total Revenue": "614,060", "Cost of Revenue": "131,444", "Gross Profit": "482,616", "Operating Expense": "502,271", "Operating Income": "-19,655", "Net Non Operating Interest Income Expense": "2,296", "Other Income Expense": "104", "Pretax Income": "-17,255", "Tax Provision": "745", "Net Income Common Stockholders": "-18,000", "Diluted NI Available to Com Stockholders": "-18,000", "Basic EPS": "-", "Diluted EPS": "-", "Basic Average Shares": "-", "Diluted Average Shares": "-", "Total Operating Income as Reported": "-19,655", "Total Expenses": "633,715", "Net Income from Continuing & Discontinued Operation": "-18,000", "Normalized Income": "-18,000", "Interest Income": "4,901", "Interest Expense": "2,605", "Net Interest Income": "2,296", "EBIT": "-14,650", "EBITDA": "-12,612", "Reconciled Cost of Revenue": "131,444", "Reconciled Depreciation": "2,038", "Net Income from Continuing Operation Net Minority Interest": "-18,000", "Total Unusual Items Excluding Goodwill": "-", "Total Unusual Items": "-", "Normalized EBITDA": "-12,612", "Tax Rate for Calcs": "0", "Tax Effect of Unusual Items": "0"}, "12/31/2020": {"Duration": "12/31/2020", "Total Revenue": "614,060", "Cost of Revenue": "131,444", "Gross Profit": "482,616", "Operating Expense": "502,271", "Operating Income": "-19,655", "Net Non Operating Interest Income Expense": "2,296", "Other Income Expense": "104", "Pretax Income": "-17,255", "Tax Provision": "745", "Net Income Common Stockholders": "-18,000", "Diluted NI Available to Com Stockholders": "-18,000", "Basic EPS": "-", "Diluted EPS": "-", "Basic Average Shares": "-", "Diluted Average Shares": "-", "Total Operating Income as Reported": "-19,655", "Total Expenses": "633,715", "Net Income from Continuing & Discontinued Operation": "-18,000", "Normalized Income": "-18,000", "Interest Income": "4,901", "Interest Expense": "2,605", "Net Interest Income": "2,296", "EBIT": "-14,650", "EBITDA": "-", "Reconciled Cost of Revenue": "131,444", "Reconciled Depreciation": "2,038", "Net Income from Continuing Operation Net Minority Interest": "-18,000", "Total Unusual Items Excluding Goodwill": "-", "Total Unusual Items": "-", "Normalized EBITDA": "-12,612", "Tax Rate for Calcs": "0", "Tax Effect of Unusual Items": "0"}, "12/31/2019": {"Duration": "12/31/2019", "Total Revenue": "429,755", "Cost of Revenue": "96,019", "Gross Profit": "333,736", "Operating Expense": "358,015", "Operating Income": "-24,279", "Net Non Operating Interest Income Expense": "1,873", "Other Income Expense": "-75", "Pretax Income": "-22,481", "Tax Provision": "164", "Net Income Common Stockholders": "-22,645", "Diluted NI Available to Com Stockholders": "-22,645", "Basic EPS": "-0.07", "Diluted EPS": "-0.07", "Basic Average Shares": "342,538", "Diluted Average Shares": "342,538", "Total Operating Income as Reported": "-24,279", "Total Expenses": "454,034", "Net Income from Continuing & Discontinued Operation": "-22,645", "Normalized Income": "-22,645", "Interest Income": "8,499", "Interest Expense": "6,626", "Net Interest Income": "1,873", "EBIT": "-15,855", "EBITDA": "-", "Reconciled Cost of Revenue": "96,019", "Reconciled Depreciation": "859", "Net Income from Continuing Operation Net Minority Interest": "-22,645", "Total Unusual Items Excluding Goodwill": "-", "Total Unusual Items": "-", "Normalized EBITDA": "-14,996", "Tax Rate for Calcs": "0", "Tax Effect of Unusual Items": "0"}, "12/31/2018": {"Duration": "12/31/2018", "Total Revenue": "229,214", "Cost of Revenue": "54,543", "Gross Profit": "174,671", "Operating Expense": "282,896", "Operating Income": "-108,225", "Net Non Operating Interest Income Expense": "-7,798", "Other Income Expense": "-326", "Pretax Income": "-116,349", "Tax Provision": "96", "Net Income Common Stockholders": "-116,445", "Diluted NI Available to Com Stockholders": "-116,445", "Basic EPS": "-0.39", "Diluted EPS": "-0.39", "Basic Average Shares": "297,237", "Diluted Average Shares": "297,237", "Total Operating Income as Reported": "-108,225", "Total Expenses": "337,439", "Net Income from Continuing & Discontinued Operation": "-116,445", "Normalized Income": "-116,445", "Interest Income": "1,074", "Interest Expense": "8,872", "Net Interest Income": "-7,798", "EBIT": "-107,477", "EBITDA": "-", "Reconciled Cost of Revenue": "54,543", "Reconciled Depreciation": "669", "Net Income from Continuing Operation Net Minority Interest": "-116,445", "Total Unusual Items Excluding Goodwill": "-", "Total Unusual Items": "-", "Normalized EBITDA": "-106,808", "Tax Rate for Calcs": "0", "Tax Effect of Unusual Items": "0"}}, "bs": {"12/31/2020": {"Duration": "12/31/2020", "Total Assets": "966,021", "Total Liabilities Net Minority Interest": "338,516", "Total Equity Gross Minority Interest": "627,505", "Total Capitalization": "627,505", "Preferred Stock Equity": "-", "Common Stock Equity": "627,505", "Capital Lease Obligations": "9,153", "Net Tangible Assets": "613,688", "Working Capital": "571,790", "Invested Capital": "627,505", "Tangible Book Value": "613,688", "Total Debt": "9,153", "Net Debt": "-", "Share Issued": "398,425", "Ordinary Shares Number": "392,538", "Preferred Shares Number": "-", "Treasury Shares Number": "5,887"}, "12/31/2019": {"Duration": "12/31/2019", "Total Assets": "882,209", "Total Liabilities Net Minority Interest": "273,946", "Total Equity Gross Minority Interest": "608,263", "Total Capitalization": "608,263", "Preferred Stock Equity": "21,850", "Common Stock Equity": "586,413", "Capital Lease Obligations": "9,443", "Net Tangible Assets": "593,005", "Working Capital": "612,757", "Invested Capital": "636,543", "Tangible Book Value": "571,155", "Total Debt": "59,573", "Net Debt": "-", "Share Issued": "365,015", "Ordinary Shares Number": "360,104", "Preferred Shares Number": "-", "Treasury Shares Number": "4,911"}, "12/31/2018": {"Duration": "12/31/2018", "Total Assets": "385,714", "Total Liabilities Net Minority Interest": "233,384", "Total Equity Gross Minority Interest": "152,330", "Total Capitalization": "198,438", "Preferred Stock Equity": "21,850", "Common Stock Equity": "130,480", "Capital Lease Obligations": "-", "Net Tangible Assets": "144,850", "Working Capital": "220,734", "Invested Capital": "210,828", "Tangible Book Value": "123,000", "Total Debt": "80,348", "Net Debt": "-", "Share Issued": "329,111", "Ordinary Shares Number": "325,850", "Preferred Shares Number": "-", "Treasury Shares Number": "3,261"}}, "cf": {"TTM": {"Duration": "TTM", "Operating Cash Flow": "-21,746", "Investing Cash Flow": "-376,963", "Financing Cash Flow": "-58,907", "End Cash Position": "190,879", "Income Tax Paid Supplemental Data": "207", "Interest Paid Supplemental Data": "2,043", "Capital Expenditure": "-252", "Issuance of Capital Stock": "-", "Issuance of Debt": "-", "Repayment of Debt": "-50,336", "Free Cash Flow": "-21,998"}, "12/31/2020": {"Duration": "12/31/2020", "Operating Cash Flow": "-21,746", "Investing Cash Flow": "-376,963", "Financing Cash Flow": "-58,907", "End Cash Position": "190,879", "Income Tax Paid Supplemental Data": "207", "Interest Paid Supplemental Data": "2,043", "Capital Expenditure": "-252", "Issuance of Capital Stock": "-", "Issuance of Debt": "-", "Repayment of Debt": "-50,336", "Free Cash Flow": "-21,998"}, "12/31/2019": {"Duration": "12/31/2019", "Operating Cash Flow": "-9,366", "Investing Cash Flow": "-2,478", "Financing Cash Flow": "409,612", "End Cash Position": "648,495", "Income Tax Paid Supplemental Data": "67", "Interest Paid Supplemental Data": "4,591", "Capital Expenditure": "-2,478", "Issuance of Capital Stock": "440,108", "Issuance of Debt": "0", "Repayment of Debt": "-31,652", "Free Cash Flow": "-11,844"}, "12/31/2018": {"Duration": "12/31/2018", "Operating Cash Flow": "-94,703", "Investing Cash Flow": "-58", "Financing Cash Flow": "271,251", "End Cash Position": "250,727", "Income Tax Paid Supplemental Data": "850", "Interest Paid Supplemental Data": "21,527", "Capital Expenditure": "-58", "Issuance of Capital Stock": "264,840", "Issuance of Debt": "0", "Repayment of Debt": "-14,690", "Free Cash Flow": "-94,761"}}}}, {"APRI": {"quote": {"05/12/2021": {"value": "", "Net Assets": "N/A", "Beta (5Y Monthly)": "N/A", "Yield": "N/A", "5y Average Return": "N/A", "Holdings Turnover": "N/A", "Last Dividend": "N/A", "Average for Category": "N/A", "Inception Date": "N/A"}}, "fin": {}, "bs": {}, "cf": {}}}, {"AMPH": {"quote": {"05/12/2021": {"value": "18.98", "Market Cap": "904.12M", "Beta (5Y Monthly)": "0.72", "PE Ratio (TTM)": "365.00", "EPS (TTM)": "0.05", "Earnings Date": "Aug 04, 2021 - Aug 09, 2021", "Forward Dividend & Yield": "N/A (N/A)", "Ex-Dividend Date": "N/A", "1y Target Est": "21.60"}}, "fin": {"TTM": {"Duration": "TTM", "Total Revenue": "349,846", "Cost of Revenue": "206,506", "Gross Profit": "143,340", "Operating Expense": "132,386", "Operating Income": "10,954", "Net Non Operating Interest Income Expense": "268", "Other Income Expense": "-6,585", "Pretax Income": "4,637", "Tax Provision": "3,540", "Net Income Common Stockholders": "1,403", "Diluted NI Available to Com Stockholders": "1,403", "Basic EPS": "-", "Diluted EPS": "-", "Basic Average Shares": "-", "Diluted Average Shares": "-", "Total Operating Income as Reported": "10,954", "Total Expenses": "338,892", "Net Income from Continuing & Discontinued Operation": "1,403", "Normalized Income": "1,403", "Interest Income": "642", "Interest Expense": "374", "Net Interest Income": "268", "EBIT": "5,011", "EBITDA": "30,191", "Reconciled Cost of Revenue": "191,445", "Reconciled Depreciation": "25,180", "Net Income from Continuing Operation Net Minority Interest": "1,403", "Total Unusual Items Excluding Goodwill": "0", "Total Unusual Items": "0", "Normalized EBITDA": "30,191", "Tax Rate for Calcs": "0", "Tax Effect of Unusual Items": "0"}, "12/31/2020": {"Duration": "12/31/2020", "Total Revenue": "349,846", "Cost of Revenue": "206,506", "Gross Profit": "143,340", "Operating Expense": "132,386", "Operating Income": "10,954", "Net Non Operating Interest Income Expense": "268", "Other Income Expense": "-6,585", "Pretax Income": "4,637", "Tax Provision": "3,540", "Net Income Common Stockholders": "1,403", "Diluted NI Available to Com Stockholders": "1,403", "Basic EPS": "-", "Diluted EPS": "-", "Basic Average Shares": "-", "Diluted Average Shares": "-", "Total Operating Income as Reported": "10,954", "Total Expenses": "338,892", "Net Income from Continuing & Discontinued Operation": "1,403", "Normalized Income": "1,403", "Interest Income": "642", "Interest Expense": "374", "Net Interest Income": "268", "EBIT": "5,011", "EBITDA": "-", "Reconciled Cost of Revenue": "191,445", "Reconciled Depreciation": "25,180", "Net Income from Continuing Operation Net Minority Interest": "1,403", "Total Unusual Items Excluding Goodwill": "-", "Total Unusual Items": "-", "Normalized EBITDA": "30,191", "Tax Rate for Calcs": "0", "Tax Effect of Unusual Items": "0"}, "12/31/2019": {"Duration": "12/31/2019", "Total Revenue": "322,357", "Cost of Revenue": "190,434", "Gross Profit": "131,923", "Operating Expense": "131,962", "Operating Income": "-39", "Net Non Operating Interest Income Expense": "878", "Other Income Expense": "59,389", "Pretax Income": "60,228", "Tax Provision": "13,723", "Net Income Common Stockholders": "48,939", "Diluted NI Available to Com Stockholders": "48,939", "Basic EPS": "1.04", "Diluted EPS": "0.98", "Basic Average Shares": "46,982", "Diluted Average Shares": "49,907", "Total Operating Income as Reported": "-39", "Total Expenses": "322,396", "Net Income from Continuing & Discontinued Operation": "48,939", "Normalized Income": "48,939", "Interest Income": "997", "Interest Expense": "119", "Net Interest Income": "878", "EBIT": "60,347", "EBITDA": "-", "Reconciled Cost of Revenue": "190,434", "Reconciled Depreciation": "21,121", "Net Income from Continuing Operation Net Minority Interest": "48,939", "Total Unusual Items Excluding Goodwill": "0", "Total Unusual Items": "0", "Normalized EBITDA": "81,468", "Tax Rate for Calcs": "0", "Tax Effect of Unusual Items": "0"}, "12/31/2018": {"Duration": "12/31/2018", "Total Revenue": "294,666", "Cost of Revenue": "187,681", "Gross Profit": "106,985", "Operating Expense": "115,608", "Operating Income": "-8,623", "Net Non Operating Interest Income Expense": "213", "Other Income Expense": "-1,516", "Pretax Income": "-9,926", "Tax Provision": "-3,266", "Net Income Common Stockholders": "-5,738", "Diluted NI Available to Com Stockholders": "-5,738", "Basic EPS": "-0.12", "Diluted EPS": "-0.12", "Basic Average Shares": "46,395", "Diluted Average Shares": "46,395", "Total Operating Income as Reported": "-8,623", "Total Expenses": "303,289", "Net Income from Continuing & Discontinued Operation": "-5,738", "Normalized Income": "-5,738", "Interest Income": "456", "Interest Expense": "243", "Net Interest Income": "213", "EBIT": "-9,683", "EBITDA": "-", "Reconciled Cost of Revenue": "187,681", "Reconciled Depreciation": "16,516", "Net Income from Continuing Operation Net Minority Interest": "-5,738", "Total Unusual Items Excluding Goodwill": "0", "Total Unusual Items": "0", "Normalized EBITDA": "6,833", "Tax Rate for Calcs": "0", "Tax Effect of Unusual Items": "0"}}, "bs": {"12/31/2020": {"Duration": "12/31/2020", "Total Assets": "631,236", "Total Liabilities Net Minority Interest": "182,513", "Total Equity Gross Minority Interest": "448,723", "Total Capitalization": "436,492", "Common Stock Equity": "402,306", "Capital Lease Obligations": "20,821", "Net Tangible Assets": "361,691", "Working Capital": "167,481", "Invested Capital": "448,755", "Tangible Book Value": "361,691", "Total Debt": "67,270", "Share Issued": "54,761", "Ordinary Shares Number": "47,495", "Treasury Shares Number": "7,265"}, "12/31/2019": {"Duration": "12/31/2019", "Total Assets": "586,971", "Total Liabilities Net Minority Interest": "159,443", "Total Equity Gross Minority Interest": "427,528", "Total Capitalization": "420,760", "Common Stock Equity": "381,366", "Capital Lease Obligations": "19,490", "Net Tangible Assets": "340,213", "Working Capital": "165,232", "Invested Capital": "428,501", "Tangible Book Value": "340,213", "Total Debt": "66,625", "Share Issued": "52,495", "Ordinary Shares Number": "46,577", "Treasury Shares Number": "5,919"}, "12/31/2018": {"Duration": "12/31/2018", "Total Assets": "513,563", "Total Liabilities Net Minority Interest": "149,204", "Total Equity Gross Minority Interest": "364,359", "Total Capitalization": "364,419", "Common Stock Equity": "332,435", "Capital Lease Obligations": "-", "Net Tangible Assets": "290,168", "Working Capital": "113,508", "Invested Capital": "382,648", "Tangible Book Value": "290,168", "Total Debt": "50,213", "Share Issued": "51,439", "Ordinary Shares Number": "46,631", "Treasury Shares Number": "4,808"}}, "cf": {"TTM": {"Duration": "TTM", "Operating Cash Flow": "57,266", "Investing Cash Flow": "-36,415", "Financing Cash Flow": "-2,246", "End Cash Position": "94,507", "Income Tax Paid Supplemental Data": "3,411", "Interest Paid Supplemental Data": "2,199", "Capital Expenditure": "-33,855", "Issuance of Capital Stock": "0", "Issuance of Debt": "7,521", "Repayment of Debt": "-8,401", "Repurchase of Capital Stock": "-24,425", "Free Cash Flow": "23,411"}, "12/31/2020": {"Duration": "12/31/2020", "Operating Cash Flow": "57,266", "Investing Cash Flow": "-36,415", "Financing Cash Flow": "-2,246", "End Cash Position": "94,507", "Income Tax Paid Supplemental Data": "3,411", "Interest Paid Supplemental Data": "2,199", "Capital Expenditure": "-33,855", "Issuance of Capital Stock": "0", "Issuance of Debt": "7,521", "Repayment of Debt": "-8,401", "Repurchase of Capital Stock": "-24,425", "Free Cash Flow": "23,411"}, "12/31/2019": {"Duration": "12/31/2019", "Operating Cash Flow": "41,762", "Investing Cash Flow": "-50,527", "Financing Cash Flow": "-3,783", "End Cash Position": "75,550", "Income Tax Paid Supplemental Data": "5,717", "Interest Paid Supplemental Data": "2,435", "Capital Expenditure": "-41,555", "Issuance of Capital Stock": "18,298", "Issuance of Debt": "3,570", "Repayment of Debt": "-6,781", "Repurchase of Capital Stock": "-22,291", "Free Cash Flow": "207"}, "12/31/2018": {"Duration": "12/31/2018", "Operating Cash Flow": "38,191", "Investing Cash Flow": "-42,182", "Financing Cash Flow": "25,008", "End Cash Position": "88,202", "Income Tax Paid Supplemental Data": "339", "Interest Paid Supplemental Data": "2,376", "Capital Expenditure": "-46,808", "Issuance of Capital Stock": "38,036", "Issuance of Debt": "8,778", "Repayment of Debt": "-5,705", "Repurchase of Capital Stock": "-25,047", "Free Cash Flow": "-8,617"}}}}, {"ARYX": {"quote": {"05/12/2021": {"value": "0.0080", "Market Cap": "193,943", "Beta (5Y Monthly)": "-0.06", "PE Ratio (TTM)": "N/A", "EPS (TTM)": "-0.5920", "Earnings Date": "N/A", "Forward Dividend & Yield": "N/A (N/A)", "Ex-Dividend Date": "N/A", "1y Target Est": "1.50"}}, "fin": {}, "bs": {}, "cf": {}}}, {"ACUS": {"quote": {"05/12/2021": {"value": "0.0340", "Market Cap": "2.618M", "Beta (5Y Monthly)": "-0.29", "PE Ratio (TTM)": "N/A", "EPS (TTM)": "-14.6420", "Earnings Date": "N/A", "Forward Dividend & Yield": "N/A (2.94%)", "Ex-Dividend Date": "N/A", "1y Target Est": "0.10"}}, "fin": {}, "bs": {}, "cf": {}}}, {"RGRX": {"quote": {"05/12/2021": {"value": "0.2250", "Market Cap": "30.048M", "Beta (5Y Monthly)": "0.60", "PE Ratio (TTM)": "N/A", "EPS (TTM)": "-0.0110", "Earnings Date": "Aug 12, 2020 - Aug 17, 2020", "Forward Dividend & Yield": "N/A (N/A)", "Ex-Dividend Date": "N/A", "1y Target Est": "1.50"}}, "fin": {"TTM": {"Duration": "TTM", "Total Revenue": "76.761", "Operating Expense": "1,371", "Operating Income": "-1,295", "Net Non Operating Interest Income Expense": "-228.825", "Other Income Expense": "-", "Pretax Income": "-1,523", "Tax Provision": "0", "Net Income Common Stockholders": "-1,523", "Diluted NI Available to Com Stockholders": "-1,523", "Basic EPS": "-", "Diluted EPS": "-", "Basic Average Shares": "-", "Diluted Average Shares": "-", "Total Operating Income as Reported": "-1,295", "Total Expenses": "1,371", "Net Income from Continuing & Discontinued Operation": "-1,523", "Normalized Income": "-1,523", "Interest Income": "3.806", "Interest Expense": "232.631", "Net Interest Income": "-228.825", "EBIT": "-1,291", "EBITDA": "-1,291", "Reconciled Depreciation": "-", "Net Income from Continuing Operation Net Minority Interest": "-1,523", "Total Unusual Items Excluding Goodwill": "-", "Total Unusual Items": "-", "Normalized EBITDA": "-1,291", "Tax Rate for Calcs": "0", "Tax Effect of Unusual Items": "0"}, "12/31/2020": {"Duration": "12/31/2020", "Total Revenue": "76.761", "Operating Expense": "1,371", "Operating Income": "-1,295", "Net Non Operating Interest Income Expense": "-228.825", "Other Income Expense": "-", "Pretax Income": "-1,523", "Tax Provision": "0", "Net Income Common Stockholders": "-1,523", "Diluted NI Available to Com Stockholders": "-1,523", "Basic EPS": "-", "Diluted EPS": "-", "Basic Average Shares": "-", "Diluted Average Shares": "-", "Total Operating Income as Reported": "-1,295", "Total Expenses": "1,371", "Net Income from Continuing & Discontinued Operation": "-1,523", "Normalized Income": "-1,523", "Interest Income": "3.806", "Interest Expense": "232.631", "Net Interest Income": "-228.825", "EBIT": "-1,291", "EBITDA": "-", "Reconciled Depreciation": "-", "Net Income from Continuing Operation Net Minority Interest": "-1,523", "Total Unusual Items Excluding Goodwill": "-", "Total Unusual Items": "-", "Normalized EBITDA": "-1,291", "Tax Rate for Calcs": "0", "Tax Effect of Unusual Items": "0"}, "12/31/2019": {"Duration": "12/31/2019", "Total Revenue": "76.762", "Operating Expense": "1,339", "Operating Income": "-1,262", "Net Non Operating Interest Income Expense": "-142.366", "Other Income Expense": "-", "Pretax Income": "-1,404", "Tax Provision": "0", "Net Income Common Stockholders": "-1,487", "Diluted NI Available to Com Stockholders": "-1,487", "Basic EPS": "-0.01", "Diluted EPS": "-0.01", "Basic Average Shares": "130,971", "Diluted Average Shares": "130,971", "Total Operating Income as Reported": "-1,262", "Total Expenses": "1,339", "Net Income from Continuing & Discontinued Operation": "-1,404", "Normalized Income": "-1,404", "Interest Income": "11.044", "Interest Expense": "153.41", "Net Interest Income": "-142.366", "EBIT": "-1,251", "EBITDA": "-", "Reconciled Depreciation": "1.418", "Net Income from Continuing Operation Net Minority Interest": "-1,404", "Total Unusual Items Excluding Goodwill": "-", "Total Unusual Items": "-", "Normalized EBITDA": "-1,249", "Tax Rate for Calcs": "0", "Tax Effect of Unusual Items": "0"}, "12/31/2018": {"Duration": "12/31/2018", "Total Revenue": "69.667", "Operating Expense": "1,393", "Operating Income": "-1,323", "Net Non Operating Interest Income Expense": "-87.28", "Other Income Expense": "-582.904", "Pretax Income": "-1,994", "Tax Provision": "0", "Net Income Common Stockholders": "-1,994", "Diluted NI Available to Com Stockholders": "-1,994", "Basic EPS": "-0.02", "Diluted EPS": "-0.02", "Basic Average Shares": "120,716", "Diluted Average Shares": "120,716", "Total Operating Income as Reported": "-1,323", "Total Expenses": "1,393", "Net Income from Continuing & Discontinued Operation": "-1,994", "Normalized Income": "-1,994", "Interest Income": "-", "Interest Expense": "87.28", "Net Interest Income": "-87.28", "EBIT": "-1,906", "EBITDA": "-", "Reconciled Depreciation": "2.753", "Net Income from Continuing Operation Net Minority Interest": "-1,994", "Total Unusual Items Excluding Goodwill": "-", "Total Unusual Items": "-", "Normalized EBITDA": "-1,904", "Tax Rate for Calcs": "0", "Tax Effect of Unusual Items": "0"}}, "bs": {"12/31/2020": {"Duration": "12/31/2020", "Total Assets": "551.788", "Total Liabilities Net Minority Interest": "3,376", "Total Equity Gross Minority Interest": "-2,824", "Total Capitalization": "-1,900", "Common Stock Equity": "-2,824", "Capital Lease Obligations": "68.599", "Net Tangible Assets": "-2,824", "Working Capital": "78.223", "Invested Capital": "-1,866", "Tangible Book Value": "-2,824", "Total Debt": "1,026", "Net Debt": "529.733", "Share Issued": "133,442", "Ordinary Shares Number": "133,442"}, "12/31/2019": {"Duration": "12/31/2019", "Total Assets": "711.76", "Total Liabilities Net Minority Interest": "3,052", "Total Equity Gross Minority Interest": "-2,340", "Total Capitalization": "-1,632", "Common Stock Equity": "-2,340", "Capital Lease Obligations": "27.014", "Net Tangible Assets": "-2,340", "Working Capital": "439.082", "Invested Capital": "-1,632", "Tangible Book Value": "-2,340", "Total Debt": "735.084", "Net Debt": "68.154", "Share Issued": "131,506", "Ordinary Shares Number": "131,506"}, "12/31/2018": {"Duration": "12/31/2018", "Total Assets": "281.04", "Total Liabilities Net Minority Interest": "2,493", "Total Equity Gross Minority Interest": "-2,212", "Total Capitalization": "-2,212", "Common Stock Equity": "-2,212", "Capital Lease Obligations": "-", "Net Tangible Assets": "-2,212", "Working Capital": "-41.136", "Invested Capital": "-2,157", "Tangible Book Value": "-2,212", "Total Debt": "54.754", "Net Debt": "-", "Share Issued": "128,432", "Ordinary Shares Number": "128,432"}}, "cf": {"TTM": {"Duration": "TTM", "Operating Cash Flow": "-1,007", "Financing Cash Flow": "794.911", "End Cash Position": "427.898", "Issuance of Capital Stock": "-", "Issuance of Debt": "555.4", "Free Cash Flow": "-1,007"}, "12/31/2020": {"Duration": "12/31/2020", "Operating Cash Flow": "-1,007", "Financing Cash Flow": "794.911", "End Cash Position": "427.898", "Issuance of Capital Stock": "-", "Issuance of Debt": "555.4", "Free Cash Flow": "-1,007"}, "12/31/2019": {"Duration": "12/31/2019", "Operating Cash Flow": "-1,138", "Financing Cash Flow": "1,541", "End Cash Position": "639.916", "Issuance of Capital Stock": "-", "Issuance of Debt": "1,300", "Free Cash Flow": "-1,138"}, "12/31/2018": {"Duration": "12/31/2018", "Operating Cash Flow": "-888.294", "Financing Cash Flow": "943.847", "End Cash Position": "237.261", "Issuance of Capital Stock": "-", "Issuance of Debt": "-", "Free Cash Flow": "-888.294"}}}}, {"UTHR": {"quote": {"04/25/2021": {"value": "207.50", "Market Cap": "9.44B", "Beta (5Y Monthly)": "0.45", "PE Ratio (TTM)": "17.98", "EPS (TTM)": "11.54", "Earnings Date": "Apr 27, 2021 - May 03, 2021", "Forward Dividend & Yield": "N/A (N/A)", "Ex-Dividend Date": "N/A", "1y Target Est": "205.44"}}, "fin": {"TTM": {"Duration": "TTM", "Total Revenue": "1,483,300", "Cost of Revenue": "108,100", "Gross Profit": "1,375,200", "Operating Expense": "781,600", "Operating Income": "593,600", "Net Non Operating Interest Income Expense": "5,100", "Other Income Expense": "40,200", "Pretax Income": "638,900", "Tax Provision": "124,100", "Net Income Common Stockholders": "514,800", "Diluted NI Available to Com Stockholders": "514,800", "Basic EPS": "-", "Diluted EPS": "-", "Basic Average Shares": "-", "Diluted Average Shares": "-", "Total Operating Income as Reported": "593,600", "Total Expenses": "889,700", "Net Income from Continuing & Discontinued Operation": "514,800", "Normalized Income": "522,171", "Interest Income": "28,600", "Interest Expense": "23,500", "Net Interest Income": "5,100", "EBIT": "662,400", "EBITDA": "712,300", "Reconciled Cost of Revenue": "108,100", "Reconciled Depreciation": "49,900", "Net Income from Continuing Operation Net Minority Interest": "514,800", "Total Unusual Items Excluding Goodwill": "-9,100", "Total Unusual Items": "-9,100", "Normalized EBITDA": "721,400", "Tax Rate for Calcs": "0", "Tax Effect of Unusual Items": "-1,729"}, "12/31/2020": {"Duration": "12/31/2020", "Total Revenue": "1,483,300", "Cost of Revenue": "108,100", "Gross Profit": "1,375,200", "Operating Expense": "781,600", "Operating Income": "593,600", "Net Non Operating Interest Income Expense": "5,100", "Other Income Expense": "40,200", "Pretax Income": "638,900", "Tax Provision": "124,100", "Net Income Common Stockholders": "514,800", "Diluted NI Available to Com Stockholders": "514,800", "Basic EPS": "-", "Diluted EPS": "-", "Basic Average Shares": "-", "Diluted Average Shares": "-", "Total Operating Income as Reported": "593,600", "Total Expenses": "889,700", "Net Income from Continuing & Discontinued Operation": "514,800", "Normalized Income": "522,171", "Interest Income": "28,600", "Interest Expense": "23,500", "Net Interest Income": "5,100", "EBIT": "662,400", "EBITDA": "-", "Reconciled Cost of Revenue": "108,100", "Reconciled Depreciation": "49,900", "Net Income from Continuing Operation Net Minority Interest": "514,800", "Total Unusual Items Excluding Goodwill": "-9,100", "Total Unusual Items": "-9,100", "Normalized EBITDA": "721,400", "Tax Rate for Calcs": "0", "Tax Effect of Unusual Items": "-1,729"}, "12/31/2019": {"Duration": "12/31/2019", "Total Revenue": "1,448,800", "Cost of Revenue": "117,600", "Gross Profit": "1,331,200", "Operating Expense": "1,518,800", "Operating Income": "-187,600", "Net Non Operating Interest Income Expense": "0", "Other Income Expense": "22,600", "Pretax Income": "-165,000", "Tax Provision": "-60,500", "Net Income Common Stockholders": "-104,500", "Diluted NI Available to Com Stockholders": "-104,500", "Basic EPS": "-2.39", "Diluted EPS": "-2.39", "Basic Average Shares": "43,800", "Diluted Average Shares": "43,800", "Total Operating Income as Reported": "-187,600", "Total Expenses": "1,636,400", "Net Income from Continuing & Discontinued Operation": "-104,500", "Normalized Income": "-104,500", "Interest Income": "44,200", "Interest Expense": "44,200", "Net Interest Income": "0", "EBIT": "-120,800", "EBITDA": "-", "Reconciled Cost of Revenue": "117,600", "Reconciled Depreciation": "45,900", "Net Income from Continuing Operation Net Minority Interest": "-104,500", "Total Unusual Items Excluding Goodwill": "0", "Total Unusual Items": "0", "Normalized EBITDA": "-74,900", "Tax Rate for Calcs": "0", "Tax Effect of Unusual Items": "0"}, "12/31/2018": {"Duration": "12/31/2018", "Total Revenue": "1,627,800", "Cost of Revenue": "198,700", "Gross Profit": "1,429,100", "Operating Expense": "623,700", "Operating Income": "805,400", "Net Non Operating Interest Income Expense": "14,700", "Other Income Expense": "-61,200", "Pretax Income": "758,900", "Tax Provision": "169,700", "Net Income Common Stockholders": "589,200", "Diluted NI Available to Com Stockholders": "589,200", "Basic EPS": "13.54", "Diluted EPS": "13.39", "Basic Average Shares": "43,500", "Diluted Average Shares": "44,000", "Total Operating Income as Reported": "805,400", "Total Expenses": "822,400", "Net Income from Continuing & Discontinued Operation": "589,200", "Normalized Income": "630,930", "Interest Income": "28,600", "Interest Expense": "13,900", "Net Interest Income": "14,700", "EBIT": "772,800", "EBITDA": "-", "Reconciled Cost of Revenue": "198,700", "Reconciled Depreciation": "35,900", "Net Income from Continuing Operation Net Minority Interest": "589,200", "Total Unusual Items Excluding Goodwill": "-53,500", "Total Unusual Items": "-53,500", "Normalized EBITDA": "862,200", "Tax Rate for Calcs": "0", "Tax Effect of Unusual Items": "-11,770"}}, "bs": {"12/31/2020": {"Duration": "12/31/2020", "Total Assets": "4,615,000", "Total Liabilities Net Minority Interest": "1,219,800", "Total Equity Gross Minority Interest": "3,395,200", "Total Capitalization": "4,195,200", "Preferred Stock Equity": "-", "Common Stock Equity": "3,395,200", "Net Tangible Assets": "3,237,100", "Working Capital": "1,843,900", "Invested Capital": "4,195,200", "Tangible Book Value": "3,237,100", "Total Debt": "800,000", "Net Debt": "61,300", "Share Issued": "71,126", "Ordinary Shares Number": "44,507", "Treasury Shares Number": "26,619"}, "12/31/2019": {"Duration": "12/31/2019", "Total Assets": "3,913,400", "Total Liabilities Net Minority Interest": "1,133,000", "Total Equity Gross Minority Interest": "2,780,400", "Total Capitalization": "3,380,400", "Preferred Stock Equity": "-", "Common Stock Equity": "2,780,400", "Net Tangible Assets": "2,622,100", "Working Capital": "1,401,500", "Invested Capital": "3,630,400", "Tangible Book Value": "2,622,100", "Total Debt": "850,000", "Net Debt": "111,600", "Share Issued": "70,504", "Ordinary Shares Number": "43,885", "Treasury Shares Number": "26,619"}, "12/31/2018": {"Duration": "12/31/2018", "Total Assets": "3,401,000", "Total Liabilities Net Minority Interest": "593,200", "Total Equity Gross Minority Interest": "2,807,800", "Total Capitalization": "3,057,800", "Preferred Stock Equity": "19,200", "Common Stock Equity": "2,788,600", "Net Tangible Assets": "2,637,000", "Working Capital": "1,491,400", "Invested Capital": "3,038,600", "Tangible Book Value": "2,617,800", "Total Debt": "250,000", "Net Debt": "-", "Share Issued": "70,208", "Ordinary Shares Number": "43,588", "Treasury Shares Number": "26,619"}}, "cf": {"TTM": {"Duration": "TTM", "Operating Cash Flow": "755,700", "Investing Cash Flow": "-738,500", "Financing Cash Flow": "-16,900", "End Cash Position": "738,700", "Income Tax Paid Supplemental Data": "92,800", "Interest Paid Supplemental Data": "20,700", "Capital Expenditure": "-59,300", "Issuance of Capital Stock": "-", "Issuance of Debt": "0", "Repayment of Debt": "-50,000", "Repurchase of Capital Stock": "-", "Free Cash Flow": "696,400"}, "12/31/2020": {"Duration": "12/31/2020", "Operating Cash Flow": "755,700", "Investing Cash Flow": "-738,500", "Financing Cash Flow": "-16,900", "End Cash Position": "738,700", "Income Tax Paid Supplemental Data": "92,800", "Interest Paid Supplemental Data": "20,700", "Capital Expenditure": "-59,300", "Issuance of Capital Stock": "-", "Issuance of Debt": "0", "Repayment of Debt": "-50,000", "Repurchase of Capital Stock": "-", "Free Cash Flow": "696,400"}, "12/31/2019": {"Duration": "12/31/2019", "Operating Cash Flow": "-206,600", "Investing Cash Flow": "-335,400", "Financing Cash Flow": "611,200", "End Cash Position": "738,400", "Income Tax Paid Supplemental Data": "120,200", "Interest Paid Supplemental Data": "41,000", "Capital Expenditure": "-83,700", "Issuance of Capital Stock": "-", "Issuance of Debt": "800,000", "Repayment of Debt": "-200,000", "Repurchase of Capital Stock": "0", "Free Cash Flow": "-290,300"}, "12/31/2018": {"Duration": "12/31/2018", "Operating Cash Flow": "778,400", "Investing Cash Flow": "-820,600", "Financing Cash Flow": "6,300", "End Cash Position": "669,200", "Income Tax Paid Supplemental Data": "102,700", "Interest Paid Supplemental Data": "9,400", "Capital Expenditure": "-184,400", "Issuance of Capital Stock": "3,900", "Issuance of Debt": "250,000", "Repayment of Debt": "-250,000", "Repurchase of Capital Stock": "-", "Free Cash Flow": "594,000"}}}}, {"CRME": {"quote": {"04/25/2021": {"value": "", "Net Assets": "N/A", "Beta (5Y Monthly)": "N/A", "Yield": "N/A", "5y Average Return": "N/A", "Holdings Turnover": "N/A", "Last Dividend": "N/A", "Average for Category": "N/A", "Inception Date": "N/A"}}, "fin": {}, "bs": {}, "cf": {}}}, {"DRRX": {"quote": {"04/25/2021": {"value": "1.7700", "Market Cap": "383.971M", "Beta (5Y Monthly)": "1.44", "PE Ratio (TTM)": "N/A", "EPS (TTM)": "-0.0030", "Earnings Date": "Mar 04, 2021", "Forward Dividend & Yield": "N/A (N/A)", "Ex-Dividend Date": "N/A", "1y Target Est": "6.67"}}, "fin": {"TTM": {"Duration": "TTM", "Total Revenue": "30,111", "Cost of Revenue": "1,406", "Gross Profit": "28,705", "Operating Expense": "41,320", "Operating Income": "-12,615", "Net Non Operating Interest Income Expense": "-1,720", "Pretax Income": "-14,335", "Net Income Common Stockholders": "-582", "Diluted NI Available to Com Stockholders": "-582", "Basic EPS": "-", "Diluted EPS": "-", "Basic Average Shares": "-", "Diluted Average Shares": "-", "Total Operating Income as Reported": "-12,615", "Total Expenses": "42,726", "Net Income from Continuing & Discontinued Operation": "-582", "Normalized Income": "-14,335", "Interest Income": "517", "Interest Expense": "2,237", "Net Interest Income": "-1,720", "EBIT": "-12,098", "EBITDA": "-11,801", "Reconciled Cost of Revenue": "1,406", "Reconciled Depreciation": "297", "Net Income from Continuing Operation Net Minority Interest": "-14,335", "Normalized EBITDA": "-11,801", "Tax Rate for Calcs": "0", "Tax Effect of Unusual Items": "0"}, "12/31/2020": {"Duration": "12/31/2020", "Total Revenue": "30,111", "Cost of Revenue": "1,406", "Gross Profit": "28,705", "Operating Expense": "41,320", "Operating Income": "-12,615", "Net Non Operating Interest Income Expense": "-1,720", "Pretax Income": "-14,335", "Net Income Common Stockholders": "-582", "Diluted NI Available to Com Stockholders": "-582", "Basic EPS": "-", "Diluted EPS": "-", "Basic Average Shares": "-", "Diluted Average Shares": "-", "Total Operating Income as Reported": "-12,615", "Total Expenses": "42,726", "Net Income from Continuing & Discontinued Operation": "-582", "Normalized Income": "-14,335", "Interest Income": "517", "Interest Expense": "2,237", "Net Interest Income": "-1,720", "EBIT": "-12,098", "EBITDA": "-", "Reconciled Cost of Revenue": "1,406", "Reconciled Depreciation": "297", "Net Income from Continuing Operation Net Minority Interest": "-14,335", "Normalized EBITDA": "-11,801", "Tax Rate for Calcs": "0", "Tax Effect of Unusual Items": "0"}, "12/31/2019": {"Duration": "12/31/2019", "Total Revenue": "29,564", "Cost of Revenue": "4,143", "Gross Profit": "25,421", "Operating Expense": "44,572", "Operating Income": "-19,151", "Net Non Operating Interest Income Expense": "-1,427", "Pretax Income": "-20,578", "Net Income Common Stockholders": "-20,578", "Diluted NI Available to Com Stockholders": "-20,578", "Basic EPS": "-0.12", "Diluted EPS": "-0.12", "Basic Average Shares": "178,042", "Diluted Average Shares": "178,042", "Total Operating Income as Reported": "-19,151", "Total Expenses": "48,715", "Net Income from Continuing & Discontinued Operation": "-20,578", "Normalized Income": "-20,578", "Interest Income": "1,074", "Interest Expense": "2,501", "Net Interest Income": "-1,427", "EBIT": "-18,077", "EBITDA": "-", "Reconciled Cost of Revenue": "4,143", "Reconciled Depreciation": "291", "Net Income from Continuing Operation Net Minority Interest": "-20,578", "Normalized EBITDA": "-17,786", "Tax Rate for Calcs": "0", "Tax Effect of Unusual Items": "0"}, "12/31/2018": {"Duration": "12/31/2018", "Total Revenue": "18,564", "Cost of Revenue": "4,263", "Gross Profit": "14,301", "Operating Expense": "37,920", "Operating Income": "-23,619", "Net Non Operating Interest Income Expense": "-1,703", "Pretax Income": "-25,322", "Net Income Common Stockholders": "-25,322", "Diluted NI Available to Com Stockholders": "-25,322", "Basic EPS": "-0.16", "Diluted EPS": "-0.16", "Basic Average Shares": "159,834", "Diluted Average Shares": "159,834", "Total Operating Income as Reported": "-23,619", "Total Expenses": "42,183", "Net Income from Continuing & Discontinued Operation": "-25,322", "Normalized Income": "-25,322", "Interest Income": "870", "Interest Expense": "2,573", "Net Interest Income": "-1,703", "EBIT": "-22,749", "EBITDA": "-", "Reconciled Cost of Revenue": "4,263", "Reconciled Depreciation": "254", "Net Income from Continuing Operation Net Minority Interest": "-25,322", "Normalized EBITDA": "-22,495", "Tax Rate for Calcs": "0", "Tax Effect of Unusual Items": "0"}}, "bs": {"12/31/2020": {"Duration": "12/31/2020", "Total Assets": "75,641", "Total Liabilities Net Minority Interest": "35,526", "Total Equity Gross Minority Interest": "40,115", "Total Capitalization": "60,051", "Common Stock Equity": "40,115", "Capital Lease Obligations": "4,997", "Net Tangible Assets": "33,946", "Working Capital": "52,358", "Invested Capital": "60,935", "Tangible Book Value": "33,946", "Total Debt": "25,817", "Share Issued": "203,533", "Ordinary Shares Number": "203,533"}, "12/31/2019": {"Duration": "12/31/2019", "Total Assets": "86,020", "Total Liabilities Net Minority Interest": "63,160", "Total Equity Gross Minority Interest": "22,860", "Total Capitalization": "43,122", "Common Stock Equity": "22,860", "Capital Lease Obligations": "6,560", "Net Tangible Assets": "16,461", "Working Capital": "35,061", "Invested Capital": "43,122", "Tangible Book Value": "16,461", "Total Debt": "26,822", "Share Issued": "195,257", "Ordinary Shares Number": "195,257"}, "12/31/2018": {"Duration": "12/31/2018", "Total Assets": "49,999", "Total Liabilities Net Minority Interest": "29,999", "Total Equity Gross Minority Interest": "20,000", "Total Capitalization": "40,533", "Common Stock Equity": "20,000", "Capital Lease Obligations": "-", "Net Tangible Assets": "13,601", "Working Capital": "34,078", "Invested Capital": "40,533", "Tangible Book Value": "13,601", "Total Debt": "20,533", "Share Issued": "162,060", "Ordinary Shares Number": "162,060"}}, "cf": {"TTM": {"Duration": "TTM", "Operating Cash Flow": "-38,704", "Investing Cash Flow": "9,432", "Financing Cash Flow": "15,660", "End Cash Position": "21,462", "Interest Paid Supplemental Data": "1,678", "Capital Expenditure": "-208", "Issuance of Capital Stock": "12,283", "Repayment of Debt": "-", "Free Cash Flow": "-38,912"}, "12/31/2020": {"Duration": "12/31/2020", "Operating Cash Flow": "-38,704", "Investing Cash Flow": "9,432", "Financing Cash Flow": "15,660", "End Cash Position": "21,462", "Interest Paid Supplemental Data": "1,678", "Capital Expenditure": "-208", "Issuance of Capital Stock": "12,283", "Repayment of Debt": "-", "Free Cash Flow": "-38,912"}, "12/31/2019": {"Duration": "12/31/2019", "Operating Cash Flow": "11,101", "Investing Cash Flow": "-27,324", "Financing Cash Flow": "19,503", "End Cash Position": "35,074", "Interest Paid Supplemental Data": "1,942", "Capital Expenditure": "-155", "Issuance of Capital Stock": "18,360", "Repayment of Debt": "-7", "Free Cash Flow": "10,946"}, "12/31/2018": {"Duration": "12/31/2018", "Operating Cash Flow": "-19,750", "Investing Cash Flow": "4,537", "Financing Cash Flow": "17,482", "End Cash Position": "31,794", "Interest Paid Supplemental Data": "1,886", "Capital Expenditure": "-93", "Issuance of Capital Stock": "16,780", "Repayment of Debt": "0", "Free Cash Flow": "-19,843"}}}}, {"CPIX": {"quote": {"05/12/2021": {"value": "2.5800", "Market Cap": "38.495M", "Beta (5Y Monthly)": "0.24", "PE Ratio (TTM)": "N/A", "EPS (TTM)": "-0.2200", "Earnings Date": "Aug 09, 2021 - Aug 13, 2021", "Forward Dividend & Yield": "N/A (N/A)", "Ex-Dividend Date": "N/A", "1y Target Est": "8.50"}}, "fin": {"TTM": {"Duration": "TTM", "Total Revenue": "37,441", "Cost of Revenue": "8,653", "Gross Profit": "28,788", "Operating Expense": "35,170", "Operating Income": "-6,382", "Net Non Operating Interest Income Expense": "-188.282", "Pretax Income": "-6,570", "Tax Provision": "55.902", "Net Income Common Stockholders": "-3,339", "Diluted NI Available to Com Stockholders": "-3,339", "Basic EPS": "-", "Diluted EPS": "-", "Basic Average Shares": "-", "Diluted Average Shares": "-", "Total Operating Income as Reported": "-6,382", "Total Expenses": "43,823", "Net Income from Continuing & Discontinued Operation": "-3,339", "Normalized Income": "-6,546", "Interest Income": "75.345", "Interest Expense": "263.627", "Net Interest Income": "-188.282", "EBIT": "-6,306", "EBITDA": "-1,558", "Reconciled Cost of Revenue": "8,339", "Reconciled Depreciation": "4,749", "Net Income from Continuing Operation Net Minority Interest": "-6,546", "Normalized EBITDA": "-1,558", "Tax Rate for Calcs": "0", "Tax Effect of Unusual Items": "0"}, "12/31/2020": {"Duration": "12/31/2020", "Total Revenue": "37,441", "Cost of Revenue": "8,653", "Gross Profit": "28,788", "Operating Expense": "35,170", "Operating Income": "-6,382", "Net Non Operating Interest Income Expense": "-188.282", "Pretax Income": "-6,570", "Tax Provision": "55.902", "Net Income Common Stockholders": "-3,339", "Diluted NI Available to Com Stockholders": "-3,339", "Basic EPS": "-", "Diluted EPS": "-", "Basic Average Shares": "-", "Diluted Average Shares": "-", "Total Operating Income as Reported": "-6,382", "Total Expenses": "43,823", "Net Income from Continuing & Discontinued Operation": "-3,339", "Normalized Income": "-6,546", "Interest Income": "75.345", "Interest Expense": "263.627", "Net Interest Income": "-188.282", "EBIT": "-6,306", "EBITDA": "-", "Reconciled Cost of Revenue": "8,339", "Reconciled Depreciation": "4,749", "Net Income from Continuing Operation Net Minority Interest": "-6,546", "Normalized EBITDA": "-1,558", "Tax Rate for Calcs": "0", "Tax Effect of Unusual Items": "0"}, "12/31/2019": {"Duration": "12/31/2019", "Total Revenue": "47,534", "Cost of Revenue": "8,752", "Gross Profit": "38,782", "Operating Expense": "42,405", "Operating Income": "-3,623", "Net Non Operating Interest Income Expense": "-2.822", "Pretax Income": "-3,626", "Tax Provision": "-79.316", "Net Income Common Stockholders": "-3,538", "Diluted NI Available to Com Stockholders": "-3,538", "Basic EPS": "-0.23", "Diluted EPS": "-0.23", "Basic Average Shares": "15,396", "Diluted Average Shares": "15,396", "Total Operating Income as Reported": "-3,623", "Total Expenses": "51,157", "Net Income from Continuing & Discontinued Operation": "-3,538", "Normalized Income": "-3,538", "Interest Income": "243.364", "Interest Expense": "246.186", "Net Interest Income": "-2.822", "EBIT": "-3,380", "EBITDA": "-", "Reconciled Cost of Revenue": "8,482", "Reconciled Depreciation": "4,404", "Net Income from Continuing Operation Net Minority Interest": "-3,538", "Normalized EBITDA": "1,025", "Tax Rate for Calcs": "0", "Tax Effect of Unusual Items": "0"}, "12/31/2018": {"Duration": "12/31/2018", "Total Revenue": "40,742", "Cost of Revenue": "7,378", "Gross Profit": "33,364", "Operating Expense": "40,754", "Operating Income": "-7,391", "Net Non Operating Interest Income Expense": "368.636", "Pretax Income": "-7,022", "Tax Provision": "16.636", "Net Income Common Stockholders": "-6,963", "Diluted NI Available to Com Stockholders": "-6,963", "Basic EPS": "-0.45", "Diluted EPS": "-0.45", "Basic Average Shares": "15,614", "Diluted Average Shares": "15,614", "Total Operating Income as Reported": "-7,391", "Total Expenses": "48,133", "Net Income from Continuing & Discontinued Operation": "-6,963", "Normalized Income": "-6,963", "Interest Income": "564.484", "Interest Expense": "195.848", "Net Interest Income": "368.636", "EBIT": "-6,826", "EBITDA": "-", "Reconciled Cost of Revenue": "7,165", "Reconciled Depreciation": "2,983", "Net Income from Continuing Operation Net Minority Interest": "-6,963", "Normalized EBITDA": "-3,844", "Tax Rate for Calcs": "0", "Tax Effect of Unusual Items": "0"}}, "bs": {"12/31/2020": {"Duration": "12/31/2020", "Total Assets": "96,463", "Total Liabilities Net Minority Interest": "49,590", "Total Equity Gross Minority Interest": "46,873", "Total Capitalization": "61,991", "Common Stock Equity": "46,991", "Capital Lease Obligations": "2,076", "Net Tangible Assets": "17,990", "Working Capital": "24,302", "Invested Capital": "64,178", "Tangible Book Value": "17,990", "Total Debt": "19,264", "Share Issued": "14,988", "Ordinary Shares Number": "14,988"}, "12/31/2019": {"Duration": "12/31/2019", "Total Assets": "104,549", "Total Liabilities Net Minority Interest": "53,464", "Total Equity Gross Minority Interest": "51,085", "Total Capitalization": "69,623", "Common Stock Equity": "51,123", "Capital Lease Obligations": "2,997", "Net Tangible Assets": "19,321", "Working Capital": "26,013", "Invested Capital": "69,623", "Tangible Book Value": "19,321", "Total Debt": "21,497", "Share Issued": "15,264", "Ordinary Shares Number": "15,264"}, "12/31/2018": {"Duration": "12/31/2018", "Total Assets": "112,694", "Total Liabilities Net Minority Interest": "57,123", "Total Equity Gross Minority Interest": "55,571", "Total Capitalization": "75,845", "Common Stock Equity": "55,845", "Capital Lease Obligations": "-", "Net Tangible Assets": "21,406", "Working Capital": "31,312", "Invested Capital": "75,845", "Tangible Book Value": "21,406", "Total Debt": "20,000", "Share Issued": "15,481", "Ordinary Shares Number": "15,481"}}, "cf": {"TTM": {"Duration": "TTM", "Operating Cash Flow": "5,415", "Investing Cash Flow": "-1,758", "Financing Cash Flow": "-7,116", "End Cash Position": "24,754", "Income Tax Paid Supplemental Data": "-", "Interest Paid Supplemental Data": "215.991", "Capital Expenditure": "-2,114", "Issuance of Capital Stock": "0", "Issuance of Debt": "59,000", "Repayment of Debt": "-62,500", "Repurchase of Capital Stock": "-1,852", "Free Cash Flow": "3,301"}, "12/31/2020": {"Duration": "12/31/2020", "Operating Cash Flow": "5,415", "Investing Cash Flow": "-1,758", "Financing Cash Flow": "-7,116", "End Cash Position": "24,754", "Income Tax Paid Supplemental Data": "-", "Interest Paid Supplemental Data": "215.991", "Capital Expenditure": "-2,114", "Issuance of Capital Stock": "0", "Issuance of Debt": "59,000", "Repayment of Debt": "-62,500", "Repurchase of Capital Stock": "-1,852", "Free Cash Flow": "3,301"}, "12/31/2019": {"Duration": "12/31/2019", "Operating Cash Flow": "3,056", "Investing Cash Flow": "2,298", "Financing Cash Flow": "-5,081", "End Cash Position": "28,213", "Income Tax Paid Supplemental Data": "16.694", "Interest Paid Supplemental Data": "198.661", "Capital Expenditure": "-1,019", "Issuance of Capital Stock": "0", "Issuance of Debt": "76,000", "Repayment of Debt": "-77,500", "Repurchase of Capital Stock": "-3,495", "Free Cash Flow": "2,037"}, "12/31/2018": {"Duration": "12/31/2018", "Operating Cash Flow": "3,113", "Investing Cash Flow": "-27,725", "Financing Cash Flow": "7,138", "End Cash Position": "27,939", "Income Tax Paid Supplemental Data": "15.441", "Interest Paid Supplemental Data": "95.965", "Capital Expenditure": "-4,275", "Issuance of Capital Stock": "200.909", "Issuance of Debt": "56,000", "Repayment of Debt": "-45,800", "Repurchase of Capital Stock": "-2,879", "Free Cash Flow": "-1,162"}}}}, {"DEPO": {"quote": {"05/12/2021": {"value": "", "Net Assets": "N/A", "Beta (5Y Monthly)": "N/A", "Yield": "N/A", "5y Average Return": "N/A", "Holdings Turnover": "N/A", "Last Dividend": "N/A", "Average for Category": "N/A", "Inception Date": "N/A"}}, "fin": {}, "bs": {}, "cf": {}}}, {"RDY": {"quote": {"05/12/2021": {"value": "71.77", "Market Cap": "12.02B", "Beta (5Y Monthly)": "0.00", "PE Ratio (TTM)": "41.15", "EPS (TTM)": "1.74", "Earnings Date": "N/A", "Forward Dividend & Yield": "0.33 (0.46%)", "Ex-Dividend Date": "Jul 10, 2020", "1y Target Est": "72.50"}}, "fin": {"TTM": {"Duration": "TTM", "Total Revenue": "186,756,000", "Cost of Revenue": "86,246,000", "Gross Profit": "100,510,000", "Operating Expense": "68,419,000", "Operating Income": "32,091,000", "Net Non Operating Interest Income Expense": "-62,000", "Other Income Expense": "-4,634,000", "Pretax Income": "27,395,000", "Tax Provision": "6,139,000", "Net Income Common Stockholders": "21,256,000", "Diluted NI Available to Com Stockholders": "21,256,000", "Basic EPS": "-", "Diluted EPS": "-", "Basic Average Shares": "-", "Diluted Average Shares": "-", "Total Operating Income as Reported": "25,219,000", "Total Expenses": "154,665,000", "Net Income from Continuing & Discontinued Operation": "21,256,000", "Normalized Income": "25,166,576", "Interest Income": "841,000", "Interest Expense": "903,000", "Net Interest Income": "-62,000", "EBIT": "28,298,000", "EBITDA": "40,890,000", "Reconciled Cost of Revenue": "86,246,000", "Reconciled Depreciation": "12,592,000", "Net Income from Continuing Operation Net Minority Interest": "21,256,000", "Total Unusual Items Excluding Goodwill": "-5,040,000", "Total Unusual Items": "-5,040,000", "Normalized EBITDA": "45,930,000", "Tax Rate for Calcs": "0", "Tax Effect of Unusual Items": "-1,129,424"}, "3/31/2020": {"Duration": "3/31/2020", "Total Revenue": "174,600,000", "Cost of Revenue": "80,591,000", "Gross Profit": "94,009,000", "Operating Expense": "61,239,000", "Operating Income": "32,770,000", "Net Non Operating Interest Income Expense": "-90,000", "Other Income Expense": "-14,648,000", "Pretax Income": "18,032,000", "Tax Provision": "-1,466,000", "Net Income Common Stockholders": "19,498,000", "Diluted NI Available to Com Stockholders": "19,498,000", "Basic EPS": "117.62", "Diluted EPS": "117.40", "Basic Average Shares": "165,776", "Diluted Average Shares": "166,082", "Total Operating Income as Reported": "15,993,000", "Total Expenses": "141,830,000", "Net Income from Continuing & Discontinued Operation": "19,498,000", "Normalized Income": "30,144,300", "Interest Income": "888,000", "Interest Expense": "983,000", "Net Interest Income": "-90,000", "EBIT": "19,015,000", "EBITDA": "-", "Reconciled Cost of Revenue": "80,591,000", "Reconciled Depreciation": "12,472,000", "Net Income from Continuing Operation Net Minority Interest": "19,498,000", "Total Unusual Items Excluding Goodwill": "-15,209,000", "Total Unusual Items": "-15,209,000", "Normalized EBITDA": "46,696,000", "Tax Rate for Calcs": "0", "Tax Effect of Unusual Items": "-4,562,700"}, "3/31/2019": {"Duration": "3/31/2019", "Total Revenue": "153,851,000", "Cost of Revenue": "70,421,000", "Gross Profit": "83,430,000", "Operating Expense": "63,806,000", "Operating Income": "19,624,000", "Net Non Operating Interest Income Expense": "-119,000", "Other Income Expense": "2,938,000", "Pretax Income": "22,443,000", "Tax Provision": "3,648,000", "Net Income Common Stockholders": "18,795,000", "Diluted NI Available to Com Stockholders": "18,795,000", "Basic EPS": "113.28", "Diluted EPS": "113.09", "Basic Average Shares": "165,916", "Diluted Average Shares": "166,195", "Total Operating Income as Reported": "20,888,000", "Total Expenses": "134,227,000", "Net Income from Continuing & Discontinued Operation": "18,795,000", "Normalized Income": "16,702,500", "Interest Income": "770,000", "Interest Expense": "889,000", "Net Interest Income": "-119,000", "EBIT": "23,332,000", "EBITDA": "-", "Reconciled Cost of Revenue": "70,421,000", "Reconciled Depreciation": "12,190,000", "Net Income from Continuing Operation Net Minority Interest": "18,795,000", "Total Unusual Items Excluding Goodwill": "2,500,000", "Total Unusual Items": "2,500,000", "Normalized EBITDA": "33,022,000", "Tax Rate for Calcs": "0", "Tax Effect of Unusual Items": "407,500"}}, "bs": {"3/31/2020": {"Duration": "3/31/2020", "Total Assets": "232,241,000", "Total Liabilities Net Minority Interest": "77,253,000", "Total Equity Gross Minority Interest": "154,988,000", "Total Capitalization": "154,988,000", "Common Stock Equity": "154,988,000", "Capital Lease Obligations": "1,787,000", "Net Tangible Assets": "123,335,000", "Working Capital": "57,556,000", "Invested Capital": "175,303,000", "Tangible Book Value": "123,335,000", "Total Debt": "22,102,000", "Net Debt": "18,262,000", "Share Issued": "166,172", "Ordinary Shares Number": "165,776", "Treasury Shares Number": "395.95"}, "3/31/2019": {"Duration": "3/31/2019", "Total Assets": "225,427,000", "Total Liabilities Net Minority Interest": "85,230,000", "Total Equity Gross Minority Interest": "140,197,000", "Total Capitalization": "161,645,000", "Common Stock Equity": "140,197,000", "Capital Lease Obligations": "609,000", "Net Tangible Assets": "91,928,000", "Working Capital": "54,801,000", "Invested Capital": "177,969,000", "Tangible Book Value": "91,928,000", "Total Debt": "38,381,000", "Net Debt": "35,544,000", "Share Issued": "166,066", "Ordinary Shares Number": "165,848", "Treasury Shares Number": "217.976"}}, "cf": {"TTM": {"Duration": "TTM", "Operating Cash Flow": "26,983,000", "Investing Cash Flow": "-21,380,000", "Financing Cash Flow": "-3,501,000", "End Cash Position": "4,346,000", "Capital Expenditure": "-11,455,000", "Issuance of Capital Stock": "250,000", "Issuance of Debt": "-", "Repayment of Debt": "-6,123,000", "Repurchase of Capital Stock": "-190,000", "Free Cash Flow": "15,528,000"}, "3/31/2020": {"Duration": "3/31/2020", "Operating Cash Flow": "29,841,000", "Investing Cash Flow": "-4,923,000", "Financing Cash Flow": "-25,159,000", "End Cash Position": "1,962,000", "Capital Expenditure": "-6,115,000", "Issuance of Capital Stock": "4,000", "Issuance of Debt": "-", "Repayment of Debt": "-23,400,000", "Repurchase of Capital Stock": "-474,000", "Free Cash Flow": "23,726,000"}, "3/31/2019": {"Duration": "3/31/2019", "Operating Cash Flow": "28,704,000", "Investing Cash Flow": "-7,727,000", "Financing Cash Flow": "-21,326,000", "End Cash Position": "2,228,000", "Capital Expenditure": "-7,491,000", "Issuance of Capital Stock": "0", "Issuance of Debt": "-", "Repayment of Debt": "-", "Repurchase of Capital Stock": "-535,000", "Free Cash Flow": "21,213,000"}}}}, {"HRBR": {"quote": {"05/12/2021": {"value": "1.6400", "Market Cap": "89.976M", "Beta (5Y Monthly)": "2.33", "PE Ratio (TTM)": "2.94", "EPS (TTM)": "0.5580", "Earnings Date": "N/A", "Forward Dividend & Yield": "N/A (N/A)", "Ex-Dividend Date": "N/A", "1y Target Est": "N/A"}}, "fin": {"TTM": {"Duration": "TTM", "Total Revenue": "185,949", "Cost of Revenue": "160,440", "Gross Profit": "25,509", "Operating Expense": "-17,841", "Operating Income": "43,350", "Net Non Operating Interest Income Expense": "-1,108", "Other Income Expense": "-19", "Pretax Income": "42,223", "Tax Provision": "2,460", "Net Income Common Stockholders": "39,004", "Diluted NI Available to Com Stockholders": "39,004", "Basic EPS": "-", "Diluted EPS": "-", "Basic Average Shares": "-", "Diluted Average Shares": "-", "Total Operating Income as Reported": "43,350", "Rent Expense Supplemental": "11,293", "Total Expenses": "142,599", "Net Income from Continuing & Discontinued Operation": "39,763", "Normalized Income": "39,763", "Interest Income": "628", "Interest Expense": "1,736", "Net Interest Income": "-1,108", "EBIT": "43,959", "EBITDA": "71,181", "Reconciled Cost of Revenue": "160,440", "Reconciled Depreciation": "27,222", "Net Income from Continuing Operation Net Minority Interest": "39,763", "Total Unusual Items Excluding Goodwill": "0", "Total Unusual Items": "0", "Normalized EBITDA": "71,181", "Tax Rate for Calcs": "0", "Tax Effect of Unusual Items": "0"}, "12/31/2020": {"Duration": "12/31/2020", "Total Revenue": "185,949", "Cost of Revenue": "160,440", "Gross Profit": "25,509", "Operating Expense": "-17,841", "Operating Income": "43,350", "Net Non Operating Interest Income Expense": "-1,108", "Other Income Expense": "-19", "Pretax Income": "42,223", "Tax Provision": "2,460", "Net Income Common Stockholders": "39,004", "Diluted NI Available to Com Stockholders": "39,004", "Basic EPS": "-", "Diluted EPS": "-", "Basic Average Shares": "-", "Diluted Average Shares": "-", "Total Operating Income as Reported": "43,350", "Rent Expense Supplemental": "11,293", "Total Expenses": "142,599", "Net Income from Continuing & Discontinued Operation": "39,763", "Normalized Income": "39,763", "Interest Income": "628", "Interest Expense": "1,736", "Net Interest Income": "-1,108", "EBIT": "43,959", "EBITDA": "-", "Reconciled Cost of Revenue": "160,440", "Reconciled Depreciation": "27,222", "Net Income from Continuing Operation Net Minority Interest": "39,763", "Total Unusual Items Excluding Goodwill": "-", "Total Unusual Items": "-", "Normalized EBITDA": "71,181", "Tax Rate for Calcs": "0", "Tax Effect of Unusual Items": "0"}, "12/31/2019": {"Duration": "12/31/2019", "Total Revenue": "263,605", "Cost of Revenue": "252,860", "Gross Profit": "10,745", "Operating Expense": "31,607", "Operating Income": "-20,862", "Net Non Operating Interest Income Expense": "-535", "Other Income Expense": "2,505", "Pretax Income": "-18,892", "Tax Provision": "322", "Net Income Common Stockholders": "-19,214", "Diluted NI Available to Com Stockholders": "-19,214", "Basic EPS": "-0.35", "Diluted EPS": "-0.35", "Basic Average Shares": "54,863", "Diluted Average Shares": "54,863", "Total Operating Income as Reported": "-20,862", "Rent Expense Supplemental": "51,490", "Total Expenses": "284,467", "Net Income from Continuing & Discontinued Operation": "-19,214", "Normalized Income": "-19,214", "Interest Income": "1,271", "Interest Expense": "1,806", "Net Interest Income": "-535", "EBIT": "-17,086", "EBITDA": "-", "Reconciled Cost of Revenue": "252,860", "Reconciled Depreciation": "25,238", "Net Income from Continuing Operation Net Minority Interest": "-19,214", "Total Unusual Items Excluding Goodwill": "0", "Total Unusual Items": "0", "Normalized EBITDA": "8,152", "Tax Rate for Calcs": "0", "Tax Effect of Unusual Items": "0"}}, "bs": {"12/31/2020": {"Duration": "12/31/2020", "Total Assets": "350,453", "Total Liabilities Net Minority Interest": "220,728", "Total Equity Gross Minority Interest": "129,725", "Total Capitalization": "228,186", "Preferred Stock Equity": "13,200", "Common Stock Equity": "116,525", "Capital Lease Obligations": "5,712", "Net Tangible Assets": "124,425", "Working Capital": "77,408", "Invested Capital": "238,638", "Tangible Book Value": "111,225", "Total Debt": "127,825", "Net Debt": "-", "Share Issued": "55,481", "Ordinary Shares Number": "54,863", "Treasury Shares Number": "617.835"}, "12/31/2019": {"Duration": "12/31/2019", "Total Assets": "272,632", "Total Liabilities Net Minority Interest": "195,111", "Total Equity Gross Minority Interest": "77,521", "Total Capitalization": "189,634", "Preferred Stock Equity": "-", "Common Stock Equity": "77,521", "Capital Lease Obligations": "16,849", "Net Tangible Assets": "72,221", "Working Capital": "24,900", "Invested Capital": "202,479", "Tangible Book Value": "72,221", "Total Debt": "141,807", "Net Debt": "55,504", "Share Issued": "54,863", "Ordinary Shares Number": "54,863", "Treasury Shares Number": "-"}}, "cf": {"TTM": {"Duration": "TTM", "Operating Cash Flow": "73,178", "Investing Cash Flow": "-8,654", "Financing Cash Flow": "-3,604", "End Cash Position": "131,193", "Capital Expenditure": "-8,749", "Issuance of Capital Stock": "2,478", "Issuance of Debt": "10,000", "Repayment of Debt": "-12,845", "Free Cash Flow": "64,429"}, "12/31/2020": {"Duration": "12/31/2020", "Operating Cash Flow": "73,178", "Investing Cash Flow": "-8,654", "Financing Cash Flow": "-3,604", "End Cash Position": "131,193", "Capital Expenditure": "-8,749", "Issuance of Capital Stock": "-", "Issuance of Debt": "10,000", "Repayment of Debt": "-12,845", "Free Cash Flow": "64,429"}, "12/31/2019": {"Duration": "12/31/2019", "Operating Cash Flow": "25,546", "Investing Cash Flow": "-20,941", "Financing Cash Flow": "4,592", "End Cash Position": "69,454", "Capital Expenditure": "-21,498", "Issuance of Capital Stock": "-", "Issuance of Debt": "11,790", "Repayment of Debt": "-7,198", "Free Cash Flow": "4,048"}}}}, {"ENDP": {"quote": {"05/12/2021": {"value": "5.16", "Market Cap": "1.204B", "Beta (5Y Monthly)": "1.46", "PE Ratio (TTM)": "12.71", "EPS (TTM)": "0.41", "Earnings Date": "Aug 03, 2021 - Aug 09, 2021", "Forward Dividend & Yield": "N/A (N/A)", "Ex-Dividend Date": "N/A", "1y Target Est": "7.60"}}, "fin": {"TTM": {"Duration": "TTM", "Total Revenue": "2,903,074", "Cost of Revenue": "1,442,511", "Gross Profit": "1,460,563", "Operating Expense": "857,408", "Operating Income": "603,155", "Net Non Operating Interest Income Expense": "-532,939", "Other Income Expense": "-96,734", "Pretax Income": "-26,518", "Tax Provision": "-273,982", "Net Income Common Stockholders": "183,944", "Diluted NI Available to Com Stockholders": "183,944", "Basic EPS": "-", "Diluted EPS": "-", "Basic Average Shares": "-", "Diluted Average Shares": "-", "Total Operating Income as Reported": "-", "Total Expenses": "2,299,919", "Net Income from Continuing & Discontinued Operation": "183,944", "Normalized Income": "323,353", "Interest Income": "4,170", "Interest Expense": "537,109", "Net Interest Income": "-532,939", "EBIT": "510,591", "EBITDA": "1,029,398", "Reconciled Cost of Revenue": "1,442,511", "Reconciled Depreciation": "518,807", "Net Income from Continuing Operation Net Minority Interest": "247,464", "Total Unusual Items Excluding Goodwill": "-103,957", "Total Unusual Items": "-103,957", "Normalized EBITDA": "1,133,355", "Tax Rate for Calcs": "0", "Tax Effect of Unusual Items": "-28,068"}, "12/31/2020": {"Duration": "12/31/2020", "Total Revenue": "2,903,074", "Cost of Revenue": "1,442,511", "Gross Profit": "1,460,563", "Operating Expense": "857,408", "Operating Income": "603,155", "Net Non Operating Interest Income Expense": "-532,939", "Other Income Expense": "-96,734", "Pretax Income": "-26,518", "Tax Provision": "-273,982", "Net Income Common Stockholders": "183,944", "Diluted NI Available to Com Stockholders": "183,944", "Basic EPS": "-", "Diluted EPS": "-", "Basic Average Shares": "-", "Diluted Average Shares": "-", "Total Operating Income as Reported": "-", "Total Expenses": "2,299,919", "Net Income from Continuing & Discontinued Operation": "183,944", "Normalized Income": "323,353", "Interest Income": "4,170", "Interest Expense": "537,109", "Net Interest Income": "-532,939", "EBIT": "510,591", "EBITDA": "-", "Reconciled Cost of Revenue": "1,442,511", "Reconciled Depreciation": "518,807", "Net Income from Continuing Operation Net Minority Interest": "247,464", "Total Unusual Items Excluding Goodwill": "-103,957", "Total Unusual Items": "-103,957", "Normalized EBITDA": "1,133,355", "Tax Rate for Calcs": "0", "Tax Effect of Unusual Items": "-28,068"}, "12/31/2019": {"Duration": "12/31/2019", "Total Revenue": "2,914,364", "Cost of Revenue": "1,569,338", "Gross Profit": "1,345,026", "Operating Expense": "763,152", "Operating Income": "581,874", "Net Non Operating Interest Income Expense": "-538,734", "Other Income Expense": "-388,044", "Pretax Income": "-344,904", "Tax Provision": "15,680", "Net Income Common Stockholders": "-422,636", "Diluted NI Available to Com Stockholders": "-422,636", "Basic EPS": "-1.87", "Diluted EPS": "-1.87", "Basic Average Shares": "226,050", "Diluted Average Shares": "226,050", "Total Operating Income as Reported": "-", "Total Expenses": "2,332,490", "Net Income from Continuing & Discontinued Operation": "-422,636", "Normalized Income": "-90,304", "Interest Income": "19,946", "Interest Expense": "558,680", "Net Interest Income": "-538,734", "EBIT": "213,776", "EBITDA": "-", "Reconciled Cost of Revenue": "1,569,338", "Reconciled Depreciation": "612,862", "Net Income from Continuing Operation Net Minority Interest": "-360,584", "Total Unusual Items Excluding Goodwill": "-370,247", "Total Unusual Items": "-370,247", "Normalized EBITDA": "1,196,885", "Tax Rate for Calcs": "0", "Tax Effect of Unusual Items": "-99,967"}, "12/31/2018": {"Duration": "12/31/2018", "Total Revenue": "2,947,078", "Cost of Revenue": "1,631,682", "Gross Profit": "1,315,396", "Operating Expense": "831,863", "Operating Income": "483,533", "Net Non Operating Interest Income Expense": "-521,656", "Other Income Expense": "-900,709", "Pretax Income": "-938,832", "Tax Provision": "22,935", "Net Income Common Stockholders": "-1,031,469", "Diluted NI Available to Com Stockholders": "-1,031,469", "Basic EPS": "-4.61", "Diluted EPS": "-4.61", "Basic Average Shares": "223,960", "Diluted Average Shares": "223,960", "Total Operating Income as Reported": "-469,129", "Total Expenses": "2,463,545", "Net Income from Continuing & Discontinued Operation": "-1,031,469", "Normalized Income": "-302,033", "Interest Income": "13,194", "Interest Expense": "534,850", "Net Interest Income": "-521,656", "EBIT": "-403,982", "EBITDA": "-", "Reconciled Cost of Revenue": "1,631,682", "Reconciled Depreciation": "723,707", "Net Income from Continuing Operation Net Minority Interest": "-961,767", "Total Unusual Items Excluding Goodwill": "-903,745", "Total Unusual Items": "-903,745", "Normalized EBITDA": "1,223,470", "Tax Rate for Calcs": "0", "Tax Effect of Unusual Items": "-244,011"}}, "bs": {"12/31/2020": {"Duration": "12/31/2020", "Total Assets": "9,264,637", "Total Liabilities Net Minority Interest": "9,912,576", "Total Equity Gross Minority Interest": "-647,939", "Total Capitalization": "7,632,639", "Preferred Stock Equity": "-", "Common Stock Equity": "-647,939", "Capital Lease Obligations": "49,745", "Net Tangible Assets": "-6,948,758", "Working Capital": "1,159,434", "Invested Capital": "7,666,789", "Tangible Book Value": "-6,948,758", "Total Debt": "8,364,473", "Net Debt": "7,101,291", "Share Issued": "230,316", "Ordinary Shares Number": "230,316"}, "12/31/2019": {"Duration": "12/31/2019", "Total Assets": "9,389,527", "Total Liabilities Net Minority Interest": "10,256,071", "Total Equity Gross Minority Interest": "-866,544", "Total Capitalization": "7,493,355", "Preferred Stock Equity": "-", "Common Stock Equity": "-866,544", "Capital Lease Obligations": "59,062", "Net Tangible Assets": "-7,032,995", "Working Capital": "1,125,929", "Invested Capital": "7,527,505", "Tangible Book Value": "-7,032,995", "Total Debt": "8,453,111", "Net Debt": "6,939,518", "Share Issued": "226,803", "Ordinary Shares Number": "226,803"}, "12/31/2018": {"Duration": "12/31/2018", "Total Assets": "10,132,393", "Total Liabilities Net Minority Interest": "10,630,676", "Total Equity Gross Minority Interest": "-498,283", "Total Capitalization": "7,725,986", "Preferred Stock Equity": "46", "Common Stock Equity": "-498,283", "Capital Lease Obligations": "-", "Net Tangible Assets": "-7,720,225", "Working Capital": "393,054", "Invested Capital": "7,760,136", "Tangible Book Value": "-7,720,225", "Total Debt": "8,258,419", "Net Debt": "7,109,306", "Share Issued": "224,383", "Ordinary Shares Number": "224,383"}}, "cf": {"TTM": {"Duration": "TTM", "Operating Cash Flow": "397,392", "Investing Cash Flow": "-624,867", "Financing Cash Flow": "-108,567", "End Cash Position": "1,385,000", "Income Tax Paid Supplemental Data": "11,669", "Interest Paid Supplemental Data": "534,529", "Capital Expenditure": "-721,475", "Issuance of Capital Stock": "-", "Issuance of Debt": "-", "Repayment of Debt": "-96,683", "Repurchase of Capital Stock": "-", "Free Cash Flow": "-324,083"}, "12/31/2020": {"Duration": "12/31/2020", "Operating Cash Flow": "397,392", "Investing Cash Flow": "-624,867", "Financing Cash Flow": "-108,567", "End Cash Position": "1,385,000", "Income Tax Paid Supplemental Data": "11,669", "Interest Paid Supplemental Data": "534,529", "Capital Expenditure": "-721,475", "Issuance of Capital Stock": "-", "Issuance of Debt": "-", "Repayment of Debt": "-96,683", "Repurchase of Capital Stock": "-", "Free Cash Flow": "-324,083"}, "12/31/2019": {"Duration": "12/31/2019", "Operating Cash Flow": "98,052", "Investing Cash Flow": "-60,198", "Financing Cash Flow": "204,601", "End Cash Position": "1,720,388", "Income Tax Paid Supplemental Data": "14,875", "Interest Paid Supplemental Data": "559,528", "Capital Expenditure": "-63,854", "Issuance of Capital Stock": "-", "Issuance of Debt": "1,783,125", "Repayment of Debt": "-1,545,136", "Repurchase of Capital Stock": "-10,156", "Free Cash Flow": "34,198"}, "12/31/2018": {"Duration": "12/31/2018", "Operating Cash Flow": "267,270", "Investing Cash Flow": "-17,900", "Financing Cash Flow": "-81,572", "End Cash Position": "1,476,837", "Income Tax Paid Supplemental Data": "17,639", "Interest Paid Supplemental Data": "515,042", "Capital Expenditure": "-86,398", "Issuance of Capital Stock": "-", "Issuance of Debt": "-", "Repayment of Debt": "-39,372", "Repurchase of Capital Stock": "-5,375", "Free Cash Flow": "180,872"}}}}, {"ELTP": {"quote": {"05/12/2021": {"value": "0.0573", "Market Cap": "57.826M", "Beta (5Y Monthly)": "0.65", "PE Ratio (TTM)": "8.19", "EPS (TTM)": "0.0070", "Earnings Date": "Aug 07, 2020 - Aug 11, 2020", "Forward Dividend & Yield": "N/A (N/A)", "Ex-Dividend Date": "N/A", "1y Target Est": "4.00"}}, "fin": {"TTM": {"Duration": "TTM", "Total Revenue": "25,931", "Cost of Revenue": "13,470", "Gross Profit": "12,461", "Operating Expense": "10,663", "Operating Income": "1,798", "Net Non Operating Interest Income Expense": "-309.307", "Other Income Expense": "4,075", "Pretax Income": "5,564", "Tax Provision": "-943.907", "Earnings from Equity Interest Net of Tax": "946.407", "Net Income Common Stockholders": "6,507", "Average Dilution Earnings": "550.072", "Diluted NI Available to Com Stockholders": "7,619", "Basic EPS": "-", "Diluted EPS": "-", "Basic Average Shares": "-", "Diluted Average Shares": "-", "Total Operating Income as Reported": "1,798", "Total Expenses": "24,133", "Net Income from Continuing & Discontinued Operation": "6,507", "Normalized Income": "3,533", "Interest Income": "1.775", "Interest Expense": "311.082", "Net Interest Income": "-309.307", "EBIT": "5,875", "EBITDA": "7,676", "Reconciled Cost of Revenue": "12,993", "Reconciled Depreciation": "1,801", "Net Income from Continuing Operation Net Minority Interest": "6,507", "Total Unusual Items Excluding Goodwill": "4,075", "Total Unusual Items": "4,075", "Normalized EBITDA": "3,601", "Tax Rate for Calcs": "0", "Tax Effect of Unusual Items": "1,100"}, "3/31/2020": {"Duration": "3/31/2020", "Total Revenue": "17,995", "Cost of Revenue": "10,016", "Gross Profit": "7,979", "Operating Expense": "10,264", "Operating Income": "-2,285", "Net Non Operating Interest Income Expense": "-343.895", "Other Income Expense": "390.952", "Pretax Income": "-2,238", "Tax Provision": "2", "Earnings from Equity Interest Net of Tax": "0", "Net Income Common Stockholders": "-2,240", "Average Dilution Earnings": "1,112", "Diluted NI Available to Com Stockholders": "-1,129", "Basic EPS": "-0.00", "Diluted EPS": "-0.00", "Basic Average Shares": "832,327", "Diluted Average Shares": "993,261", "Total Operating Income as Reported": "-2,285", "Total Expenses": "20,280", "Net Income from Continuing & Discontinued Operation": "-2,240", "Normalized Income": "-2,526", "Interest Income": "11.979", "Interest Expense": "355.874", "Net Interest Income": "-343.895", "EBIT": "-1,882", "EBITDA": "-", "Reconciled Cost of Revenue": "9,825", "Reconciled Depreciation": "1,511", "Net Income from Continuing Operation Net Minority Interest": "-2,240", "Total Unusual Items Excluding Goodwill": "390.952", "Total Unusual Items": "390.952", "Normalized EBITDA": "-762.828", "Tax Rate for Calcs": "0", "Tax Effect of Unusual Items": "105.557"}, "3/31/2019": {"Duration": "3/31/2019", "Total Revenue": "7,569", "Cost of Revenue": "4,701", "Gross Profit": "2,868", "Operating Expense": "12,026", "Operating Income": "-9,159", "Net Non Operating Interest Income Expense": "-347.712", "Other Income Expense": "-448.925", "Pretax Income": "-9,955", "Tax Provision": "-", "Earnings from Equity Interest Net of Tax": "676.016", "Net Income Common Stockholders": "-9,279", "Average Dilution Earnings": "-180.042", "Diluted NI Available to Com Stockholders": "-9,459", "Basic EPS": "-0.01", "Diluted EPS": "-0.01", "Basic Average Shares": "814,173", "Diluted Average Shares": "816,313", "Total Operating Income as Reported": "-9,159", "Total Expenses": "16,727", "Net Income from Continuing & Discontinued Operation": "-9,279", "Normalized Income": "-8,830", "Interest Income": "21.461", "Interest Expense": "369.173", "Net Interest Income": "-347.712", "EBIT": "-9,586", "EBITDA": "-", "Reconciled Cost of Revenue": "4,651", "Reconciled Depreciation": "1,257", "Net Income from Continuing Operation Net Minority Interest": "-9,279", "Total Unusual Items Excluding Goodwill": "-448.925", "Total Unusual Items": "-448.925", "Normalized EBITDA": "-7,880", "Tax Rate for Calcs": "0", "Tax Effect of Unusual Items": "0"}}, "bs": {"3/31/2020": {"Duration": "3/31/2020", "Total Assets": "24,957", "Total Liabilities Net Minority Interest": "14,301", "Total Equity Gross Minority Interest": "10,656", "Total Capitalization": "12,456", "Preferred Stock Equity": "13,904", "Common Stock Equity": "-3,248", "Capital Lease Obligations": "375.293", "Net Tangible Assets": "4,022", "Working Capital": "1,612", "Invested Capital": "404.624", "Tangible Book Value": "-9,882", "Total Debt": "4,028", "Net Debt": "2,521", "Share Issued": "840,504", "Ordinary Shares Number": "840,404", "Treasury Shares Number": "100"}, "3/31/2019": {"Duration": "3/31/2019", "Total Assets": "24,402", "Total Liabilities Net Minority Interest": "13,006", "Total Equity Gross Minority Interest": "11,396", "Total Capitalization": "14,723", "Preferred Stock Equity": "13,904", "Common Stock Equity": "-2,508", "Capital Lease Obligations": "-", "Net Tangible Assets": "4,762", "Working Capital": "1,950", "Invested Capital": "1,473", "Tangible Book Value": "-9,142", "Total Debt": "3,980", "Net Debt": "1,703", "Share Issued": "824,947", "Ordinary Shares Number": "824,847", "Treasury Shares Number": "100"}}, "cf": {"TTM": {"Duration": "TTM", "Operating Cash Flow": "2,737", "Investing Cash Flow": "-109.684", "Financing Cash Flow": "916.727", "End Cash Position": "5,818", "Income Tax Paid Supplemental Data": "-", "Interest Paid Supplemental Data": "312.165", "Capital Expenditure": "-176.884", "Issuance of Capital Stock": "673.214", "Repayment of Debt": "-769.967", "Free Cash Flow": "2,560"}, "3/31/2020": {"Duration": "3/31/2020", "Operating Cash Flow": "-1,794", "Investing Cash Flow": "-34.953", "Financing Cash Flow": "689.536", "End Cash Position": "1,537", "Income Tax Paid Supplemental Data": "-", "Interest Paid Supplemental Data": "240.785", "Capital Expenditure": "-34.953", "Issuance of Capital Stock": "1,438", "Repayment of Debt": "-748.442", "Free Cash Flow": "-1,829"}, "3/31/2019": {"Duration": "3/31/2019", "Operating Cash Flow": "-6,793", "Investing Cash Flow": "330.87", "Financing Cash Flow": "1,567", "End Cash Position": "2,676", "Income Tax Paid Supplemental Data": "0", "Interest Paid Supplemental Data": "226.455", "Capital Expenditure": "-19.13", "Issuance of Capital Stock": "2,092", "Repayment of Debt": "-496.681", "Free Cash Flow": "-6,812"}}}}, {"TEVA": {"quote": {"05/12/2021": {"value": "10.25", "Market Cap": "11.403B", "Beta (5Y Monthly)": "1.47", "PE Ratio (TTM)": "N/A", "EPS (TTM)": "-3.63", "Earnings Date": "N/A", "Forward Dividend & Yield": "N/A (N/A)", "Ex-Dividend Date": "Nov 27, 2017", "1y Target Est": "12.20"}}, "fin": {"TTM": {"Duration": "TTM", "Total Revenue": "16,658,000", "Cost of Revenue": "8,933,000", "Gross Profit": "7,726,000", "Operating Expense": "4,668,000", "Operating Income": "3,058,000", "Net Non Operating Interest Income Expense": "-963,000", "Other Income Expense": "-6,500,000", "Pretax Income": "-4,406,000", "Tax Provision": "-168,000", "Earnings from Equity Interest Net of Tax": "138,000", "Net Income Common Stockholders": "-3,990,000", "Diluted NI Available to Com Stockholders": "-3,990,000", "Basic EPS": "-", "Diluted EPS": "-", "Basic Average Shares": "-", "Diluted Average Shares": "-", "Total Operating Income as Reported": "-3,572,000", "Total Expenses": "13,601,000", "Net Income from Continuing & Discontinued Operation": "-3,990,000", "Normalized Income": "2,246,160", "Interest Expense": "963,000", "Net Interest Income": "-963,000", "EBIT": "-3,443,000", "EBITDA": "-1,886,000", "Reconciled Cost of Revenue": "8,933,000", "Reconciled Depreciation": "1,557,000", "Net Income from Continuing Operation Net Minority Interest": "-3,990,000", "Total Unusual Items Excluding Goodwill": "-6,496,000", "Total Unusual Items": "-6,496,000", "Normalized EBITDA": "4,610,000", "Tax Rate for Calcs": "0", "Tax Effect of Unusual Items": "-259,840"}, "12/31/2020": {"Duration": "12/31/2020", "Total Revenue": "16,658,000", "Cost of Revenue": "8,933,000", "Gross Profit": "7,726,000", "Operating Expense": "4,668,000", "Operating Income": "3,058,000", "Net Non Operating Interest Income Expense": "-963,000", "Other Income Expense": "-6,500,000", "Pretax Income": "-4,406,000", "Tax Provision": "-168,000", "Earnings from Equity Interest Net of Tax": "138,000", "Net Income Common Stockholders": "-3,990,000", "Diluted NI Available to Com Stockholders": "-3,990,000", "Basic EPS": "-3.64", "Diluted EPS": "-3.64", "Basic Average Shares": "1,095,000", "Diluted Average Shares": "1,095,000", "Total Operating Income as Reported": "-3,572,000", "Total Expenses": "13,601,000", "Net Income from Continuing & Discontinued Operation": "-3,990,000", "Normalized Income": "2,246,160", "Interest Expense": "963,000", "Net Interest Income": "-963,000", "EBIT": "-3,443,000", "EBITDA": "-", "Reconciled Cost of Revenue": "8,933,000", "Reconciled Depreciation": "1,557,000", "Net Income from Continuing Operation Net Minority Interest": "-3,990,000", "Total Unusual Items Excluding Goodwill": "-6,496,000", "Total Unusual Items": "-6,496,000", "Normalized EBITDA": "4,610,000", "Tax Rate for Calcs": "0", "Tax Effect of Unusual Items": "-259,840"}, "12/31/2019": {"Duration": "12/31/2019", "Total Revenue": "16,887,000", "Cost of Revenue": "9,351,000", "Gross Profit": "7,537,000", "Operating Expense": "4,816,000", "Operating Income": "2,721,000", "Net Non Operating Interest Income Expense": "-877,000", "Other Income Expense": "-3,108,000", "Pretax Income": "-1,265,000", "Tax Provision": "-278,000", "Earnings from Equity Interest Net of Tax": "-13,000", "Net Income Common Stockholders": "-999,000", "Diluted NI Available to Com Stockholders": "-999,000", "Basic EPS": "-0.91", "Diluted EPS": "-0.91", "Basic Average Shares": "1,091,000", "Diluted Average Shares": "1,091,000", "Total Operating Income as Reported": "-443,000", "Total Expenses": "14,167,000", "Net Income from Continuing & Discontinued Operation": "-999,000", "Normalized Income": "1,422,856", "Interest Expense": "881,000", "Net Interest Income": "-877,000", "EBIT": "-384,000", "EBITDA": "-", "Reconciled Cost of Revenue": "9,351,000", "Reconciled Depreciation": "1,722,000", "Net Income from Continuing Operation Net Minority Interest": "-999,000", "Total Unusual Items Excluding Goodwill": "-3,104,000", "Total Unusual Items": "-3,104,000", "Normalized EBITDA": "4,442,000", "Tax Rate for Calcs": "0", "Tax Effect of Unusual Items": "-682,144"}, "12/31/2018": {"Duration": "12/31/2018", "Total Revenue": "18,854,000", "Cost of Revenue": "10,558,000", "Gross Profit": "8,296,000", "Operating Expense": "5,427,000", "Operating Income": "2,869,000", "Net Non Operating Interest Income Expense": "-985,000", "Other Income Expense": "-4,480,000", "Pretax Income": "-2,596,000", "Tax Provision": "-195,000", "Earnings from Equity Interest Net of Tax": "-71,000", "Net Income Common Stockholders": "-2,399,000", "Diluted NI Available to Com Stockholders": "-2,399,000", "Basic EPS": "-2.35", "Diluted EPS": "-2.35", "Basic Average Shares": "1,021,000", "Diluted Average Shares": "1,021,000", "Total Operating Income as Reported": "-1,637,000", "Total Expenses": "15,985,000", "Net Income from Continuing & Discontinued Operation": "-2,150,000", "Normalized Income": "2,055,320", "Interest Expense": "920,000", "Net Interest Income": "-985,000", "EBIT": "-1,676,000", "EBITDA": "-", "Reconciled Cost of Revenue": "10,558,000", "Reconciled Depreciation": "1,842,000", "Net Income from Continuing Operation Net Minority Interest": "-2,150,000", "Total Unusual Items Excluding Goodwill": "-4,571,000", "Total Unusual Items": "-4,571,000", "Normalized EBITDA": "4,737,000", "Tax Rate for Calcs": "0", "Tax Effect of Unusual Items": "-365,680"}}, "bs": {"12/31/2020": {"Duration": "12/31/2020", "Total Assets": "50,640,000", "Total Liabilities Net Minority Interest": "39,579,000", "Total Equity Gross Minority Interest": "11,061,000", "Total Capitalization": "32,757,000", "Preferred Stock Equity": "-", "Common Stock Equity": "10,026,000", "Capital Lease Obligations": "479,000", "Net Tangible Assets": "-19,521,000", "Working Capital": "-159,000", "Invested Capital": "35,945,000", "Tangible Book Value": "-19,521,000", "Total Debt": "26,398,000", "Net Debt": "23,742,000", "Share Issued": "1,202,512", "Ordinary Shares Number": "1,096,512", "Preferred Shares Number": "-", "Treasury Shares Number": "106,000"}, "12/31/2019": {"Duration": "12/31/2019", "Total Assets": "57,470,000", "Total Liabilities Net Minority Interest": "42,407,000", "Total Equity Gross Minority Interest": "15,063,000", "Total Capitalization": "38,534,000", "Preferred Stock Equity": "-", "Common Stock Equity": "13,972,000", "Capital Lease Obligations": "435,000", "Net Tangible Assets": "-22,106,000", "Working Capital": "-210,000", "Invested Capital": "40,879,000", "Tangible Book Value": "-22,106,000", "Total Debt": "27,342,000", "Net Debt": "24,932,000", "Share Issued": "1,198,189", "Ordinary Shares Number": "1,092,189", "Preferred Shares Number": "-", "Treasury Shares Number": "106,000"}, "12/31/2018": {"Duration": "12/31/2018", "Total Assets": "60,683,000", "Total Liabilities Net Minority Interest": "44,889,000", "Total Equity Gross Minority Interest": "15,794,000", "Total Capitalization": "41,407,000", "Preferred Stock Equity": "-", "Common Stock Equity": "14,707,000", "Capital Lease Obligations": "-", "Net Tangible Assets": "-24,215,000", "Working Capital": "-528,000", "Invested Capital": "43,623,000", "Tangible Book Value": "-24,215,000", "Total Debt": "28,916,000", "Net Debt": "27,134,000", "Share Issued": "1,195,389", "Ordinary Shares Number": "1,089,389", "Preferred Shares Number": "-", "Treasury Shares Number": "106,000"}}, "cf": {"TTM": {"Duration": "TTM", "Operating Cash Flow": "1,216,000", "Investing Cash Flow": "863,000", "Financing Cash Flow": "-1,885,000", "End Cash Position": "2,177,000", "Income Tax Paid Supplemental Data": "709,000", "Interest Paid Supplemental Data": "846,000", "Capital Expenditure": "-578,000", "Issuance of Capital Stock": "-", "Issuance of Debt": "550,000", "Repayment of Debt": "-2,430,000", "Repurchase of Capital Stock": "-", "Free Cash Flow": "638,000"}, "12/31/2020": {"Duration": "12/31/2020", "Operating Cash Flow": "1,216,000", "Investing Cash Flow": "863,000", "Financing Cash Flow": "-1,885,000", "End Cash Position": "2,177,000", "Income Tax Paid Supplemental Data": "709,000", "Interest Paid Supplemental Data": "846,000", "Capital Expenditure": "-578,000", "Issuance of Capital Stock": "-", "Issuance of Debt": "550,000", "Repayment of Debt": "-2,430,000", "Repurchase of Capital Stock": "-", "Free Cash Flow": "638,000"}, "12/31/2019": {"Duration": "12/31/2019", "Operating Cash Flow": "748,000", "Investing Cash Flow": "1,355,000", "Financing Cash Flow": "-1,926,000", "End Cash Position": "1,975,000", "Income Tax Paid Supplemental Data": "552,000", "Interest Paid Supplemental Data": "840,000", "Capital Expenditure": "-525,000", "Issuance of Capital Stock": "-", "Issuance of Debt": "2,083,000", "Repayment of Debt": "-3,944,000", "Repurchase of Capital Stock": "-", "Free Cash Flow": "223,000"}, "12/31/2018": {"Duration": "12/31/2018", "Operating Cash Flow": "2,446,000", "Investing Cash Flow": "1,866,000", "Financing Cash Flow": "-3,351,000", "End Cash Position": "1,782,000", "Income Tax Paid Supplemental Data": "420,000", "Interest Paid Supplemental Data": "815,000", "Capital Expenditure": "-651,000", "Issuance of Capital Stock": "0", "Issuance of Debt": "4,434,000", "Repayment of Debt": "-7,446,000", "Repurchase of Capital Stock": "-", "Free Cash Flow": "1,795,000"}}}}, {"SCMP": {"quote": {"05/12/2021": {"value": "", "Net Assets": "N/A", "Beta (5Y Monthly)": "N/A", "Yield": "N/A", "5y Average Return": "N/A", "Holdings Turnover": "N/A", "Last Dividend": "N/A", "Average for Category": "N/A", "Inception Date": "N/A"}}, "fin": {}, "bs": {}, "cf": {}}}, {"OREX": {"quote": {"05/12/2021": {"value": "", "Net Assets": "N/A", "Beta (5Y Monthly)": "N/A", "Yield": "N/A", "5y Average Return": "N/A", "Holdings Turnover": "N/A", "Last Dividend": "N/A", "Average for Category": "N/A", "Inception Date": "N/A"}}, "fin": {}, "bs": {}, "cf": {}}}, {"SCLN": {"quote": {"05/12/2021": {"value": "", "Net Assets": "N/A", "Beta (5Y Monthly)": "N/A", "Yield": "N/A", "5y Average Return": "N/A", "Holdings Turnover": "N/A", "Last Dividend": "N/A", "Average for Category": "N/A", "Inception Date": "N/A"}}, "fin": {}, "bs": {}, "cf": {}}}, {"TARO": {"quote": {"05/12/2021": {"value": "72.18", "Market Cap": "2.761B", "Beta (5Y Monthly)": "1.04", "PE Ratio (TTM)": "N/A", "EPS (TTM)": "-7.91", "Earnings Date": "May 17, 2021 - May 21, 2021", "Forward Dividend & Yield": "N/A (N/A)", "Ex-Dividend Date": "Dec 10, 2018", "1y Target Est": "81.00"}}, "fin": {"TTM": {"Duration": "TTM", "Total Revenue": "575,562", "Cost of Revenue": "253,569", "Gross Profit": "321,993", "Operating Expense": "636,670", "Operating Income": "-314,677", "Net Non Operating Interest Income Expense": "23,621", "Other Income Expense": "6,083", "Pretax Income": "-284,972", "Tax Provision": "32,465", "Net Income Common Stockholders": "-302,671", "Diluted NI Available to Com Stockholders": "-302,671", "Basic EPS": "-", "Diluted EPS": "-", "Basic Average Shares": "-", "Diluted Average Shares": "-", "Total Operating Income as Reported": "-314,677", "Total Expenses": "890,239", "Net Income from Continuing & Discontinued Operation": "-302,671", "Normalized Income": "-304,484", "Interest Income": "12,632", "Interest Expense": "3,039", "Net Interest Income": "23,621", "EBIT": "-262,452", "EBITDA": "-239,833", "Reconciled Cost of Revenue": "253,569", "Reconciled Depreciation": "22,619", "Net Income from Continuing Operation Net Minority Interest": "-302,671", "Total Unusual Items Excluding Goodwill": "2,484", "Total Unusual Items": "2,484", "Normalized EBITDA": "-242,317", "Tax Rate for Calcs": "0", "Tax Effect of Unusual Items": "670.68"}, "3/31/2020": {"Duration": "3/31/2020", "Total Revenue": "644,769", "Cost of Revenue": "245,044", "Gross Profit": "399,725", "Operating Expense": "153,190", "Operating Income": "246,535", "Net Non Operating Interest Income Expense": "33,644", "Other Income Expense": "17,856", "Pretax Income": "298,035", "Tax Provision": "53,485", "Net Income Common Stockholders": "244,241", "Diluted NI Available to Com Stockholders": "244,241", "Basic EPS": "6.35", "Diluted EPS": "6.35", "Basic Average Shares": "38,460", "Diluted Average Shares": "38,460", "Total Operating Income as Reported": "246,535", "Total Expenses": "398,234", "Net Income from Continuing & Discontinued Operation": "244,241", "Normalized Income": "232,059", "Interest Income": "22,655", "Interest Expense": "725", "Net Interest Income": "33,644", "EBIT": "298,760", "EBITDA": "-", "Reconciled Cost of Revenue": "245,044", "Reconciled Depreciation": "21,383", "Net Income from Continuing Operation Net Minority Interest": "244,241", "Total Unusual Items Excluding Goodwill": "14,838", "Total Unusual Items": "14,838", "Normalized EBITDA": "305,305", "Tax Rate for Calcs": "0", "Tax Effect of Unusual Items": "2,656"}, "3/31/2019": {"Duration": "3/31/2019", "Total Revenue": "669,893", "Cost of Revenue": "224,169", "Gross Profit": "445,724", "Operating Expense": "149,531", "Operating Income": "296,193", "Net Non Operating Interest Income Expense": "33,542", "Other Income Expense": "27,119", "Pretax Income": "356,854", "Tax Provision": "74,732", "Net Income Common Stockholders": "281,777", "Diluted NI Available to Com Stockholders": "281,777", "Basic EPS": "7.23", "Diluted EPS": "7.23", "Basic Average Shares": "38,990", "Diluted Average Shares": "38,990", "Total Operating Income as Reported": "296,193", "Total Expenses": "373,700", "Net Income from Continuing & Discontinued Operation": "281,777", "Normalized Income": "261,758", "Interest Income": "19,691", "Interest Expense": "256", "Net Interest Income": "33,542", "EBIT": "357,110", "EBITDA": "-", "Reconciled Cost of Revenue": "224,169", "Reconciled Depreciation": "18,597", "Net Income from Continuing Operation Net Minority Interest": "281,777", "Total Unusual Items Excluding Goodwill": "25,309", "Total Unusual Items": "25,309", "Normalized EBITDA": "350,398", "Tax Rate for Calcs": "0", "Tax Effect of Unusual Items": "5,290"}}, "bs": {"3/31/2020": {"Duration": "3/31/2020", "Total Assets": "2,341,252", "Total Liabilities Net Minority Interest": "231,493", "Total Equity Gross Minority Interest": "2,109,759", "Total Capitalization": "2,103,864", "Common Stock Equity": "2,103,864", "Capital Lease Obligations": "1,514", "Net Tangible Assets": "2,088,261", "Working Capital": "1,309,867", "Invested Capital": "2,103,864", "Tangible Book Value": "2,088,261", "Total Debt": "1,514", "Share Issued": "45,116", "Ordinary Shares Number": "38,258", "Treasury Shares Number": "6,858"}, "3/31/2019": {"Duration": "3/31/2019", "Total Assets": "2,135,326", "Total Liabilities Net Minority Interest": "224,204", "Total Equity Gross Minority Interest": "1,911,122", "Total Capitalization": "1,905,536", "Common Stock Equity": "1,905,536", "Capital Lease Obligations": "-", "Net Tangible Assets": "1,889,493", "Working Capital": "1,265,899", "Invested Capital": "1,905,536", "Tangible Book Value": "1,889,493", "Total Debt": "-", "Share Issued": "45,117", "Ordinary Shares Number": "38,539", "Treasury Shares Number": "6,577"}}, "cf": {"TTM": {"Duration": "TTM", "Operating Cash Flow": "44,312", "Investing Cash Flow": "1,392", "Financing Cash Flow": "-3,400", "End Cash Position": "551,665", "Income Tax Paid Supplemental Data": "39,932", "Interest Paid Supplemental Data": "-", "Capital Expenditure": "-22,375", "Repayment of Debt": "-", "Repurchase of Capital Stock": "-3,400", "Free Cash Flow": "21,937"}, "3/31/2020": {"Duration": "3/31/2020", "Operating Cash Flow": "271,605", "Investing Cash Flow": "-298,162", "Financing Cash Flow": "-26,984", "End Cash Position": "513,354", "Income Tax Paid Supplemental Data": "54,536", "Interest Paid Supplemental Data": "-", "Capital Expenditure": "-28,414", "Repayment of Debt": "-", "Repurchase of Capital Stock": "-26,984", "Free Cash Flow": "243,191"}, "3/31/2019": {"Duration": "3/31/2019", "Operating Cash Flow": "323,709", "Investing Cash Flow": "257,136", "Financing Cash Flow": "-588,849", "End Cash Position": "567,451", "Income Tax Paid Supplemental Data": "71,096", "Interest Paid Supplemental Data": "-", "Capital Expenditure": "-30,684", "Repayment of Debt": "-", "Repurchase of Capital Stock": "-88,849", "Free Cash Flow": "293,025"}}}}, {"LCAR": {"quote": {"05/12/2021": {"value": "0.0055", "Market Cap": "318,111", "Beta (5Y Monthly)": "-1.62", "PE Ratio (TTM)": "N/A", "EPS (TTM)": "-0.0000", "Earnings Date": "N/A", "Forward Dividend & Yield": "N/A (N/A)", "Ex-Dividend Date": "N/A", "1y Target Est": "N/A"}}, "fin": {}, "bs": {}, "cf": {}}}, {"MEIP": {"quote": {"05/12/2021": {"value": "3.4800", "Market Cap": "391.82M", "Beta (5Y Monthly)": "1.49", "PE Ratio (TTM)": "N/A", "EPS (TTM)": "-0.7580", "Earnings Date": "Feb 04, 2021", "Forward Dividend & Yield": "N/A (N/A)", "Ex-Dividend Date": "N/A", "1y Target Est": "9.67"}}, "fin": {"TTM": {"Duration": "TTM", "Total Revenue": "39,749", "Cost of Revenue": "2,345", "Gross Profit": "37,404", "Operating Expense": "71,999", "Operating Income": "-34,595", "Net Non Operating Interest Income Expense": "1,142", "Other Income Expense": "-2,897", "Pretax Income": "-36,350", "Tax Provision": "-", "Net Income Common Stockholders": "-36,351", "Average Dilution Earnings": "-14,357", "Diluted NI Available to Com Stockholders": "-56,658", "Basic EPS": "-", "Diluted EPS": "-", "Basic Average Shares": "-", "Diluted Average Shares": "-", "Total Operating Income as Reported": "-34,595", "Total Expenses": "74,344", "Net Income from Continuing & Discontinued Operation": "-36,351", "Normalized Income": "-32,958", "Interest Income": "1,142", "Net Interest Income": "1,142", "EBIT": "-34,595", "EBITDA": "-34,403", "Reconciled Cost of Revenue": "2,345", "Reconciled Depreciation": "192", "Net Income from Continuing Operation Net Minority Interest": "-36,351", "Total Unusual Items Excluding Goodwill": "-3,393", "Total Unusual Items": "-3,393", "Normalized EBITDA": "-31,010", "Tax Rate for Calcs": "0", "Tax Effect of Unusual Items": "0"}, "6/30/2020": {"Duration": "6/30/2020", "Total Revenue": "28,913", "Cost of Revenue": "2,671", "Gross Profit": "26,242", "Operating Expense": "50,782", "Operating Income": "-24,540", "Net Non Operating Interest Income Expense": "1,395", "Other Income Expense": "-22,870", "Pretax Income": "-46,015", "Tax Provision": "1", "Net Income Common Stockholders": "-46,016", "Average Dilution Earnings": "0", "Diluted NI Available to Com Stockholders": "-46,016", "Basic EPS": "-0.51", "Diluted EPS": "-0.51", "Basic Average Shares": "91,080", "Diluted Average Shares": "91,080", "Total Operating Income as Reported": "-24,540", "Total Expenses": "53,453", "Net Income from Continuing & Discontinued Operation": "-46,016", "Normalized Income": "-29,321", "Interest Income": "1,395", "Net Interest Income": "1,395", "EBIT": "-24,540", "EBITDA": "-", "Reconciled Cost of Revenue": "2,671", "Reconciled Depreciation": "109", "Net Income from Continuing Operation Net Minority Interest": "-46,016", "Total Unusual Items Excluding Goodwill": "-22,870", "Total Unusual Items": "-22,870", "Normalized EBITDA": "-1,561", "Tax Rate for Calcs": "0", "Tax Effect of Unusual Items": "-6,175"}, "6/30/2019": {"Duration": "6/30/2019", "Total Revenue": "4,915", "Cost of Revenue": "4,263", "Gross Profit": "652", "Operating Expense": "46,897", "Operating Income": "-46,245", "Net Non Operating Interest Income Expense": "1,795", "Other Income Expense": "27,632", "Pretax Income": "-16,818", "Tax Provision": "1", "Net Income Common Stockholders": "-16,819", "Average Dilution Earnings": "-37,794", "Diluted NI Available to Com Stockholders": "-54,613", "Basic EPS": "-0.24", "Diluted EPS": "-0.75", "Basic Average Shares": "71,139", "Diluted Average Shares": "72,385", "Total Operating Income as Reported": "-46,245", "Total Expenses": "51,160", "Net Income from Continuing & Discontinued Operation": "-16,819", "Normalized Income": "-36,990", "Interest Income": "1,795", "Net Interest Income": "1,795", "EBIT": "-46,245", "EBITDA": "-", "Reconciled Cost of Revenue": "4,263", "Reconciled Depreciation": "80", "Net Income from Continuing Operation Net Minority Interest": "-16,819", "Total Unusual Items Excluding Goodwill": "27,632", "Total Unusual Items": "27,632", "Normalized EBITDA": "-73,797", "Tax Rate for Calcs": "0", "Tax Effect of Unusual Items": "7,461"}, "6/30/2018": {"Duration": "6/30/2018", "Total Revenue": "1,622", "Cost of Revenue": "3,383", "Gross Profit": "-1,761", "Operating Expense": "26,825", "Operating Income": "-28,586", "Net Non Operating Interest Income Expense": "-1,776", "Other Income Expense": "-9,705", "Pretax Income": "-40,067", "Tax Provision": "1", "Net Income Common Stockholders": "-40,068", "Average Dilution Earnings": "-", "Diluted NI Available to Com Stockholders": "-40,068", "Basic EPS": "-0.97", "Diluted EPS": "-0.97", "Basic Average Shares": "41,431", "Diluted Average Shares": "41,431", "Total Operating Income as Reported": "-28,586", "Total Expenses": "30,208", "Net Income from Continuing & Discontinued Operation": "-40,068", "Normalized Income": "-32,983", "Interest Income": "591", "Net Interest Income": "-1,776", "EBIT": "-28,586", "EBITDA": "-", "Reconciled Cost of Revenue": "3,383", "Reconciled Depreciation": "53", "Net Income from Continuing Operation Net Minority Interest": "-40,068", "Total Unusual Items Excluding Goodwill": "-9,705", "Total Unusual Items": "-9,705", "Normalized EBITDA": "-18,828", "Tax Rate for Calcs": "0", "Tax Effect of Unusual Items": "-2,620"}}, "bs": {"6/30/2020": {"Duration": "6/30/2020", "Total Assets": "209,728", "Total Liabilities Net Minority Interest": "131,510", "Total Equity Gross Minority Interest": "78,218", "Total Capitalization": "78,218", "Common Stock Equity": "78,218", "Net Tangible Assets": "78,218", "Working Capital": "185,340", "Invested Capital": "78,218", "Tangible Book Value": "78,218", "Share Issued": "111,514", "Ordinary Shares Number": "111,514", "Preferred Shares Number": "1"}, "6/30/2019": {"Duration": "6/30/2019", "Total Assets": "82,663", "Total Liabilities Net Minority Interest": "34,733", "Total Equity Gross Minority Interest": "47,930", "Total Capitalization": "47,930", "Common Stock Equity": "47,930", "Net Tangible Assets": "47,669", "Working Capital": "67,897", "Invested Capital": "47,930", "Tangible Book Value": "47,669", "Share Issued": "73,545", "Ordinary Shares Number": "73,545", "Preferred Shares Number": "1"}, "6/30/2018": {"Duration": "6/30/2018", "Total Assets": "104,657", "Total Liabilities Net Minority Interest": "54,198", "Total Equity Gross Minority Interest": "50,459", "Total Capitalization": "50,459", "Common Stock Equity": "50,459", "Net Tangible Assets": "50,163", "Working Capital": "96,444", "Invested Capital": "50,459", "Tangible Book Value": "50,163", "Share Issued": "70,406", "Ordinary Shares Number": "70,406", "Preferred Shares Number": "1"}}, "cf": {"TTM": {"Duration": "TTM", "Operating Cash Flow": "53,756", "Investing Cash Flow": "-76,613", "Financing Cash Flow": "24,096", "End Cash Position": "9,877", "Income Tax Paid Supplemental Data": "8", "Capital Expenditure": "-1,589", "Issuance of Capital Stock": "23,757", "Free Cash Flow": "52,167"}, "6/30/2020": {"Duration": "6/30/2020", "Operating Cash Flow": "34,258", "Investing Cash Flow": "-106,294", "Financing Cash Flow": "74,777", "End Cash Position": "12,331", "Income Tax Paid Supplemental Data": "1", "Capital Expenditure": "-894", "Issuance of Capital Stock": "69,231", "Free Cash Flow": "33,364"}, "6/30/2019": {"Duration": "6/30/2019", "Operating Cash Flow": "-29,423", "Investing Cash Flow": "24,318", "Financing Cash Flow": "1,386", "End Cash Position": "9,590", "Income Tax Paid Supplemental Data": "1", "Capital Expenditure": "-217", "Issuance of Capital Stock": "220", "Free Cash Flow": "-29,640"}, "6/30/2018": {"Duration": "6/30/2018", "Operating Cash Flow": "-21,302", "Investing Cash Flow": "-44,327", "Financing Cash Flow": "70,480", "End Cash Position": "13,309", "Income Tax Paid Supplemental Data": "1", "Capital Expenditure": "-", "Issuance of Capital Stock": "70,151", "Free Cash Flow": "-21,302"}}}}, {"NUIN": {"quote": {"05/12/2021": {"value": "", "Net Assets": "N/A", "Beta (5Y Monthly)": "N/A", "Yield": "N/A", "5y Average Return": "N/A", "Holdings Turnover": "N/A", "Last Dividend": "N/A", "Average for Category": "N/A", "Inception Date": "N/A"}}, "fin": {}, "bs": {}, "cf": {}}}, {"PRTX": {"quote": {"05/12/2021": {"value": "0.0130", "Market Cap": "615,227", "Beta (5Y Monthly)": "626.95", "PE Ratio (TTM)": "N/A", "EPS (TTM)": "-0.1220", "Earnings Date": "N/A", "Forward Dividend & Yield": "N/A (N/A)", "Ex-Dividend Date": "N/A", "1y Target Est": "N/A"}}, "fin": {"TTM": {"Duration": "TTM", "Total Revenue": "0", "Operating Expense": "4,065", "Operating Income": "-4,065", "Net Non Operating Interest Income Expense": "-582.793", "Pretax Income": "-4,647", "Tax Provision": "0", "Net Income Common Stockholders": "-4,647", "Diluted NI Available to Com Stockholders": "-4,647", "Basic EPS": "-", "Diluted EPS": "-", "Basic Average Shares": "-", "Diluted Average Shares": "-", "Total Operating Income as Reported": "-4,065", "Total Expenses": "4,065", "Net Income from Continuing & Discontinued Operation": "-4,647", "Normalized Income": "-4,647", "Interest Income": "0.003", "Interest Expense": "582.796", "Net Interest Income": "-582.793", "EBIT": "-4,065", "EBITDA": "-4,064", "Reconciled Depreciation": "1.02", "Net Income from Continuing Operation Net Minority Interest": "-4,647", "Normalized EBITDA": "-4,064", "Tax Rate for Calcs": "0", "Tax Effect of Unusual Items": "0"}, "5/31/2018": {"Duration": "5/31/2018", "Total Revenue": "0", "Operating Expense": "4,425", "Operating Income": "-4,425", "Net Non Operating Interest Income Expense": "-611.544", "Pretax Income": "-5,036", "Tax Provision": "0", "Net Income Common Stockholders": "-5,036", "Diluted NI Available to Com Stockholders": "-5,036", "Basic EPS": "-0.15", "Diluted EPS": "-0.15", "Basic Average Shares": "33,547", "Diluted Average Shares": "33,547", "Total Operating Income as Reported": "-4,425", "Total Expenses": "4,425", "Net Income from Continuing & Discontinued Operation": "-5,036", "Normalized Income": "-5,036", "Interest Income": "0.003", "Interest Expense": "611.547", "Net Interest Income": "-611.544", "EBIT": "-4,425", "EBITDA": "-", "Reconciled Depreciation": "1.02", "Net Income from Continuing Operation Net Minority Interest": "-5,036", "Normalized EBITDA": "-4,424", "Tax Rate for Calcs": "0", "Tax Effect of Unusual Items": "0"}}, "bs": {"5/31/2018": {"Duration": "5/31/2018", "Total Assets": "631.164", "Total Liabilities Net Minority Interest": "2,731", "Total Equity Gross Minority Interest": "-2,100", "Total Capitalization": "2.029", "Common Stock Equity": "-2,100", "Net Tangible Assets": "-2,101", "Working Capital": "0.662", "Invested Capital": "2.029", "Tangible Book Value": "-2,101", "Total Debt": "2,102", "Net Debt": "1,547", "Share Issued": "47,325", "Ordinary Shares Number": "47,325"}}, "cf": {"TTM": {"Duration": "TTM", "Operating Cash Flow": "-2,937", "Investing Cash Flow": "0", "Financing Cash Flow": "2,575", "End Cash Position": "114.876", "Income Tax Paid Supplemental Data": "0", "Interest Paid Supplemental Data": "0", "Issuance of Debt": "2,575", "Free Cash Flow": "-2,937"}, "5/31/2018": {"Duration": "5/31/2018", "Operating Cash Flow": "-3,377", "Investing Cash Flow": "0", "Financing Cash Flow": "3,445", "End Cash Position": "555.411", "Income Tax Paid Supplemental Data": "0", "Interest Paid Supplemental Data": "0", "Issuance of Debt": "3,445", "Free Cash Flow": "-3,377"}}}}, {"AOLS": {"quote": {"05/12/2021": {"value": "0.0055", "Market Cap": "143,768", "Beta (5Y Monthly)": "2.33", "PE Ratio (TTM)": "N/A", "EPS (TTM)": "-0.0300", "Earnings Date": "Aug 14, 2017 - Aug 18, 2017", "Forward Dividend & Yield": "N/A (N/A)", "Ex-Dividend Date": "N/A", "1y Target Est": "1.25"}}, "fin": {}, "bs": {}, "cf": {}}}, {"PTX": {"fin": {}, "bs": {}, "cf": {}}}, {"SGYP": {"fin": {}, "bs": {}, "cf": {}}}]