[{"ATHN": {"quote": {"04/25/2021": {"value": "", "Net Assets": "N/A", "Beta (5Y Monthly)": "N/A", "Yield": "N/A", "5y Average Return": "N/A", "Holdings Turnover": "N/A", "Last Dividend": "N/A", "Average for Category": "N/A", "Inception Date": "N/A"}}, "fin": {}, "bs": {}, "cf": {}}}, {"ADAT": {"quote": {"04/25/2021": {"value": "", "Net Assets": "N/A", "Beta (5Y Monthly)": "N/A", "Yield": "N/A", "5y Average Return": "N/A", "Holdings Turnover": "N/A", "Last Dividend": "N/A", "Average for Category": "N/A", "Inception Date": "N/A"}}, "fin": {}, "bs": {}, "cf": {}}}, {"MTBC": {"quote": {"04/25/2021": {"value": "8.05", "Market Cap": "113.478M", "Beta (5Y Monthly)": "0.99", "PE Ratio (TTM)": "N/A", "EPS (TTM)": "-1.79", "Earnings Date": "Feb 25, 2021", "Forward Dividend & Yield": "N/A (N/A)", "Ex-Dividend Date": "N/A", "1y Target Est": "17.07"}}, "fin": {"TTM": {"Duration": "TTM", "Total Revenue": "105,122", "Cost of Revenue": "64,821", "Gross Profit": "40,301", "Operating Expense": "48,609", "Operating Income": "-8,308", "Net Non Operating Interest Income Expense": "-446", "Other Income Expense": "44", "Pretax Income": "-8,710", "Tax Provision": "103", "Net Income Common Stockholders": "-22,690", "Diluted NI Available to Com Stockholders": "-22,690", "Basic EPS": "-", "Diluted EPS": "-", "Basic Average Shares": "-", "Diluted Average Shares": "-", "Total Operating Income as Reported": "-8,271", "Total Expenses": "113,430", "Net Income from Continuing & Discontinued Operation": "-8,813", "Normalized Income": "-8,850", "Interest Income": "42", "Interest Expense": "488", "Net Interest Income": "-446", "EBIT": "-8,222", "EBITDA": "1,912", "Reconciled Cost of Revenue": "64,592", "Reconciled Depreciation": "10,134", "Net Income from Continuing Operation Net Minority Interest": "-8,813", "Total Unusual Items Excluding Goodwill": "51", "Total Unusual Items": "51", "Normalized EBITDA": "1,861", "Tax Rate for Calcs": "0", "Tax Effect of Unusual Items": "13.77"}, "12/31/2020": {"Duration": "12/31/2020", "Total Revenue": "105,122", "Cost of Revenue": "64,821", "Gross Profit": "40,301", "Operating Expense": "48,609", "Operating Income": "-8,308", "Net Non Operating Interest Income Expense": "-446", "Other Income Expense": "44", "Pretax Income": "-8,710", "Tax Provision": "103", "Net Income Common Stockholders": "-22,690", "Diluted NI Available to Com Stockholders": "-22,690", "Basic EPS": "-", "Diluted EPS": "-", "Basic Average Shares": "-", "Diluted Average Shares": "-", "Total Operating Income as Reported": "-8,271", "Total Expenses": "113,430", "Net Income from Continuing & Discontinued Operation": "-8,813", "Normalized Income": "-8,850", "Interest Income": "42", "Interest Expense": "488", "Net Interest Income": "-446", "EBIT": "-8,222", "EBITDA": "-", "Reconciled Cost of Revenue": "64,592", "Reconciled Depreciation": "10,134", "Net Income from Continuing Operation Net Minority Interest": "-8,813", "Total Unusual Items Excluding Goodwill": "51", "Total Unusual Items": "51", "Normalized EBITDA": "1,861", "Tax Rate for Calcs": "0", "Tax Effect of Unusual Items": "13.77"}, "12/31/2019": {"Duration": "12/31/2019", "Total Revenue": "64,439", "Cost of Revenue": "41,186", "Gross Profit": "23,253", "Operating Expense": "23,310", "Operating Income": "-57.428", "Net Non Operating Interest Income Expense": "-120.672", "Other Income Expense": "-500.92", "Pretax Income": "-679.02", "Tax Provision": "192.78", "Net Income Common Stockholders": "-7,258", "Diluted NI Available to Com Stockholders": "-7,258", "Basic EPS": "-0.60", "Diluted EPS": "-0.60", "Basic Average Shares": "12,088", "Diluted Average Shares": "12,088", "Total Operating Income as Reported": "67.327", "Total Expenses": "64,496", "Net Income from Continuing & Discontinued Operation": "-871.8", "Normalized Income": "-359.0728", "Interest Income": "262.001", "Interest Expense": "382.673", "Net Interest Income": "-120.672", "EBIT": "-296.347", "EBITDA": "-", "Reconciled Cost of Revenue": "41,121", "Reconciled Depreciation": "3,070", "Net Income from Continuing Operation Net Minority Interest": "-871.8", "Total Unusual Items Excluding Goodwill": "-702.366", "Total Unusual Items": "-702.366", "Normalized EBITDA": "3,477", "Tax Rate for Calcs": "0", "Tax Effect of Unusual Items": "-189.6388"}, "12/31/2018": {"Duration": "12/31/2018", "Total Revenue": "50,546", "Cost of Revenue": "31,253", "Gross Profit": "19,293", "Operating Expense": "21,760", "Operating Income": "-2,467", "Net Non Operating Interest Income Expense": "-250.38", "Other Income Expense": "421.061", "Pretax Income": "-2,296", "Tax Provision": "-157.385", "Net Income Common Stockholders": "-6,962", "Diluted NI Available to Com Stockholders": "-6,962", "Basic EPS": "-0.59", "Diluted EPS": "-0.59", "Basic Average Shares": "11,721", "Diluted Average Shares": "11,721", "Total Operating Income as Reported": "-2,540", "Total Expenses": "53,012", "Net Income from Continuing & Discontinued Operation": "-2,138", "Normalized Income": "-2,475", "Interest Income": "100.788", "Interest Expense": "351.168", "Net Interest Income": "-250.38", "EBIT": "-1,945", "EBITDA": "-", "Reconciled Cost of Revenue": "31,192", "Reconciled Depreciation": "2,914", "Net Income from Continuing Operation Net Minority Interest": "-2,138", "Total Unusual Items Excluding Goodwill": "361.535", "Total Unusual Items": "361.535", "Normalized EBITDA": "607.634", "Tax Rate for Calcs": "0", "Tax Effect of Unusual Items": "24.7838"}}, "bs": {"12/31/2020": {"Duration": "12/31/2020", "Total Assets": "137,999", "Total Liabilities Net Minority Interest": "36,754", "Total Equity Gross Minority Interest": "101,245", "Total Capitalization": "101,286", "Preferred Stock Equity": "5", "Common Stock Equity": "101,240", "Capital Lease Obligations": "11,026", "Net Tangible Assets": "21,976", "Working Capital": "15,795", "Invested Capital": "101,682", "Tangible Book Value": "21,971", "Total Debt": "11,468", "Share Issued": "14,121", "Ordinary Shares Number": "13,380", "Preferred Shares Number": "5,475", "Treasury Shares Number": "740.799"}, "12/31/2019": {"Duration": "12/31/2019", "Total Assets": "56,403", "Total Liabilities Net Minority Interest": "13,565", "Total Equity Gross Minority Interest": "42,838", "Total Capitalization": "42,922", "Preferred Stock Equity": "2.539", "Common Stock Equity": "42,836", "Capital Lease Obligations": "3,730", "Net Tangible Assets": "24,227", "Working Capital": "19,824", "Invested Capital": "43,203", "Tangible Book Value": "24,225", "Total Debt": "4,096", "Share Issued": "12,978", "Ordinary Shares Number": "12,238", "Preferred Shares Number": "2,539", "Treasury Shares Number": "740.799"}, "12/31/2018": {"Duration": "12/31/2018", "Total Assets": "47,623", "Total Liabilities Net Minority Interest": "8,753", "Total Equity Gross Minority Interest": "38,870", "Total Capitalization": "39,093", "Preferred Stock Equity": "2.136", "Common Stock Equity": "38,868", "Capital Lease Obligations": "-", "Net Tangible Assets": "19,643", "Working Capital": "17,916", "Invested Capital": "39,368", "Tangible Book Value": "19,640", "Total Debt": "500.176", "Share Issued": "12,571", "Ordinary Shares Number": "11,830", "Preferred Shares Number": "2,136", "Treasury Shares Number": "740.799"}}, "cf": {"TTM": {"Duration": "TTM", "Operating Cash Flow": "-892", "Investing Cash Flow": "-31,469", "Financing Cash Flow": "33,422", "End Cash Position": "20,925", "Income Tax Paid Supplemental Data": "85", "Interest Paid Supplemental Data": "165", "Capital Expenditure": "-7,752", "Issuance of Capital Stock": "44,543", "Issuance of Debt": "19,500", "Repayment of Debt": "-20,166", "Repurchase of Capital Stock": "-", "Free Cash Flow": "-8,644"}, "12/31/2020": {"Duration": "12/31/2020", "Operating Cash Flow": "-892", "Investing Cash Flow": "-31,469", "Financing Cash Flow": "33,422", "End Cash Position": "20,925", "Income Tax Paid Supplemental Data": "85", "Interest Paid Supplemental Data": "165", "Capital Expenditure": "-7,752", "Issuance of Capital Stock": "44,543", "Issuance of Debt": "19,500", "Repayment of Debt": "-20,166", "Repurchase of Capital Stock": "-", "Free Cash Flow": "-8,644"}, "12/31/2019": {"Duration": "12/31/2019", "Operating Cash Flow": "7,618", "Investing Cash Flow": "-4,158", "Financing Cash Flow": "1,422", "End Cash Position": "19,994", "Income Tax Paid Supplemental Data": "119.265", "Interest Paid Supplemental Data": "67.273", "Capital Expenditure": "-2,558", "Issuance of Capital Stock": "9,586", "Issuance of Debt": "0", "Repayment of Debt": "-430.444", "Repurchase of Capital Stock": "-", "Free Cash Flow": "5,060"}, "12/31/2018": {"Duration": "12/31/2018", "Operating Cash Flow": "6,812", "Investing Cash Flow": "-13,628", "Financing Cash Flow": "17,657", "End Cash Position": "14,472", "Income Tax Paid Supplemental Data": "42.057", "Interest Paid Supplemental Data": "64.669", "Capital Expenditure": "-1,028", "Issuance of Capital Stock": "22,818", "Issuance of Debt": "11,277", "Repayment of Debt": "-11,741", "Repurchase of Capital Stock": "-", "Free Cash Flow": "5,784"}}}}, {"CERN": {"quote": {"04/25/2021": {"value": "75.56", "Market Cap": "22.938B", "Beta (5Y Monthly)": "0.72", "PE Ratio (TTM)": "29.98", "EPS (TTM)": "2.52", "Earnings Date": "May 05, 2021", "Forward Dividend & Yield": "0.88 (1.16%)", "Ex-Dividend Date": "Apr 05, 2021", "1y Target Est": "81.65"}}, "fin": {"TTM": {"Duration": "TTM", "Total Revenue": "5,505,788", "Cost of Revenue": "932,941", "Gross Profit": "4,572,847", "Operating Expense": "3,878,803", "Operating Income": "694,044", "Net Non Operating Interest Income Expense": "-179", "Other Income Expense": "297,608", "Pretax Income": "991,473", "Tax Provision": "211,385", "Net Income Common Stockholders": "780,088", "Diluted NI Available to Com Stockholders": "780,088", "Basic EPS": "-", "Diluted EPS": "-", "Basic Average Shares": "-", "Diluted Average Shares": "-", "Total Operating Income as Reported": "914,567", "Total Expenses": "4,811,744", "Net Income from Continuing & Discontinued Operation": "780,088", "Normalized Income": "545,966", "Interest Income": "28,901", "Interest Expense": "29,080", "Net Interest Income": "-179", "EBIT": "1,020,553", "EBITDA": "1,717,976", "Reconciled Cost of Revenue": "291,113", "Reconciled Depreciation": "697,423", "Net Income from Continuing Operation Net Minority Interest": "780,088", "Total Unusual Items Excluding Goodwill": "296,357", "Total Unusual Items": "296,357", "Normalized EBITDA": "1,421,619", "Tax Rate for Calcs": "0", "Tax Effect of Unusual Items": "62,235"}, "12/31/2020": {"Duration": "12/31/2020", "Total Revenue": "5,505,788", "Cost of Revenue": "932,941", "Gross Profit": "4,572,847", "Operating Expense": "3,878,803", "Operating Income": "694,044", "Net Non Operating Interest Income Expense": "-179", "Other Income Expense": "297,608", "Pretax Income": "991,473", "Tax Provision": "211,385", "Net Income Common Stockholders": "780,088", "Diluted NI Available to Com Stockholders": "780,088", "Basic EPS": "-", "Diluted EPS": "-", "Basic Average Shares": "-", "Diluted Average Shares": "-", "Total Operating Income as Reported": "914,567", "Total Expenses": "4,811,744", "Net Income from Continuing & Discontinued Operation": "780,088", "Normalized Income": "545,966", "Interest Income": "28,901", "Interest Expense": "29,080", "Net Interest Income": "-179", "EBIT": "1,020,553", "EBITDA": "-", "Reconciled Cost of Revenue": "291,113", "Reconciled Depreciation": "697,423", "Net Income from Continuing Operation Net Minority Interest": "780,088", "Total Unusual Items Excluding Goodwill": "296,357", "Total Unusual Items": "296,357", "Normalized EBITDA": "1,421,619", "Tax Rate for Calcs": "0", "Tax Effect of Unusual Items": "62,235"}, "12/31/2019": {"Duration": "12/31/2019", "Total Revenue": "5,692,598", "Cost of Revenue": "1,071,041", "Gross Profit": "4,621,557", "Operating Expense": "4,020,888", "Operating Income": "600,669", "Net Non Operating Interest Income Expense": "23,758", "Other Income Expense": "30,085", "Pretax Income": "654,512", "Tax Provision": "125,058", "Net Income Common Stockholders": "529,454", "Diluted NI Available to Com Stockholders": "529,454", "Basic EPS": "1.66", "Diluted EPS": "1.65", "Basic Average Shares": "318,229", "Diluted Average Shares": "321,235", "Total Operating Income as Reported": "600,669", "Total Expenses": "5,091,929", "Net Income from Continuing & Discontinued Operation": "529,454", "Normalized Income": "505,461", "Interest Income": "38,227", "Interest Expense": "14,469", "Net Interest Income": "23,758", "EBIT": "668,981", "EBITDA": "-", "Reconciled Cost of Revenue": "470,892", "Reconciled Depreciation": "687,966", "Net Income from Continuing Operation Net Minority Interest": "529,454", "Total Unusual Items Excluding Goodwill": "29,621", "Total Unusual Items": "29,621", "Normalized EBITDA": "1,327,326", "Tax Rate for Calcs": "0", "Tax Effect of Unusual Items": "5,628"}, "12/31/2018": {"Duration": "12/31/2018", "Total Revenue": "5,366,325", "Cost of Revenue": "937,348", "Gross Profit": "4,428,977", "Operating Expense": "3,654,192", "Operating Income": "774,785", "Net Non Operating Interest Income Expense": "26,224", "Other Income Expense": "-158", "Pretax Income": "800,851", "Tax Provision": "170,792", "Net Income Common Stockholders": "630,059", "Diluted NI Available to Com Stockholders": "630,059", "Basic EPS": "1.91", "Diluted EPS": "1.89", "Basic Average Shares": "330,084", "Diluted Average Shares": "333,572", "Total Operating Income as Reported": "774,785", "Total Expenses": "4,591,540", "Net Income from Continuing & Discontinued Operation": "630,059", "Normalized Income": "630,059", "Interest Income": "34,211", "Interest Expense": "7,987", "Net Interest Income": "26,224", "EBIT": "808,838", "EBITDA": "-", "Reconciled Cost of Revenue": "382,121", "Reconciled Depreciation": "642,591", "Net Income from Continuing Operation Net Minority Interest": "630,059", "Total Unusual Items Excluding Goodwill": "-", "Total Unusual Items": "-", "Normalized EBITDA": "1,451,429", "Tax Rate for Calcs": "0", "Tax Effect of Unusual Items": "0"}}, "bs": {"12/31/2020": {"Duration": "12/31/2020", "Total Assets": "7,521,096", "Total Liabilities Net Minority Interest": "3,038,529", "Total Equity Gross Minority Interest": "4,482,567", "Total Capitalization": "5,818,636", "Common Stock Equity": "4,482,567", "Capital Lease Obligations": "-", "Net Tangible Assets": "2,229,449", "Working Capital": "1,482,361", "Invested Capital": "5,818,636", "Tangible Book Value": "2,229,449", "Total Debt": "1,336,069", "Net Debt": "720,454", "Share Issued": "373,225", "Ordinary Shares Number": "305,853", "Treasury Shares Number": "67,372"}, "12/31/2019": {"Duration": "12/31/2019", "Total Assets": "6,894,622", "Total Liabilities Net Minority Interest": "2,577,294", "Total Equity Gross Minority Interest": "4,317,328", "Total Capitalization": "5,355,710", "Common Stock Equity": "4,317,328", "Capital Lease Obligations": "0", "Net Tangible Assets": "2,129,872", "Working Capital": "1,069,176", "Invested Capital": "5,355,710", "Tangible Book Value": "2,129,872", "Total Debt": "1,038,382", "Net Debt": "596,539", "Share Issued": "367,635", "Ordinary Shares Number": "310,911", "Treasury Shares Number": "56,724"}, "12/31/2018": {"Duration": "12/31/2018", "Total Assets": "6,708,636", "Total Liabilities Net Minority Interest": "1,780,247", "Total Equity Gross Minority Interest": "4,928,389", "Total Capitalization": "5,367,191", "Common Stock Equity": "4,928,389", "Capital Lease Obligations": "-", "Net Tangible Assets": "2,781,028", "Working Capital": "1,356,114", "Invested Capital": "5,372,105", "Tangible Book Value": "2,781,028", "Total Debt": "443,716", "Net Debt": "69,590", "Share Issued": "362,213", "Ordinary Shares Number": "324,308", "Treasury Shares Number": "37,905"}}, "cf": {"TTM": {"Duration": "TTM", "Operating Cash Flow": "1,436,705", "Investing Cash Flow": "-801,237", "Financing Cash Flow": "-461,497", "End Cash Position": "615,615", "Interest Paid Supplemental Data": "-", "Capital Expenditure": "-617,501", "Issuance of Debt": "300,000", "Repayment of Debt": "-2,500", "Repurchase of Capital Stock": "-756,950", "Free Cash Flow": "819,204"}, "12/31/2020": {"Duration": "12/31/2020", "Operating Cash Flow": "1,436,705", "Investing Cash Flow": "-801,237", "Financing Cash Flow": "-461,497", "End Cash Position": "615,615", "Interest Paid Supplemental Data": "-", "Capital Expenditure": "-617,501", "Issuance of Debt": "300,000", "Repayment of Debt": "-2,500", "Repurchase of Capital Stock": "-756,950", "Free Cash Flow": "819,204"}, "12/31/2019": {"Duration": "12/31/2019", "Operating Cash Flow": "1,313,099", "Investing Cash Flow": "-640,408", "Financing Cash Flow": "-601,380", "End Cash Position": "441,843", "Interest Paid Supplemental Data": "-", "Capital Expenditure": "-780,976", "Issuance of Debt": "600,000", "Repayment of Debt": "-", "Repurchase of Capital Stock": "-1,320,542", "Free Cash Flow": "532,123"}, "12/31/2018": {"Duration": "12/31/2018", "Operating Cash Flow": "1,454,009", "Investing Cash Flow": "-828,937", "Financing Cash Flow": "-609,787", "End Cash Position": "374,126", "Interest Paid Supplemental Data": "15,707", "Capital Expenditure": "-757,440", "Issuance of Debt": "-", "Repayment of Debt": "-75,000", "Repurchase of Capital Stock": "-623,127", "Free Cash Flow": "696,569"}}}}, {"WBMD": {"quote": {"04/25/2021": {"value": "", "Net Assets": "N/A", "Beta (5Y Monthly)": "N/A", "Yield": "N/A", "5y Average Return": "N/A", "Holdings Turnover": "N/A", "Last Dividend": "N/A", "Average for Category": "N/A", "Inception Date": "N/A"}}, "fin": {}, "bs": {}, "cf": {}}}, {"CPSI": {"quote": {"04/25/2021": {"value": "30.26", "Market Cap": "439.708M", "Beta (5Y Monthly)": "0.76", "PE Ratio (TTM)": "30.88", "EPS (TTM)": "0.98", "Earnings Date": "May 03, 2021 - May 07, 2021", "Forward Dividend & Yield": "N/A (N/A)", "Ex-Dividend Date": "Aug 14, 2020", "1y Target Est": "34.67"}}, "fin": {"TTM": {"Duration": "TTM", "Total Revenue": "264,488", "Cost of Revenue": "128,242", "Gross Profit": "136,246", "Operating Expense": "115,192", "Operating Income": "21,054", "Net Non Operating Interest Income Expense": "-3,562", "Other Income Expense": "1,292", "Pretax Income": "18,784", "Tax Provision": "4,538", "Net Income Common Stockholders": "13,817", "Average Dilution Earnings": "-", "Diluted NI Available to Com Stockholders": "13,817", "Basic EPS": "-", "Diluted EPS": "-", "Basic Average Shares": "-", "Diluted Average Shares": "-", "Total Operating Income as Reported": "21,054", "Total Expenses": "243,434", "Net Income from Continuing & Discontinued Operation": "14,246", "Normalized Income": "14,400", "Interest Expense": "3,562", "Net Interest Income": "-3,562", "EBIT": "22,346", "EBITDA": "35,675", "Reconciled Cost of Revenue": "126,334", "Reconciled Depreciation": "13,329", "Net Income from Continuing Operation Net Minority Interest": "14,246", "Total Unusual Items Excluding Goodwill": "-202", "Total Unusual Items": "-202", "Normalized EBITDA": "35,877", "Tax Rate for Calcs": "0", "Tax Effect of Unusual Items": "-48.48"}, "12/31/2020": {"Duration": "12/31/2020", "Total Revenue": "264,488", "Cost of Revenue": "128,242", "Gross Profit": "136,246", "Operating Expense": "115,192", "Operating Income": "21,054", "Net Non Operating Interest Income Expense": "-3,562", "Other Income Expense": "1,292", "Pretax Income": "18,784", "Tax Provision": "4,538", "Net Income Common Stockholders": "13,817", "Average Dilution Earnings": "-", "Diluted NI Available to Com Stockholders": "13,817", "Basic EPS": "-", "Diluted EPS": "-", "Basic Average Shares": "-", "Diluted Average Shares": "-", "Total Operating Income as Reported": "21,054", "Total Expenses": "243,434", "Net Income from Continuing & Discontinued Operation": "14,246", "Normalized Income": "14,400", "Interest Expense": "3,562", "Net Interest Income": "-3,562", "EBIT": "22,346", "EBITDA": "-", "Reconciled Cost of Revenue": "126,334", "Reconciled Depreciation": "13,329", "Net Income from Continuing Operation Net Minority Interest": "14,246", "Total Unusual Items Excluding Goodwill": "-202", "Total Unusual Items": "-202", "Normalized EBITDA": "35,877", "Tax Rate for Calcs": "0", "Tax Effect of Unusual Items": "-48.48"}, "12/31/2019": {"Duration": "12/31/2019", "Total Revenue": "274,634", "Cost of Revenue": "130,489", "Gross Profit": "144,145", "Operating Expense": "119,562", "Operating Income": "24,583", "Net Non Operating Interest Income Expense": "-6,694", "Other Income Expense": "5,807", "Pretax Income": "23,696", "Tax Provision": "3,228", "Net Income Common Stockholders": "19,704", "Average Dilution Earnings": "-", "Diluted NI Available to Com Stockholders": "19,704", "Basic EPS": "1.43", "Diluted EPS": "1.43", "Basic Average Shares": "13,778", "Diluted Average Shares": "13,778", "Total Operating Income as Reported": "24,583", "Total Expenses": "250,051", "Net Income from Continuing & Discontinued Operation": "20,468", "Normalized Income": "16,168", "Interest Expense": "6,694", "Net Interest Income": "-6,694", "EBIT": "30,390", "EBITDA": "-", "Reconciled Cost of Revenue": "129,082", "Reconciled Depreciation": "12,413", "Net Income from Continuing Operation Net Minority Interest": "20,468", "Total Unusual Items Excluding Goodwill": "5,000", "Total Unusual Items": "5,000", "Normalized EBITDA": "37,803", "Tax Rate for Calcs": "0", "Tax Effect of Unusual Items": "700"}, "12/31/2018": {"Duration": "12/31/2018", "Total Revenue": "280,411", "Cost of Revenue": "130,683", "Gross Profit": "149,728", "Operating Expense": "124,846", "Operating Income": "24,882", "Net Non Operating Interest Income Expense": "-7,577", "Other Income Expense": "803", "Pretax Income": "18,108", "Tax Provision": "476", "Net Income Common Stockholders": "17,037", "Average Dilution Earnings": "0", "Diluted NI Available to Com Stockholders": "17,037", "Basic EPS": "1.26", "Diluted EPS": "1.26", "Basic Average Shares": "13,561", "Diluted Average Shares": "13,568", "Total Operating Income as Reported": "24,882", "Total Expenses": "255,529", "Net Income from Continuing & Discontinued Operation": "17,632", "Normalized Income": "17,632", "Interest Expense": "7,577", "Net Interest Income": "-7,577", "EBIT": "25,685", "EBITDA": "-", "Reconciled Cost of Revenue": "128,888", "Reconciled Depreciation": "12,282", "Net Income from Continuing Operation Net Minority Interest": "17,632", "Total Unusual Items Excluding Goodwill": "0", "Total Unusual Items": "0", "Normalized EBITDA": "37,967", "Tax Rate for Calcs": "0", "Tax Effect of Unusual Items": "0"}}, "bs": {"12/31/2020": {"Duration": "12/31/2020", "Total Assets": "326,272", "Total Liabilities Net Minority Interest": "126,272", "Total Equity Gross Minority Interest": "200,000", "Total Capitalization": "273,360", "Common Stock Equity": "200,000", "Capital Lease Obligations": "6,610", "Net Tangible Assets": "-25,115", "Working Capital": "29,702", "Invested Capital": "276,817", "Tangible Book Value": "-25,115", "Total Debt": "83,427", "Net Debt": "64,146", "Share Issued": "14,511", "Ordinary Shares Number": "14,464", "Treasury Shares Number": "47"}, "12/31/2019": {"Duration": "12/31/2019", "Total Assets": "339,589", "Total Liabilities Net Minority Interest": "155,242", "Total Equity Gross Minority Interest": "184,347", "Total Capitalization": "283,780", "Common Stock Equity": "184,347", "Capital Lease Obligations": "7,800", "Net Tangible Assets": "-48,979", "Working Capital": "24,902", "Invested Capital": "292,210", "Tangible Book Value": "-48,979", "Total Debt": "115,663", "Net Debt": "100,506", "Share Issued": "14,356", "Ordinary Shares Number": "14,356", "Treasury Shares Number": "-"}, "12/31/2018": {"Duration": "12/31/2018", "Total Assets": "327,746", "Total Liabilities Net Minority Interest": "167,963", "Total Equity Gross Minority Interest": "159,783", "Total Capitalization": "284,366", "Common Stock Equity": "159,783", "Capital Lease Obligations": "-", "Net Tangible Assets": "-66,892", "Working Capital": "31,435", "Invested Capital": "290,852", "Tangible Book Value": "-66,892", "Total Debt": "131,069", "Net Debt": "125,337", "Share Issued": "14,083", "Ordinary Shares Number": "14,083", "Treasury Shares Number": "-"}}, "cf": {"TTM": {"Duration": "TTM", "Operating Cash Flow": "49,142", "Investing Cash Flow": "-6,664", "Financing Cash Flow": "-37,164", "End Cash Position": "12,671", "Income Tax Paid Supplemental Data": "2,235", "Interest Paid Supplemental Data": "3,245", "Capital Expenditure": "-6,664", "Issuance of Debt": "64", "Repayment of Debt": "-31,630", "Repurchase of Capital Stock": "-1,261", "Free Cash Flow": "42,478"}, "12/31/2020": {"Duration": "12/31/2020", "Operating Cash Flow": "49,142", "Investing Cash Flow": "-6,664", "Financing Cash Flow": "-37,164", "End Cash Position": "12,671", "Income Tax Paid Supplemental Data": "2,235", "Interest Paid Supplemental Data": "3,245", "Capital Expenditure": "-6,664", "Issuance of Debt": "64", "Repayment of Debt": "-31,630", "Repurchase of Capital Stock": "-1,261", "Free Cash Flow": "42,478"}, "12/31/2019": {"Duration": "12/31/2019", "Operating Cash Flow": "43,601", "Investing Cash Flow": "-12,493", "Financing Cash Flow": "-29,484", "End Cash Position": "7,356", "Income Tax Paid Supplemental Data": "3,193", "Interest Paid Supplemental Data": "6,342", "Capital Expenditure": "-1,760", "Issuance of Debt": "11,000", "Repayment of Debt": "-34,552", "Repurchase of Capital Stock": "-", "Free Cash Flow": "41,841"}, "12/31/2018": {"Duration": "12/31/2018", "Operating Cash Flow": "23,929", "Investing Cash Flow": "-978", "Financing Cash Flow": "-17,739", "End Cash Position": "5,732", "Income Tax Paid Supplemental Data": "3,771", "Interest Paid Supplemental Data": "7,138", "Capital Expenditure": "-978", "Issuance of Debt": "7,300", "Repayment of Debt": "-19,010", "Repurchase of Capital Stock": "-", "Free Cash Flow": "22,951"}}}}, {"DIGP": {"quote": {"04/25/2021": {"value": "0.0435", "Market Cap": "2.559M", "Beta (5Y Monthly)": "0.85", "PE Ratio (TTM)": "N/A", "EPS (TTM)": "-0.0440", "Earnings Date": "May 18, 2020", "Forward Dividend & Yield": "N/A (N/A)", "Ex-Dividend Date": "N/A", "1y Target Est": "N/A"}}, "fin": {"TTM": {"Duration": "TTM", "Total Revenue": "2,266", "Cost of Revenue": "1,794", "Gross Profit": "471.886", "Operating Expense": "2,034", "Operating Income": "-1,562", "Net Non Operating Interest Income Expense": "-160.836", "Other Income Expense": "-757.083", "Pretax Income": "-2,480", "Net Income Common Stockholders": "-2,480", "Diluted NI Available to Com Stockholders": "-2,480", "Basic EPS": "-", "Diluted EPS": "-", "Basic Average Shares": "-", "Diluted Average Shares": "-", "Total Operating Income as Reported": "-2,329", "Total Expenses": "3,828", "Net Income from Continuing & Discontinued Operation": "-2,480", "Normalized Income": "-1,664", "Interest Income": "-", "Interest Expense": "160.836", "Net Interest Income": "-160.836", "EBIT": "-2,319", "EBITDA": "-1,983", "Reconciled Cost of Revenue": "1,794", "Reconciled Depreciation": "335.782", "Net Income from Continuing Operation Net Minority Interest": "-2,480", "Total Unusual Items Excluding Goodwill": "-815.368", "Total Unusual Items": "-815.368", "Normalized EBITDA": "-1,168", "Tax Rate for Calcs": "0", "Tax Effect of Unusual Items": "0"}, "9/30/2020": {"Duration": "9/30/2020", "Total Revenue": "2,574", "Cost of Revenue": "1,779", "Gross Profit": "795.835", "Operating Expense": "2,266", "Operating Income": "-1,470", "Net Non Operating Interest Income Expense": "-148.024", "Other Income Expense": "-691.163", "Pretax Income": "-2,309", "Net Income Common Stockholders": "-2,309", "Diluted NI Available to Com Stockholders": "-2,309", "Basic EPS": "-0.04", "Diluted EPS": "-0.04", "Basic Average Shares": "53,456", "Diluted Average Shares": "53,456", "Total Operating Income as Reported": "-2,192", "Total Expenses": "4,045", "Net Income from Continuing & Discontinued Operation": "-2,309", "Normalized Income": "-1,539", "Interest Income": "-", "Interest Expense": "148.024", "Net Interest Income": "-148.024", "EBIT": "-2,161", "EBITDA": "-", "Reconciled Cost of Revenue": "1,779", "Reconciled Depreciation": "323.391", "Net Income from Continuing Operation Net Minority Interest": "-2,309", "Total Unusual Items Excluding Goodwill": "-770.448", "Total Unusual Items": "-770.448", "Normalized EBITDA": "-1,068", "Tax Rate for Calcs": "0", "Tax Effect of Unusual Items": "0"}, "9/30/2019": {"Duration": "9/30/2019", "Total Revenue": "2,553", "Cost of Revenue": "1,713", "Gross Profit": "839.812", "Operating Expense": "2,552", "Operating Income": "-1,712", "Net Non Operating Interest Income Expense": "-65.67", "Other Income Expense": "-27.164", "Pretax Income": "-1,805", "Net Income Common Stockholders": "-1,805", "Diluted NI Available to Com Stockholders": "-1,805", "Basic EPS": "-0.04", "Diluted EPS": "-0.04", "Basic Average Shares": "46,179", "Diluted Average Shares": "46,179", "Total Operating Income as Reported": "-1,843", "Total Expenses": "4,265", "Net Income from Continuing & Discontinued Operation": "-1,805", "Normalized Income": "-1,665", "Interest Income": "-", "Interest Expense": "65.67", "Net Interest Income": "-65.67", "EBIT": "-1,740", "EBITDA": "-", "Reconciled Cost of Revenue": "1,713", "Reconciled Depreciation": "260.645", "Net Income from Continuing Operation Net Minority Interest": "-1,805", "Total Unusual Items Excluding Goodwill": "-140.564", "Total Unusual Items": "-140.564", "Normalized EBITDA": "-1,338", "Tax Rate for Calcs": "0", "Tax Effect of Unusual Items": "0"}, "9/30/2018": {"Duration": "9/30/2018", "Total Revenue": "2,840", "Cost of Revenue": "2,070", "Gross Profit": "770.079", "Operating Expense": "2,546", "Operating Income": "-1,776", "Net Non Operating Interest Income Expense": "-", "Other Income Expense": "122.392", "Pretax Income": "-1,654", "Net Income Common Stockholders": "-1,654", "Diluted NI Available to Com Stockholders": "-1,654", "Basic EPS": "-0.04", "Diluted EPS": "-0.04", "Basic Average Shares": "39,080", "Diluted Average Shares": "39,080", "Total Operating Income as Reported": "-1,759", "Total Expenses": "4,616", "Net Income from Continuing & Discontinued Operation": "-1,654", "Normalized Income": "-1,671", "Interest Income": "-", "Interest Expense": "-", "Net Interest Income": "-", "EBIT": "-1,776", "EBITDA": "-", "Reconciled Cost of Revenue": "2,070", "Reconciled Depreciation": "277.294", "Net Income from Continuing Operation Net Minority Interest": "-1,654", "Total Unusual Items Excluding Goodwill": "17.28", "Total Unusual Items": "17.28", "Normalized EBITDA": "-1,516", "Tax Rate for Calcs": "0", "Tax Effect of Unusual Items": "0"}}, "bs": {"9/30/2020": {"Duration": "9/30/2020", "Total Assets": "1,788", "Total Liabilities Net Minority Interest": "2,878", "Total Equity Gross Minority Interest": "-1,089", "Total Capitalization": "571.432", "Preferred Stock Equity": "1.326", "Common Stock Equity": "-1,090", "Capital Lease Obligations": "561.394", "Net Tangible Assets": "-1,089", "Working Capital": "-375.548", "Invested Capital": "674.535", "Tangible Book Value": "-1,090", "Total Debt": "2,326", "Net Debt": "1,682", "Share Issued": "58,271", "Ordinary Shares Number": "58,271"}, "9/30/2019": {"Duration": "9/30/2019", "Total Assets": "1,356", "Total Liabilities Net Minority Interest": "930.067", "Total Equity Gross Minority Interest": "425.866", "Total Capitalization": "884.44", "Preferred Stock Equity": "1.326", "Common Stock Equity": "424.54", "Capital Lease Obligations": "-", "Net Tangible Assets": "425.866", "Working Capital": "157.826", "Invested Capital": "1,083", "Tangible Book Value": "424.54", "Total Debt": "658.574", "Net Debt": "334.835", "Share Issued": "48,361", "Ordinary Shares Number": "48,361"}, "9/30/2018": {"Duration": "9/30/2018", "Total Assets": "1,399", "Total Liabilities Net Minority Interest": "384.627", "Total Equity Gross Minority Interest": "1,015", "Total Capitalization": "1,015", "Preferred Stock Equity": "1.426", "Common Stock Equity": "1,013", "Capital Lease Obligations": "-", "Net Tangible Assets": "1,015", "Working Capital": "57.471", "Invested Capital": "1,013", "Tangible Book Value": "1,013", "Total Debt": "-", "Net Debt": "-", "Share Issued": "42,245", "Ordinary Shares Number": "42,245"}}, "cf": {"TTM": {"Duration": "TTM", "Operating Cash Flow": "-571.375", "Investing Cash Flow": "-250.693", "Financing Cash Flow": "832.481", "End Cash Position": "79.07", "Income Tax Paid Supplemental Data": "0", "Interest Paid Supplemental Data": "64.96", "Capital Expenditure": "-179.523", "Issuance of Capital Stock": "56.5", "Issuance of Debt": "775", "Repayment of Debt": "-79.415", "Free Cash Flow": "-622.211"}, "9/30/2020": {"Duration": "9/30/2020", "Operating Cash Flow": "-671.605", "Investing Cash Flow": "-341.008", "Financing Cash Flow": "771.623", "End Cash Position": "82.749", "Income Tax Paid Supplemental Data": "0", "Interest Paid Supplemental Data": "57.906", "Capital Expenditure": "-141.151", "Issuance of Capital Stock": "56.5", "Issuance of Debt": "770.034", "Repayment of Debt": "-85.023", "Free Cash Flow": "-812.756"}, "9/30/2019": {"Duration": "9/30/2019", "Operating Cash Flow": "-1,042", "Investing Cash Flow": "-135.075", "Financing Cash Flow": "1,325", "End Cash Position": "323.739", "Income Tax Paid Supplemental Data": "0", "Interest Paid Supplemental Data": "4.066", "Capital Expenditure": "-45.107", "Issuance of Capital Stock": "625", "Issuance of Debt": "700", "Repayment of Debt": "-", "Free Cash Flow": "-1,087"}, "9/30/2018": {"Duration": "9/30/2018", "Operating Cash Flow": "-163.405", "Investing Cash Flow": "-207.353", "Financing Cash Flow": "368.608", "End Cash Position": "176.027", "Income Tax Paid Supplemental Data": "0", "Interest Paid Supplemental Data": "0", "Capital Expenditure": "-207.353", "Issuance of Capital Stock": "368.608", "Issuance of Debt": "-", "Repayment of Debt": "-", "Free Cash Flow": "-370.758"}}}}, {"EVH": {"quote": {"04/25/2021": {"value": "20.33", "Market Cap": "1.74B", "Beta (5Y Monthly)": "2.39", "PE Ratio (TTM)": "N/A", "EPS (TTM)": "-3.94", "Earnings Date": "May 05, 2021", "Forward Dividend & Yield": "N/A (N/A)", "Ex-Dividend Date": "N/A", "1y Target Est": "23.86"}}, "fin": {"TTM": {"Duration": "TTM", "Total Revenue": "1,022,433", "Cost of Revenue": "701,373", "Gross Profit": "321,060", "Operating Expense": "372,026", "Operating Income": "-50,966", "Net Non Operating Interest Income Expense": "-25,173", "Other Income Expense": "-261,660", "Pretax Income": "-337,799", "Tax Provision": "-3,553", "Net Income Common Stockholders": "-334,246", "Average Dilution Earnings": "-", "Diluted NI Available to Com Stockholders": "-334,246", "Basic EPS": "-", "Diluted EPS": "-", "Basic Average Shares": "-", "Diluted Average Shares": "-", "Total Operating Income as Reported": "-270,624", "Total Expenses": "1,073,399", "Net Income from Continuing & Discontinued Operation": "-334,246", "Normalized Income": "-65,382", "Interest Income": "3,164", "Interest Expense": "28,337", "Net Interest Income": "-25,173", "EBIT": "-309,462", "EBITDA": "-247,987", "Reconciled Cost of Revenue": "701,373", "Reconciled Depreciation": "61,475", "Net Income from Continuing Operation Net Minority Interest": "-334,246", "Total Unusual Items Excluding Goodwill": "-271,580", "Total Unusual Items": "-271,580", "Normalized EBITDA": "23,593", "Tax Rate for Calcs": "0", "Tax Effect of Unusual Items": "-2,716"}, "12/31/2020": {"Duration": "12/31/2020", "Total Revenue": "1,022,433", "Cost of Revenue": "701,373", "Gross Profit": "321,060", "Operating Expense": "372,026", "Operating Income": "-50,966", "Net Non Operating Interest Income Expense": "-25,173", "Other Income Expense": "-261,660", "Pretax Income": "-337,799", "Tax Provision": "-3,553", "Net Income Common Stockholders": "-334,246", "Average Dilution Earnings": "-", "Diluted NI Available to Com Stockholders": "-334,246", "Basic EPS": "-", "Diluted EPS": "-", "Basic Average Shares": "-", "Diluted Average Shares": "-", "Total Operating Income as Reported": "-270,624", "Total Expenses": "1,073,399", "Net Income from Continuing & Discontinued Operation": "-334,246", "Normalized Income": "-65,382", "Interest Income": "3,164", "Interest Expense": "28,337", "Net Interest Income": "-25,173", "EBIT": "-309,462", "EBITDA": "-", "Reconciled Cost of Revenue": "701,373", "Reconciled Depreciation": "61,475", "Net Income from Continuing Operation Net Minority Interest": "-334,246", "Total Unusual Items Excluding Goodwill": "-271,580", "Total Unusual Items": "-271,580", "Normalized EBITDA": "23,593", "Tax Rate for Calcs": "0", "Tax Effect of Unusual Items": "-2,716"}, "12/31/2019": {"Duration": "12/31/2019", "Total Revenue": "846,383", "Cost of Revenue": "513,059", "Gross Profit": "333,324", "Operating Expense": "453,733", "Operating Income": "-120,409", "Net Non Operating Interest Income Expense": "-10,547", "Other Income Expense": "-196,160", "Pretax Income": "-327,116", "Tax Provision": "-21,536", "Net Income Common Stockholders": "-301,971", "Average Dilution Earnings": "-", "Diluted NI Available to Com Stockholders": "-301,971", "Basic EPS": "-3.67", "Diluted EPS": "-3.67", "Basic Average Shares": "82,364", "Diluted Average Shares": "82,364", "Total Operating Income as Reported": "-306,612", "Total Expenses": "966,792", "Net Income from Continuing & Discontinued Operation": "-301,971", "Normalized Income": "-128,244", "Interest Income": "3,987", "Interest Expense": "14,534", "Net Interest Income": "-10,547", "EBIT": "-312,582", "EBITDA": "-", "Reconciled Cost of Revenue": "513,059", "Reconciled Depreciation": "60,913", "Net Income from Continuing Operation Net Minority Interest": "-301,971", "Total Unusual Items Excluding Goodwill": "-186,203", "Total Unusual Items": "-186,203", "Normalized EBITDA": "-65,466", "Tax Rate for Calcs": "0", "Tax Effect of Unusual Items": "-12,476"}, "12/31/2018": {"Duration": "12/31/2018", "Total Revenue": "627,063", "Cost of Revenue": "327,825", "Gross Profit": "299,238", "Operating Expense": "350,822", "Operating Income": "-51,584", "Net Non Operating Interest Income Expense": "-2,044", "Other Income Expense": "-523", "Pretax Income": "-54,151", "Tax Provision": "40", "Net Income Common Stockholders": "-52,658", "Average Dilution Earnings": "-", "Diluted NI Available to Com Stockholders": "-52,658", "Basic EPS": "-0.68", "Diluted EPS": "-0.68", "Basic Average Shares": "77,338", "Diluted Average Shares": "77,338", "Total Operating Income as Reported": "-47,480", "Total Expenses": "678,647", "Net Income from Continuing & Discontinued Operation": "-52,658", "Normalized Income": "-55,654", "Interest Income": "3,440", "Interest Expense": "5,484", "Net Interest Income": "-2,044", "EBIT": "-48,667", "EBITDA": "-", "Reconciled Cost of Revenue": "327,825", "Reconciled Depreciation": "44,515", "Net Income from Continuing Operation Net Minority Interest": "-52,658", "Total Unusual Items Excluding Goodwill": "4,104", "Total Unusual Items": "4,104", "Normalized EBITDA": "-8,256", "Tax Rate for Calcs": "0", "Tax Effect of Unusual Items": "1,108"}}, "bs": {"12/31/2020": {"Duration": "12/31/2020", "Total Assets": "1,370,185", "Total Liabilities Net Minority Interest": "750,585", "Total Equity Gross Minority Interest": "619,600", "Total Capitalization": "882,943", "Common Stock Equity": "619,600", "Capital Lease Obligations": "69,883", "Net Tangible Assets": "-3,206", "Working Capital": "144,355", "Invested Capital": "909,500", "Tangible Book Value": "-3,206", "Total Debt": "359,783", "Net Debt": "-", "Share Issued": "85,894", "Ordinary Shares Number": "84,357", "Treasury Shares Number": "1,538"}, "12/31/2019": {"Duration": "12/31/2019", "Total Assets": "1,498,015", "Total Liabilities Net Minority Interest": "568,968", "Total Equity Gross Minority Interest": "929,047", "Total Capitalization": "1,216,025", "Common Stock Equity": "922,358", "Capital Lease Obligations": "75,127", "Net Tangible Assets": "41,835", "Working Capital": "36,032", "Invested Capital": "1,216,025", "Tangible Book Value": "41,835", "Total Debt": "368,794", "Net Debt": "192,659", "Share Issued": "84,589", "Ordinary Shares Number": "84,589", "Treasury Shares Number": "-"}, "12/31/2018": {"Duration": "12/31/2018", "Total Assets": "1,722,281", "Total Liabilities Net Minority Interest": "532,925", "Total Equity Gross Minority Interest": "1,189,356", "Total Capitalization": "1,364,865", "Common Stock Equity": "1,143,824", "Capital Lease Obligations": "-", "Net Tangible Assets": "40,664", "Working Capital": "218,610", "Invested Capital": "1,364,865", "Tangible Book Value": "40,664", "Total Debt": "221,041", "Net Debt": "-", "Share Issued": "82,362", "Ordinary Shares Number": "82,362", "Treasury Shares Number": "-"}}, "cf": {"TTM": {"Duration": "TTM", "Operating Cash Flow": "-16,225", "Investing Cash Flow": "261,072", "Financing Cash Flow": "-11,862", "End Cash Position": "361,581", "Capital Expenditure": "-29,473", "Issuance of Capital Stock": "-", "Issuance of Debt": "30,062", "Repayment of Debt": "-16,606", "Free Cash Flow": "-45,698"}, "12/31/2020": {"Duration": "12/31/2020", "Operating Cash Flow": "-16,225", "Investing Cash Flow": "261,072", "Financing Cash Flow": "-11,862", "End Cash Position": "361,581", "Capital Expenditure": "-29,473", "Issuance of Capital Stock": "-", "Issuance of Debt": "30,062", "Repayment of Debt": "-16,606", "Free Cash Flow": "-45,698"}, "12/31/2019": {"Duration": "12/31/2019", "Operating Cash Flow": "-42,645", "Investing Cash Flow": "-181,634", "Financing Cash Flow": "-35,545", "End Cash Position": "128,531", "Capital Expenditure": "-35,534", "Issuance of Capital Stock": "0", "Issuance of Debt": "62,648", "Repayment of Debt": "-", "Free Cash Flow": "-78,179"}, "12/31/2018": {"Duration": "12/31/2018", "Operating Cash Flow": "-20,651", "Investing Cash Flow": "-160,375", "Financing Cash Flow": "274,024", "End Cash Position": "388,325", "Capital Expenditure": "-39,550", "Issuance of Capital Stock": "0", "Issuance of Debt": "167,178", "Repayment of Debt": "-", "Free Cash Flow": "-60,201"}}}}, {"HSTM": {"quote": {"04/25/2021": {"value": "22.38", "Market Cap": "709.934M", "Beta (5Y Monthly)": "0.29", "PE Ratio (TTM)": "50.86", "EPS (TTM)": "0.44", "Earnings Date": "Apr 26, 2021", "Forward Dividend & Yield": "N/A (N/A)", "Ex-Dividend Date": "Mar 05, 2018", "1y Target Est": "24.00"}}, "fin": {"TTM": {"Duration": "TTM", "Total Revenue": "244,826", "Cost of Revenue": "89,332", "Gross Profit": "155,494", "Operating Expense": "139,676", "Operating Income": "15,818", "Other Income Expense": "2,005", "Pretax Income": "17,823", "Tax Provision": "3,732", "Net Income Common Stockholders": "14,091", "Diluted NI Available to Com Stockholders": "14,091", "Basic EPS": "-", "Diluted EPS": "-", "Basic Average Shares": "-", "Diluted Average Shares": "-", "Total Operating Income as Reported": "15,818", "Total Expenses": "229,008", "Net Income from Continuing & Discontinued Operation": "14,091", "Normalized Income": "14,091", "EBIT": "15,818", "EBITDA": "46,007", "Reconciled Cost of Revenue": "89,332", "Reconciled Depreciation": "30,189", "Net Income from Continuing Operation Net Minority Interest": "14,091", "Normalized EBITDA": "46,007", "Tax Rate for Calcs": "0", "Tax Effect of Unusual Items": "0"}, "12/31/2020": {"Duration": "12/31/2020", "Total Revenue": "244,826", "Cost of Revenue": "89,332", "Gross Profit": "155,494", "Operating Expense": "139,676", "Operating Income": "15,818", "Other Income Expense": "2,005", "Pretax Income": "17,823", "Tax Provision": "3,732", "Net Income Common Stockholders": "14,091", "Diluted NI Available to Com Stockholders": "14,091", "Basic EPS": "-", "Diluted EPS": "-", "Basic Average Shares": "-", "Diluted Average Shares": "-", "Total Operating Income as Reported": "15,818", "Total Expenses": "229,008", "Net Income from Continuing & Discontinued Operation": "14,091", "Normalized Income": "14,091", "EBIT": "15,818", "EBITDA": "-", "Reconciled Cost of Revenue": "89,332", "Reconciled Depreciation": "30,189", "Net Income from Continuing Operation Net Minority Interest": "14,091", "Normalized EBITDA": "46,007", "Tax Rate for Calcs": "0", "Tax Effect of Unusual Items": "0"}, "12/31/2019": {"Duration": "12/31/2019", "Total Revenue": "254,112", "Cost of Revenue": "103,890", "Gross Profit": "150,222", "Operating Expense": "135,502", "Operating Income": "14,720", "Other Income Expense": "3,209", "Pretax Income": "17,929", "Tax Provision": "3,733", "Net Income Common Stockholders": "15,770", "Diluted NI Available to Com Stockholders": "15,770", "Basic EPS": "0.49", "Diluted EPS": "0.49", "Basic Average Shares": "32,372", "Diluted Average Shares": "32,428", "Total Operating Income as Reported": "14,720", "Total Expenses": "239,392", "Net Income from Continuing & Discontinued Operation": "15,770", "Normalized Income": "14,196", "EBIT": "14,720", "EBITDA": "-", "Reconciled Cost of Revenue": "103,890", "Reconciled Depreciation": "27,869", "Net Income from Continuing Operation Net Minority Interest": "14,196", "Normalized EBITDA": "42,589", "Tax Rate for Calcs": "0", "Tax Effect of Unusual Items": "0"}, "12/31/2018": {"Duration": "12/31/2018", "Total Revenue": "231,616", "Cost of Revenue": "96,014", "Gross Profit": "135,602", "Operating Expense": "120,111", "Operating Income": "15,491", "Other Income Expense": "1,084", "Pretax Income": "16,575", "Tax Provision": "3,324", "Net Income Common Stockholders": "32,217", "Diluted NI Available to Com Stockholders": "32,217", "Basic EPS": "1.00", "Diluted EPS": "1.00", "Basic Average Shares": "32,264", "Diluted Average Shares": "32,335", "Total Operating Income as Reported": "15,491", "Total Expenses": "216,125", "Net Income from Continuing & Discontinued Operation": "32,217", "Normalized Income": "13,251", "EBIT": "15,491", "EBITDA": "-", "Reconciled Cost of Revenue": "96,014", "Reconciled Depreciation": "24,231", "Net Income from Continuing Operation Net Minority Interest": "13,251", "Normalized EBITDA": "39,722", "Tax Rate for Calcs": "0", "Tax Effect of Unusual Items": "0"}}, "bs": {"12/31/2020": {"Duration": "12/31/2020", "Total Assets": "500,313", "Total Liabilities Net Minority Interest": "166,251", "Total Equity Gross Minority Interest": "334,062", "Total Capitalization": "334,062", "Common Stock Equity": "334,062", "Capital Lease Obligations": "28,479", "Net Tangible Assets": "28,276", "Working Capital": "-4,717", "Invested Capital": "334,062", "Tangible Book Value": "28,276", "Total Debt": "28,479", "Share Issued": "31,493", "Ordinary Shares Number": "31,493"}, "12/31/2019": {"Duration": "12/31/2019", "Total Assets": "489,544", "Total Liabilities Net Minority Interest": "151,376", "Total Equity Gross Minority Interest": "338,168", "Total Capitalization": "338,168", "Common Stock Equity": "338,168", "Capital Lease Obligations": "30,733", "Net Tangible Assets": "154,446", "Working Capital": "119,387", "Invested Capital": "338,168", "Tangible Book Value": "154,446", "Total Debt": "30,733", "Share Issued": "32,379", "Ordinary Shares Number": "32,379"}, "12/31/2018": {"Duration": "12/31/2018", "Total Assets": "441,948", "Total Liabilities Net Minority Interest": "123,001", "Total Equity Gross Minority Interest": "318,947", "Total Capitalization": "318,947", "Common Stock Equity": "318,947", "Capital Lease Obligations": "-", "Net Tangible Assets": "155,073", "Working Capital": "134,580", "Invested Capital": "318,947", "Tangible Book Value": "155,073", "Total Debt": "-", "Share Issued": "32,325", "Ordinary Shares Number": "32,325"}}, "cf": {"TTM": {"Duration": "TTM", "Operating Cash Flow": "35,874", "Investing Cash Flow": "-110,410", "Financing Cash Flow": "-20,494", "End Cash Position": "36,566", "Income Tax Paid Supplemental Data": "877", "Interest Paid Supplemental Data": "96", "Capital Expenditure": "-18,803", "Issuance of Capital Stock": "-", "Issuance of Debt": "-", "Repayment of Debt": "-", "Repurchase of Capital Stock": "-20,019", "Free Cash Flow": "17,071"}, "12/31/2020": {"Duration": "12/31/2020", "Operating Cash Flow": "35,874", "Investing Cash Flow": "-110,410", "Financing Cash Flow": "-20,494", "End Cash Position": "36,566", "Income Tax Paid Supplemental Data": "877", "Interest Paid Supplemental Data": "96", "Capital Expenditure": "-18,803", "Issuance of Capital Stock": "-", "Issuance of Debt": "-", "Repayment of Debt": "-", "Repurchase of Capital Stock": "-20,019", "Free Cash Flow": "17,071"}, "12/31/2019": {"Duration": "12/31/2019", "Operating Cash Flow": "65,657", "Investing Cash Flow": "-67,524", "Financing Cash Flow": "-916", "End Cash Position": "131,538", "Income Tax Paid Supplemental Data": "630", "Interest Paid Supplemental Data": "101", "Capital Expenditure": "-36,510", "Issuance of Capital Stock": "-", "Issuance of Debt": "-", "Repayment of Debt": "-", "Repurchase of Capital Stock": "-", "Free Cash Flow": "29,147"}, "12/31/2018": {"Duration": "12/31/2018", "Operating Cash Flow": "43,246", "Investing Cash Flow": "36,558", "Financing Cash Flow": "-30,251", "End Cash Position": "134,321", "Income Tax Paid Supplemental Data": "16,513", "Interest Paid Supplemental Data": "117", "Capital Expenditure": "-18,450", "Issuance of Capital Stock": "-", "Issuance of Debt": "-", "Repayment of Debt": "-", "Repurchase of Capital Stock": "-", "Free Cash Flow": "24,796"}}}}, {"INOV": {"quote": {"04/25/2021": {"value": "29.13", "Market Cap": "4.576B", "Beta (5Y Monthly)": "0.60", "PE Ratio (TTM)": "199.52", "EPS (TTM)": "0.15", "Earnings Date": "Apr 28, 2021", "Forward Dividend & Yield": "N/A (N/A)", "Ex-Dividend Date": "N/A", "1y Target Est": "29.38"}}, "fin": {"TTM": {"Duration": "TTM", "Total Revenue": "667,524", "Cost of Revenue": "167,824", "Gross Profit": "499,700", "Operating Expense": "427,990", "Operating Income": "71,710", "Net Non Operating Interest Income Expense": "-55,698", "Other Income Expense": "-551", "Pretax Income": "15,461", "Tax Provision": "-7,118", "Net Income Common Stockholders": "21,906", "Diluted NI Available to Com Stockholders": "21,906", "Basic EPS": "-", "Diluted EPS": "-", "Basic Average Shares": "-", "Diluted Average Shares": "-", "Total Operating Income as Reported": "71,710", "Total Expenses": "595,814", "Net Income from Continuing & Discontinued Operation": "22,579", "Normalized Income": "22,579", "Interest Income": "479", "Interest Expense": "56,177", "Net Interest Income": "-55,698", "EBIT": "71,638", "EBITDA": "186,563", "Reconciled Cost of Revenue": "167,824", "Reconciled Depreciation": "114,925", "Net Income from Continuing Operation Net Minority Interest": "22,579", "Total Unusual Items Excluding Goodwill": "0", "Total Unusual Items": "0", "Normalized EBITDA": "186,563", "Tax Rate for Calcs": "0", "Tax Effect of Unusual Items": "0"}, "12/31/2020": {"Duration": "12/31/2020", "Total Revenue": "667,524", "Cost of Revenue": "167,824", "Gross Profit": "499,700", "Operating Expense": "427,990", "Operating Income": "71,710", "Net Non Operating Interest Income Expense": "-55,698", "Other Income Expense": "-551", "Pretax Income": "15,461", "Tax Provision": "-7,118", "Net Income Common Stockholders": "21,906", "Diluted NI Available to Com Stockholders": "21,906", "Basic EPS": "0.15", "Diluted EPS": "0.15", "Basic Average Shares": "149,609", "Diluted Average Shares": "149,784", "Total Operating Income as Reported": "71,710", "Total Expenses": "595,814", "Net Income from Continuing & Discontinued Operation": "22,579", "Normalized Income": "22,579", "Interest Income": "479", "Interest Expense": "56,177", "Net Interest Income": "-55,698", "EBIT": "71,638", "EBITDA": "-", "Reconciled Cost of Revenue": "167,824", "Reconciled Depreciation": "114,925", "Net Income from Continuing Operation Net Minority Interest": "22,579", "Total Unusual Items Excluding Goodwill": "0", "Total Unusual Items": "0", "Normalized EBITDA": "186,563", "Tax Rate for Calcs": "0", "Tax Effect of Unusual Items": "0"}, "12/31/2019": {"Duration": "12/31/2019", "Total Revenue": "642,410", "Cost of Revenue": "167,814", "Gross Profit": "474,596", "Operating Expense": "405,109", "Operating Income": "69,487", "Net Non Operating Interest Income Expense": "-63,589", "Other Income Expense": "-20", "Pretax Income": "5,878", "Tax Provision": "-1,897", "Net Income Common Stockholders": "7,538", "Diluted NI Available to Com Stockholders": "7,538", "Basic EPS": "0.05", "Diluted EPS": "0.05", "Basic Average Shares": "148,304", "Diluted Average Shares": "148,633", "Total Operating Income as Reported": "69,487", "Total Expenses": "572,923", "Net Income from Continuing & Discontinued Operation": "7,775", "Normalized Income": "7,775", "Interest Income": "2,242", "Interest Expense": "65,831", "Net Interest Income": "-63,589", "EBIT": "71,709", "EBITDA": "-", "Reconciled Cost of Revenue": "167,814", "Reconciled Depreciation": "108,250", "Net Income from Continuing Operation Net Minority Interest": "7,775", "Total Unusual Items Excluding Goodwill": "0", "Total Unusual Items": "0", "Normalized EBITDA": "179,959", "Tax Rate for Calcs": "0", "Tax Effect of Unusual Items": "0"}, "12/31/2018": {"Duration": "12/31/2018", "Total Revenue": "527,676", "Cost of Revenue": "144,826", "Gross Profit": "382,850", "Operating Expense": "375,935", "Operating Income": "6,915", "Net Non Operating Interest Income Expense": "-48,717", "Other Income Expense": "-11,755", "Pretax Income": "-53,557", "Tax Provision": "-14,393", "Net Income Common Stockholders": "-39,164", "Diluted NI Available to Com Stockholders": "-39,164", "Basic EPS": "-0.27", "Diluted EPS": "-0.27", "Basic Average Shares": "145,389", "Diluted Average Shares": "145,389", "Total Operating Income as Reported": "-2,585", "Total Expenses": "520,761", "Net Income from Continuing & Discontinued Operation": "-39,164", "Normalized Income": "-32,229", "Interest Income": "2,181", "Interest Expense": "50,898", "Net Interest Income": "-48,717", "EBIT": "-2,659", "EBITDA": "-", "Reconciled Cost of Revenue": "144,826", "Reconciled Depreciation": "96,725", "Net Income from Continuing Operation Net Minority Interest": "-39,164", "Total Unusual Items Excluding Goodwill": "-9,500", "Total Unusual Items": "-9,500", "Normalized EBITDA": "103,566", "Tax Rate for Calcs": "0", "Tax Effect of Unusual Items": "-2,565"}}, "bs": {"12/31/2020": {"Duration": "12/31/2020", "Total Assets": "1,971,398", "Total Liabilities Net Minority Interest": "1,262,684", "Total Equity Gross Minority Interest": "708,714", "Total Capitalization": "1,586,288", "Common Stock Equity": "708,714", "Capital Lease Obligations": "76,497", "Net Tangible Assets": "-699,725", "Working Capital": "158,798", "Invested Capital": "1,596,088", "Tangible Book Value": "-699,725", "Total Debt": "963,871", "Net Debt": "763,494", "Share Issued": "169,949", "Ordinary Shares Number": "155,329", "Treasury Shares Number": "14,620"}, "12/31/2019": {"Duration": "12/31/2019", "Total Assets": "1,908,634", "Total Liabilities Net Minority Interest": "1,220,475", "Total Equity Gross Minority Interest": "688,159", "Total Capitalization": "1,572,096", "Common Stock Equity": "688,159", "Capital Lease Obligations": "72,574", "Net Tangible Assets": "-750,763", "Working Capital": "126,877", "Invested Capital": "1,581,896", "Tangible Book Value": "-750,763", "Total Debt": "966,311", "Net Debt": "800,643", "Share Issued": "169,697", "Ordinary Shares Number": "155,077", "Treasury Shares Number": "14,620"}, "12/31/2018": {"Duration": "12/31/2018", "Total Assets": "1,921,415", "Total Liabilities Net Minority Interest": "1,238,826", "Total Equity Gross Minority Interest": "682,589", "Total Capitalization": "1,622,103", "Common Stock Equity": "682,589", "Capital Lease Obligations": "16,832", "Net Tangible Assets": "-808,783", "Working Capital": "130,817", "Invested Capital": "1,631,903", "Tangible Book Value": "-808,783", "Total Debt": "966,146", "Net Debt": "833,723", "Share Issued": "167,288", "Ordinary Shares Number": "152,668", "Treasury Shares Number": "14,620"}}, "cf": {"TTM": {"Duration": "TTM", "Operating Cash Flow": "146,359", "Investing Cash Flow": "-86,610", "Financing Cash Flow": "-28,963", "End Cash Position": "123,880", "Income Tax Paid Supplemental Data": "1,396", "Interest Paid Supplemental Data": "52,516", "Capital Expenditure": "-86,610", "Issuance of Debt": "99,000", "Repayment of Debt": "-112,281", "Repurchase of Capital Stock": "-", "Free Cash Flow": "59,749"}, "12/31/2020": {"Duration": "12/31/2020", "Operating Cash Flow": "146,359", "Investing Cash Flow": "-86,610", "Financing Cash Flow": "-28,963", "End Cash Position": "123,880", "Income Tax Paid Supplemental Data": "1,396", "Interest Paid Supplemental Data": "52,516", "Capital Expenditure": "-86,610", "Issuance of Debt": "99,000", "Repayment of Debt": "-112,281", "Repurchase of Capital Stock": "-", "Free Cash Flow": "59,749"}, "12/31/2019": {"Duration": "12/31/2019", "Operating Cash Flow": "106,480", "Investing Cash Flow": "-51,975", "Financing Cash Flow": "-77,002", "End Cash Position": "93,094", "Income Tax Paid Supplemental Data": "-", "Interest Paid Supplemental Data": "62,768", "Capital Expenditure": "-58,939", "Issuance of Debt": "0", "Repayment of Debt": "-62,193", "Repurchase of Capital Stock": "0", "Free Cash Flow": "47,541"}, "12/31/2018": {"Duration": "12/31/2018", "Operating Cash Flow": "90,401", "Investing Cash Flow": "-889,354", "Financing Cash Flow": "705,600", "End Cash Position": "115,591", "Income Tax Paid Supplemental Data": "-", "Interest Paid Supplemental Data": "43,573", "Capital Expenditure": "-64,974", "Issuance of Debt": "965,300", "Repayment of Debt": "-239,901", "Repurchase of Capital Stock": "0", "Free Cash Flow": "25,427"}}}}, {"STRM": {"quote": {"04/25/2021": {"value": "2.2500", "Market Cap": "86.372M", "Beta (5Y Monthly)": "0.85", "PE Ratio (TTM)": "375.00", "EPS (TTM)": "0.0060", "Earnings Date": "Apr 22, 2021", "Forward Dividend & Yield": "N/A (N/A)", "Ex-Dividend Date": "N/A", "1y Target Est": "N/A"}}, "fin": {"TTM": {"Duration": "TTM", "Total Revenue": "19,943", "Cost of Revenue": "7,846", "Gross Profit": "12,097", "Operating Expense": "13,392", "Operating Income": "-1,295", "Net Non Operating Interest Income Expense": "-109", "Other Income Expense": "-1,226", "Pretax Income": "-2,630", "Tax Provision": "-380", "Net Income Common Stockholders": "-522", "Diluted NI Available to Com Stockholders": "3,973", "Basic EPS": "-", "Diluted EPS": "-", "Basic Average Shares": "-", "Diluted Average Shares": "-", "Total Operating Income as Reported": "-2,261", "Rent Expense Supplemental": "-", "Total Expenses": "21,238", "Net Income from Continuing & Discontinued Operation": "-921", "Normalized Income": "-1,295", "Interest Expense": "109", "Net Interest Income": "-109", "EBIT": "-2,521", "EBITDA": "-1,882", "Reconciled Cost of Revenue": "7,846", "Reconciled Depreciation": "639", "Net Income from Continuing Operation Net Minority Interest": "-2,250", "Total Unusual Items Excluding Goodwill": "-1,116", "Total Unusual Items": "-1,116", "Normalized EBITDA": "-766", "Tax Rate for Calcs": "0", "Tax Effect of Unusual Items": "-161.2471"}, "1/31/2020": {"Duration": "1/31/2020", "Total Revenue": "20,743", "Cost of Revenue": "7,480", "Gross Profit": "13,263", "Operating Expense": "14,543", "Operating Income": "-1,280", "Net Non Operating Interest Income Expense": "-309", "Other Income Expense": "-1,252", "Pretax Income": "-2,841", "Tax Provision": "22", "Net Income Common Stockholders": "2,031", "Diluted NI Available to Com Stockholders": "2,031", "Basic EPS": "0.09", "Diluted EPS": "0.09", "Basic Average Shares": "22,740", "Diluted Average Shares": "22,740", "Total Operating Income as Reported": "-2,141", "Rent Expense Supplemental": "0", "Total Expenses": "22,023", "Net Income from Continuing & Discontinued Operation": "-2,863", "Normalized Income": "-2,125", "Interest Expense": "309", "Net Interest Income": "-309", "EBIT": "-2,532", "EBITDA": "-", "Reconciled Cost of Revenue": "7,480", "Reconciled Depreciation": "691", "Net Income from Continuing Operation Net Minority Interest": "-2,863", "Total Unusual Items Excluding Goodwill": "-1,011", "Total Unusual Items": "-1,011", "Normalized EBITDA": "-830", "Tax Rate for Calcs": "0", "Tax Effect of Unusual Items": "-272.97"}, "1/31/2019": {"Duration": "1/31/2019", "Total Revenue": "22,365", "Cost of Revenue": "8,137", "Gross Profit": "14,228", "Operating Expense": "15,849", "Operating Income": "-1,621", "Net Non Operating Interest Income Expense": "-384", "Other Income Expense": "-3,860", "Pretax Income": "-5,865", "Tax Provision": "0", "Net Income Common Stockholders": "-5,865", "Diluted NI Available to Com Stockholders": "-5,865", "Basic EPS": "-0.30", "Diluted EPS": "-0.30", "Basic Average Shares": "19,541", "Diluted Average Shares": "19,541", "Total Operating Income as Reported": "-5,302", "Rent Expense Supplemental": "1,034", "Total Expenses": "23,986", "Net Income from Continuing & Discontinued Operation": "-5,865", "Normalized Income": "-2,184", "Interest Expense": "384", "Net Interest Income": "-384", "EBIT": "-5,481", "EBITDA": "-", "Reconciled Cost of Revenue": "8,137", "Reconciled Depreciation": "1,387", "Net Income from Continuing Operation Net Minority Interest": "-5,865", "Total Unusual Items Excluding Goodwill": "-3,681", "Total Unusual Items": "-3,681", "Normalized EBITDA": "-413", "Tax Rate for Calcs": "0", "Tax Effect of Unusual Items": "0"}}, "bs": {"1/31/2020": {"Duration": "1/31/2020", "Total Assets": "31,651", "Total Liabilities Net Minority Interest": "15,646", "Total Equity Gross Minority Interest": "16,005", "Total Capitalization": "16,005", "Preferred Stock Equity": "-", "Common Stock Equity": "16,005", "Capital Lease Obligations": "-", "Net Tangible Assets": "-8,245", "Working Capital": "-9,037", "Invested Capital": "19,830", "Tangible Book Value": "-8,245", "Total Debt": "3,825", "Net Debt": "2,176", "Share Issued": "30,531", "Ordinary Shares Number": "30,531"}, "1/31/2019": {"Duration": "1/31/2019", "Total Assets": "31,740", "Total Liabilities Net Minority Interest": "16,852", "Total Equity Gross Minority Interest": "14,888", "Total Capitalization": "18,239", "Preferred Stock Equity": "8,686", "Common Stock Equity": "6,202", "Capital Lease Obligations": "-", "Net Tangible Assets": "-8,016", "Working Capital": "-4,205", "Invested Capital": "10,150", "Tangible Book Value": "-16,702", "Total Debt": "3,948", "Net Debt": "1,572", "Share Issued": "20,768", "Ordinary Shares Number": "20,768"}}, "cf": {"TTM": {"Duration": "TTM", "Operating Cash Flow": "-5,035", "Investing Cash Flow": "9,122", "Financing Cash Flow": "-2,276", "End Cash Position": "3,031", "Income Tax Paid Supplemental Data": "-", "Interest Paid Supplemental Data": "-", "Capital Expenditure": "-2,757", "Issuance of Capital Stock": "0", "Issuance of Debt": "6,301", "Repayment of Debt": "-7,582", "Repurchase of Capital Stock": "-30", "Free Cash Flow": "-7,792"}, "1/31/2020": {"Duration": "1/31/2020", "Operating Cash Flow": "-8", "Investing Cash Flow": "-3,410", "Financing Cash Flow": "2,691", "End Cash Position": "1,649", "Income Tax Paid Supplemental Data": "9", "Interest Paid Supplemental Data": "337", "Capital Expenditure": "-3,410", "Issuance of Capital Stock": "9,663", "Issuance of Debt": "4,000", "Repayment of Debt": "-4,030", "Repurchase of Capital Stock": "-6,502", "Free Cash Flow": "-3,418"}, "1/31/2019": {"Duration": "1/31/2019", "Operating Cash Flow": "1,397", "Investing Cash Flow": "-3,003", "Financing Cash Flow": "-638", "End Cash Position": "2,376", "Income Tax Paid Supplemental Data": "11", "Interest Paid Supplemental Data": "417", "Capital Expenditure": "-3,024", "Issuance of Capital Stock": "-", "Issuance of Debt": "-", "Repayment of Debt": "-597", "Repurchase of Capital Stock": "-", "Free Cash Flow": "-1,627"}}}}, {"MRGE": {"quote": {"04/25/2021": {"value": "0.3800", "Market Cap": "186.7M", "Beta (5Y Monthly)": "0.82", "PE Ratio (TTM)": "N/A", "EPS (TTM)": "-0.0130", "Earnings Date": "Aug 03, 2020", "Forward Dividend & Yield": "N/A (N/A)", "Ex-Dividend Date": "N/A", "1y Target Est": "7.00"}}, "fin": {"TTM": {"Duration": "TTM", "Total Revenue": "0", "Operating Expense": "1,267", "Operating Income": "-1,267", "Net Non Operating Interest Income Expense": "-4,315", "Other Income Expense": "-", "Pretax Income": "-5,768", "Tax Provision": "-", "Net Income Common Stockholders": "-5,768", "Diluted NI Available to Com Stockholders": "-5,768", "Basic EPS": "-", "Diluted EPS": "-", "Basic Average Shares": "-", "Diluted Average Shares": "-", "Total Operating Income as Reported": "-1,267", "Total Expenses": "1,267", "Net Income from Continuing & Discontinued Operation": "-5,768", "Normalized Income": "-5,768", "Interest Expense": "4,315", "Net Interest Income": "-4,315", "EBIT": "-1,453", "EBITDA": "-1,451", "Reconciled Depreciation": "1.581", "Net Income from Continuing Operation Net Minority Interest": "-5,768", "Normalized EBITDA": "-1,451", "Tax Rate for Calcs": "0", "Tax Effect of Unusual Items": "0"}, "7/31/2020": {"Duration": "7/31/2020", "Total Revenue": "0", "Operating Expense": "1,029", "Operating Income": "-1,029", "Net Non Operating Interest Income Expense": "-4,325", "Other Income Expense": "-", "Pretax Income": "-5,354", "Tax Provision": "-", "Net Income Common Stockholders": "-5,354", "Diluted NI Available to Com Stockholders": "-5,354", "Basic EPS": "-0.01", "Diluted EPS": "-0.01", "Basic Average Shares": "424,924", "Diluted Average Shares": "424,924", "Total Operating Income as Reported": "-1,029", "Total Expenses": "1,029", "Net Income from Continuing & Discontinued Operation": "-5,354", "Normalized Income": "-5,354", "Interest Expense": "4,325", "Net Interest Income": "-4,325", "EBIT": "-1,029", "EBITDA": "-", "Reconciled Depreciation": "1.581", "Net Income from Continuing Operation Net Minority Interest": "-5,354", "Normalized EBITDA": "-1,027", "Tax Rate for Calcs": "0", "Tax Effect of Unusual Items": "0"}, "7/31/2019": {"Duration": "7/31/2019", "Total Revenue": "0", "Operating Expense": "1,483", "Operating Income": "-1,483", "Net Non Operating Interest Income Expense": "-1,731", "Other Income Expense": "-", "Pretax Income": "-3,214", "Tax Provision": "-", "Net Income Common Stockholders": "-3,214", "Diluted NI Available to Com Stockholders": "-3,214", "Basic EPS": "-0.01", "Diluted EPS": "-0.01", "Basic Average Shares": "371,941", "Diluted Average Shares": "371,941", "Total Operating Income as Reported": "-1,483", "Total Expenses": "1,483", "Net Income from Continuing & Discontinued Operation": "-3,214", "Normalized Income": "-3,214", "Interest Expense": "1,731", "Net Interest Income": "-1,731", "EBIT": "-1,483", "EBITDA": "-", "Reconciled Depreciation": "1.581", "Net Income from Continuing Operation Net Minority Interest": "-3,214", "Normalized EBITDA": "-1,481", "Tax Rate for Calcs": "0", "Tax Effect of Unusual Items": "0"}, "7/31/2018": {"Duration": "7/31/2018", "Total Revenue": "0", "Operating Expense": "1,065", "Operating Income": "-1,065", "Net Non Operating Interest Income Expense": "-430.652", "Other Income Expense": "-", "Pretax Income": "-1,496", "Tax Provision": "-", "Net Income Common Stockholders": "-1,496", "Diluted NI Available to Com Stockholders": "-1,496", "Basic EPS": "-0.00", "Diluted EPS": "-0.00", "Basic Average Shares": "318,339", "Diluted Average Shares": "318,339", "Total Operating Income as Reported": "-1,065", "Total Expenses": "1,065", "Net Income from Continuing & Discontinued Operation": "-1,496", "Normalized Income": "-1,496", "Interest Expense": "430.652", "Net Interest Income": "-430.652", "EBIT": "-1,065", "EBITDA": "-", "Reconciled Depreciation": "1.581", "Net Income from Continuing Operation Net Minority Interest": "-1,496", "Normalized EBITDA": "-1,063", "Tax Rate for Calcs": "0", "Tax Effect of Unusual Items": "0"}}, "bs": {"7/31/2020": {"Duration": "7/31/2020", "Total Assets": "184.87", "Total Liabilities Net Minority Interest": "3,042", "Total Equity Gross Minority Interest": "-2,857", "Total Capitalization": "-2,856", "Preferred Stock Equity": "10", "Common Stock Equity": "-2,867", "Net Tangible Assets": "-2,857", "Working Capital": "-2,864", "Invested Capital": "-2,456", "Tangible Book Value": "-2,867", "Total Debt": "410.429", "Net Debt": "243.488", "Share Issued": "462,731", "Ordinary Shares Number": "462,731"}, "7/31/2019": {"Duration": "7/31/2019", "Total Assets": "82.167", "Total Liabilities Net Minority Interest": "3,232", "Total Equity Gross Minority Interest": "-3,150", "Total Capitalization": "-3,149", "Preferred Stock Equity": "10", "Common Stock Equity": "-3,160", "Net Tangible Assets": "-3,150", "Working Capital": "-3,159", "Invested Capital": "-2,450", "Tangible Book Value": "-3,160", "Total Debt": "709.661", "Net Debt": "639.205", "Share Issued": "406,886", "Ordinary Shares Number": "406,886"}, "7/31/2018": {"Duration": "7/31/2018", "Total Assets": "27.318", "Total Liabilities Net Minority Interest": "2,433", "Total Equity Gross Minority Interest": "-2,406", "Total Capitalization": "-2,356", "Preferred Stock Equity": "10", "Common Stock Equity": "-2,416", "Net Tangible Assets": "-2,406", "Working Capital": "-2,368", "Invested Capital": "-1,876", "Tangible Book Value": "-2,416", "Total Debt": "540.155", "Net Debt": "526.675", "Share Issued": "342,629", "Ordinary Shares Number": "342,629"}}, "cf": {"TTM": {"Duration": "TTM", "Operating Cash Flow": "-871.408", "Investing Cash Flow": "-", "Financing Cash Flow": "827.885", "End Cash Position": "168.824", "Income Tax Paid Supplemental Data": "0", "Interest Paid Supplemental Data": "1.99", "Issuance of Capital Stock": "639", "Issuance of Debt": "224.1", "Repayment of Debt": "-35.215", "Free Cash Flow": "-871.408"}, "7/31/2020": {"Duration": "7/31/2020", "Operating Cash Flow": "-890.373", "Investing Cash Flow": "-", "Financing Cash Flow": "986.858", "End Cash Position": "166.941", "Income Tax Paid Supplemental Data": "-", "Interest Paid Supplemental Data": "1.533", "Issuance of Capital Stock": "719", "Issuance of Debt": "307.6", "Repayment of Debt": "-39.742", "Free Cash Flow": "-890.373"}, "7/31/2019": {"Duration": "7/31/2019", "Operating Cash Flow": "-335.249", "Investing Cash Flow": "-", "Financing Cash Flow": "392.225", "End Cash Position": "70.456", "Income Tax Paid Supplemental Data": "-", "Interest Paid Supplemental Data": "28.145", "Issuance of Capital Stock": "325.978", "Issuance of Debt": "329.5", "Repayment of Debt": "-263.253", "Free Cash Flow": "-335.249"}, "7/31/2018": {"Duration": "7/31/2018", "Operating Cash Flow": "-221.998", "Investing Cash Flow": "-", "Financing Cash Flow": "223.702", "End Cash Position": "13.48", "Income Tax Paid Supplemental Data": "0", "Interest Paid Supplemental Data": "3.394", "Issuance of Capital Stock": "0", "Issuance of Debt": "319.1", "Repayment of Debt": "-95.398", "Free Cash Flow": "-221.998"}}}}, {"HQY": {"quote": {"04/25/2021": {"value": "73.53", "Market Cap": "5.911B", "Beta (5Y Monthly)": "1.35", "PE Ratio (TTM)": "617.90", "EPS (TTM)": "0.12", "Earnings Date": "May 31, 2021 - Jun 04, 2021", "Forward Dividend & Yield": "N/A (N/A)", "Ex-Dividend Date": "N/A", "1y Target Est": "85.30"}}, "fin": {"TTM": {"Duration": "TTM", "Total Revenue": "733,570", "Cost of Revenue": "318,236", "Gross Profit": "415,334", "Operating Expense": "335,330", "Operating Income": "80,004", "Net Non Operating Interest Income Expense": "-33,836", "Other Income Expense": "-42,028", "Pretax Income": "4,140", "Tax Provision": "-4,694", "Net Income Common Stockholders": "8,834", "Diluted NI Available to Com Stockholders": "8,834", "Basic EPS": "-", "Diluted EPS": "-", "Basic Average Shares": "-", "Diluted Average Shares": "-", "Total Operating Income as Reported": "34,014", "Total Expenses": "653,566", "Net Income from Continuing & Discontinued Operation": "8,834", "Normalized Income": "37,099", "Interest Income": "5,905", "Interest Expense": "34,881", "Net Interest Income": "-33,836", "EBIT": "39,021", "EBITDA": "154,925", "Reconciled Cost of Revenue": "278,396", "Reconciled Depreciation": "115,904", "Net Income from Continuing Operation Net Minority Interest": "8,834", "Total Unusual Items Excluding Goodwill": "-47,108", "Total Unusual Items": "-47,108", "Normalized EBITDA": "202,033", "Tax Rate for Calcs": "0", "Tax Effect of Unusual Items": "-18,843"}, "1/31/2021": {"Duration": "1/31/2021", "Total Revenue": "733,570", "Cost of Revenue": "318,236", "Gross Profit": "415,334", "Operating Expense": "335,330", "Operating Income": "80,004", "Net Non Operating Interest Income Expense": "-33,836", "Other Income Expense": "-42,028", "Pretax Income": "4,140", "Tax Provision": "-4,694", "Net Income Common Stockholders": "8,834", "Diluted NI Available to Com Stockholders": "8,834", "Basic EPS": "-", "Diluted EPS": "-", "Basic Average Shares": "-", "Diluted Average Shares": "-", "Total Operating Income as Reported": "34,014", "Total Expenses": "653,566", "Net Income from Continuing & Discontinued Operation": "8,834", "Normalized Income": "37,099", "Interest Income": "1,045", "Interest Expense": "34,881", "Net Interest Income": "-33,836", "EBIT": "39,021", "EBITDA": "-", "Reconciled Cost of Revenue": "278,396", "Reconciled Depreciation": "115,904", "Net Income from Continuing Operation Net Minority Interest": "8,834", "Total Unusual Items Excluding Goodwill": "-47,108", "Total Unusual Items": "-47,108", "Normalized EBITDA": "202,033", "Tax Rate for Calcs": "0", "Tax Effect of Unusual Items": "-18,843"}, "1/31/2020": {"Duration": "1/31/2020", "Total Revenue": "531,993", "Cost of Revenue": "206,084", "Gross Profit": "325,909", "Operating Expense": "216,792", "Operating Income": "109,117", "Net Non Operating Interest Income Expense": "-18,867", "Other Income Expense": "-47,095", "Pretax Income": "43,155", "Tax Provision": "3,491", "Net Income Common Stockholders": "39,664", "Diluted NI Available to Com Stockholders": "39,664", "Basic EPS": "0.59", "Diluted EPS": "0.58", "Basic Average Shares": "67,026", "Diluted Average Shares": "68,453", "Total Operating Income as Reported": "77,006", "Total Expenses": "422,876", "Net Income from Continuing & Discontinued Operation": "39,664", "Normalized Income": "81,167", "Interest Income": "5,905", "Interest Expense": "24,772", "Net Interest Income": "-18,867", "EBIT": "67,927", "EBITDA": "-", "Reconciled Cost of Revenue": "185,436", "Reconciled Depreciation": "55,352", "Net Income from Continuing Operation Net Minority Interest": "39,664", "Total Unusual Items Excluding Goodwill": "-45,161", "Total Unusual Items": "-45,161", "Normalized EBITDA": "168,440", "Tax Rate for Calcs": "0", "Tax Effect of Unusual Items": "-3,658"}, "1/31/2019": {"Duration": "1/31/2019", "Total Revenue": "287,243", "Cost of Revenue": "106,050", "Gross Profit": "181,193", "Operating Expense": "103,523", "Operating Income": "77,670", "Net Non Operating Interest Income Expense": "-", "Other Income Expense": "-1,852", "Pretax Income": "75,818", "Tax Provision": "1,919", "Net Income Common Stockholders": "73,899", "Diluted NI Available to Com Stockholders": "73,899", "Basic EPS": "1.20", "Diluted EPS": "1.17", "Basic Average Shares": "61,836", "Diluted Average Shares": "63,370", "Total Operating Income as Reported": "77,670", "Total Expenses": "209,573", "Net Income from Continuing & Discontinued Operation": "73,899", "Normalized Income": "73,899", "Interest Income": "-", "Interest Expense": "-", "Net Interest Income": "-", "EBIT": "77,670", "EBITDA": "-", "Reconciled Cost of Revenue": "93,794", "Reconciled Depreciation": "18,185", "Net Income from Continuing Operation Net Minority Interest": "73,899", "Total Unusual Items Excluding Goodwill": "-", "Total Unusual Items": "-", "Normalized EBITDA": "95,855", "Tax Rate for Calcs": "0", "Tax Effect of Unusual Items": "0"}}, "bs": {"1/31/2021": {"Duration": "1/31/2021", "Total Assets": "2,710,407", "Total Liabilities Net Minority Interest": "1,331,679", "Total Equity Gross Minority Interest": "1,378,728", "Total Capitalization": "2,302,945", "Common Stock Equity": "1,378,728", "Capital Lease Obligations": "88,261", "Net Tangible Assets": "-715,468", "Working Capital": "255,476", "Invested Capital": "2,365,445", "Tangible Book Value": "-715,468", "Total Debt": "1,074,978", "Net Debt": "657,914", "Share Issued": "77,168", "Ordinary Shares Number": "77,168"}, "1/31/2020": {"Duration": "1/31/2020", "Total Assets": "2,564,981", "Total Liabilities Net Minority Interest": "1,534,686", "Total Equity Gross Minority Interest": "1,030,295", "Total Capitalization": "2,211,910", "Common Stock Equity": "1,030,295", "Capital Lease Obligations": "80,418", "Net Tangible Assets": "-1,085,615", "Working Capital": "145,363", "Invested Capital": "2,250,973", "Tangible Book Value": "-1,085,615", "Total Debt": "1,301,096", "Net Debt": "1,028,952", "Share Issued": "71,051", "Ordinary Shares Number": "71,051"}, "1/31/2019": {"Duration": "1/31/2019", "Total Assets": "510,016", "Total Liabilities Net Minority Interest": "32,937", "Total Equity Gross Minority Interest": "477,079", "Total Capitalization": "477,079", "Common Stock Equity": "477,079", "Capital Lease Obligations": "-", "Net Tangible Assets": "392,762", "Working Capital": "365,624", "Invested Capital": "477,079", "Tangible Book Value": "392,762", "Total Debt": "-", "Net Debt": "-", "Share Issued": "62,446", "Ordinary Shares Number": "62,446"}}, "cf": {"TTM": {"Duration": "TTM", "Operating Cash Flow": "181,619", "Investing Cash Flow": "-96,964", "Financing Cash Flow": "52,422", "End Cash Position": "328,803", "Income Tax Paid Supplemental Data": "-6,022", "Interest Paid Supplemental Data": "27,686", "Capital Expenditure": "-96,964", "Issuance of Capital Stock": "286,779", "Issuance of Debt": "0", "Repayment of Debt": "-239,063", "Free Cash Flow": "84,655"}, "1/31/2021": {"Duration": "1/31/2021", "Operating Cash Flow": "181,619", "Investing Cash Flow": "-96,964", "Financing Cash Flow": "52,422", "End Cash Position": "328,803", "Income Tax Paid Supplemental Data": "-6,022", "Interest Paid Supplemental Data": "27,686", "Capital Expenditure": "-96,964", "Issuance of Capital Stock": "286,779", "Issuance of Debt": "0", "Repayment of Debt": "-239,063", "Free Cash Flow": "84,655"}, "1/31/2020": {"Duration": "1/31/2020", "Operating Cash Flow": "105,010", "Investing Cash Flow": "-1,740,494", "Financing Cash Flow": "1,465,735", "End Cash Position": "191,726", "Income Tax Paid Supplemental Data": "9,277", "Interest Paid Supplemental Data": "21,806", "Capital Expenditure": "-42,074", "Issuance of Capital Stock": "458,495", "Issuance of Debt": "1,250,000", "Repayment of Debt": "-7,813", "Free Cash Flow": "62,936"}, "1/31/2019": {"Duration": "1/31/2019", "Operating Cash Flow": "113,422", "Investing Cash Flow": "25,652", "Financing Cash Flow": "22,929", "End Cash Position": "361,475", "Income Tax Paid Supplemental Data": "587", "Interest Paid Supplemental Data": "203", "Capital Expenditure": "-15,042", "Issuance of Capital Stock": "-", "Issuance of Debt": "-", "Repayment of Debt": "-", "Free Cash Flow": "98,380"}}}}, {"QSII": {"quote": {"04/25/2021": {"value": "", "Net Assets": "N/A", "Beta (5Y Monthly)": "N/A", "Yield": "N/A", "5y Average Return": "N/A", "Holdings Turnover": "N/A", "Last Dividend": "N/A", "Average for Category": "N/A", "Inception Date": "N/A"}}, "fin": {}, "bs": {}, "cf": {}}}, {"VEEV": {"quote": {"04/25/2021": {"value": "280.63", "Market Cap": "41.83B", "Beta (5Y Monthly)": "0.72", "PE Ratio (TTM)": "118.91", "EPS (TTM)": "2.36", "Earnings Date": "May 26, 2021 - May 31, 2021", "Forward Dividend & Yield": "N/A (N/A)", "Ex-Dividend Date": "N/A", "1y Target Est": "328.36"}}, "fin": {"TTM": {"Duration": "TTM", "Total Revenue": "1,465,069", "Cost of Revenue": "408,928", "Gross Profit": "1,056,141", "Operating Expense": "678,347", "Operating Income": "377,794", "Net Non Operating Interest Income Expense": "15,859", "Other Income Expense": "340", "Pretax Income": "393,993", "Tax Provision": "13,995", "Net Income Common Stockholders": "379,998", "Diluted NI Available to Com Stockholders": "379,998", "Basic EPS": "-", "Diluted EPS": "-", "Basic Average Shares": "-", "Diluted Average Shares": "-", "Total Operating Income as Reported": "377,794", "Total Expenses": "1,087,275", "Net Income from Continuing & Discontinued Operation": "379,998", "Normalized Income": "377,805", "Interest Income": "15,859", "Net Interest Income": "15,859", "EBIT": "377,794", "EBITDA": "407,249", "Reconciled Cost of Revenue": "408,928", "Reconciled Depreciation": "29,455", "Net Income from Continuing Operation Net Minority Interest": "379,998", "Total Unusual Items Excluding Goodwill": "2,275", "Total Unusual Items": "2,275", "Normalized EBITDA": "404,974", "Tax Rate for Calcs": "0", "Tax Effect of Unusual Items": "81.9"}, "1/31/2021": {"Duration": "1/31/2021", "Total Revenue": "1,465,069", "Cost of Revenue": "408,928", "Gross Profit": "1,056,141", "Operating Expense": "678,347", "Operating Income": "377,794", "Net Non Operating Interest Income Expense": "15,859", "Other Income Expense": "340", "Pretax Income": "393,993", "Tax Provision": "13,995", "Net Income Common Stockholders": "379,998", "Diluted NI Available to Com Stockholders": "379,998", "Basic EPS": "-", "Diluted EPS": "-", "Basic Average Shares": "-", "Diluted Average Shares": "-", "Total Operating Income as Reported": "377,794", "Total Expenses": "1,087,275", "Net Income from Continuing & Discontinued Operation": "379,998", "Normalized Income": "377,805", "Interest Income": "15,859", "Net Interest Income": "15,859", "EBIT": "377,794", "EBITDA": "-", "Reconciled Cost of Revenue": "408,928", "Reconciled Depreciation": "29,455", "Net Income from Continuing Operation Net Minority Interest": "379,998", "Total Unusual Items Excluding Goodwill": "2,275", "Total Unusual Items": "2,275", "Normalized EBITDA": "404,974", "Tax Rate for Calcs": "0", "Tax Effect of Unusual Items": "81.9"}, "1/31/2020": {"Duration": "1/31/2020", "Total Revenue": "1,104,081", "Cost of Revenue": "303,369", "Gross Profit": "800,712", "Operating Expense": "514,493", "Operating Income": "286,219", "Net Non Operating Interest Income Expense": "25,185", "Other Income Expense": "2,293", "Pretax Income": "313,697", "Tax Provision": "12,579", "Net Income Common Stockholders": "301,118", "Diluted NI Available to Com Stockholders": "301,118", "Basic EPS": "2.03", "Diluted EPS": "1.90", "Basic Average Shares": "147,796", "Diluted Average Shares": "158,296", "Total Operating Income as Reported": "286,219", "Total Expenses": "817,862", "Net Income from Continuing & Discontinued Operation": "301,118", "Normalized Income": "301,798", "Interest Income": "25,185", "Net Interest Income": "25,185", "EBIT": "286,219", "EBITDA": "-", "Reconciled Cost of Revenue": "303,369", "Reconciled Depreciation": "19,859", "Net Income from Continuing Operation Net Minority Interest": "301,118", "Total Unusual Items Excluding Goodwill": "-708", "Total Unusual Items": "-708", "Normalized EBITDA": "306,786", "Tax Rate for Calcs": "0", "Tax Effect of Unusual Items": "-28.32"}, "1/31/2019": {"Duration": "1/31/2019", "Total Revenue": "862,210", "Cost of Revenue": "245,281", "Gross Profit": "616,929", "Operating Expense": "394,063", "Operating Income": "222,866", "Net Non Operating Interest Income Expense": "15,388", "Other Income Expense": "389", "Pretax Income": "238,643", "Tax Provision": "8,811", "Net Income Common Stockholders": "229,832", "Diluted NI Available to Com Stockholders": "229,832", "Basic EPS": "1.59", "Diluted EPS": "1.47", "Basic Average Shares": "144,244", "Diluted Average Shares": "156,117", "Total Operating Income as Reported": "222,866", "Total Expenses": "639,344", "Net Income from Continuing & Discontinued Operation": "229,832", "Normalized Income": "231,857", "Interest Income": "15,388", "Net Interest Income": "15,388", "EBIT": "222,866", "EBITDA": "-", "Reconciled Cost of Revenue": "245,281", "Reconciled Depreciation": "14,071", "Net Income from Continuing Operation Net Minority Interest": "229,832", "Total Unusual Items Excluding Goodwill": "-2,103", "Total Unusual Items": "-2,103", "Normalized EBITDA": "239,040", "Tax Rate for Calcs": "0", "Tax Effect of Unusual Items": "-77.811"}}, "bs": {"1/31/2021": {"Duration": "1/31/2021", "Total Assets": "3,046,067", "Total Liabilities Net Minority Interest": "779,747", "Total Equity Gross Minority Interest": "2,266,320", "Total Capitalization": "2,266,320", "Common Stock Equity": "2,266,320", "Capital Lease Obligations": "63,118", "Net Tangible Assets": "1,715,696", "Working Capital": "1,594,874", "Invested Capital": "2,266,320", "Tangible Book Value": "1,715,696", "Total Debt": "63,118", "Share Issued": "152,057", "Ordinary Shares Number": "152,057"}, "1/31/2020": {"Duration": "1/31/2020", "Total Assets": "2,271,777", "Total Liabilities Net Minority Interest": "606,183", "Total Equity Gross Minority Interest": "1,665,594", "Total Capitalization": "1,665,594", "Common Stock Equity": "1,665,594", "Capital Lease Obligations": "54,828", "Net Tangible Assets": "1,092,464", "Working Capital": "979,952", "Invested Capital": "1,665,594", "Tangible Book Value": "1,092,464", "Total Debt": "54,828", "Share Issued": "149,096", "Ordinary Shares Number": "149,096"}, "1/31/2019": {"Duration": "1/31/2019", "Total Assets": "1,653,766", "Total Liabilities Net Minority Interest": "416,017", "Total Equity Gross Minority Interest": "1,237,749", "Total Capitalization": "1,237,749", "Common Stock Equity": "1,237,749", "Capital Lease Obligations": "-", "Net Tangible Assets": "1,117,424", "Working Capital": "1,032,392", "Invested Capital": "1,237,749", "Tangible Book Value": "1,117,424", "Total Debt": "-", "Share Issued": "146,190", "Ordinary Shares Number": "146,190"}}, "cf": {"TTM": {"Duration": "TTM", "Operating Cash Flow": "551,246", "Investing Cash Flow": "-333,634", "Financing Cash Flow": "33,818", "End Cash Position": "731,711", "Income Tax Paid Supplemental Data": "18,096", "Capital Expenditure": "-", "Repayment of Debt": "-1,039", "Free Cash Flow": "551,246"}, "1/31/2021": {"Duration": "1/31/2021", "Operating Cash Flow": "551,246", "Investing Cash Flow": "-333,634", "Financing Cash Flow": "33,818", "End Cash Position": "731,711", "Income Tax Paid Supplemental Data": "18,096", "Capital Expenditure": "-", "Repayment of Debt": "-1,039", "Free Cash Flow": "551,246"}, "1/31/2020": {"Duration": "1/31/2020", "Operating Cash Flow": "437,375", "Investing Cash Flow": "-516,910", "Financing Cash Flow": "10,010", "End Cash Position": "479,797", "Income Tax Paid Supplemental Data": "14,289", "Capital Expenditure": "-4,321", "Repayment of Debt": "-984", "Free Cash Flow": "433,054"}, "1/31/2019": {"Duration": "1/31/2019", "Operating Cash Flow": "310,827", "Investing Cash Flow": "-103,869", "Financing Cash Flow": "25,910", "End Cash Position": "552,178", "Income Tax Paid Supplemental Data": "19,541", "Capital Expenditure": "-9,819", "Repayment of Debt": "-", "Free Cash Flow": "301,008"}}}}, {"OMCL": {"quote": {"04/25/2021": {"value": "139.62", "Market Cap": "5.873B", "Beta (5Y Monthly)": "1.03", "PE Ratio (TTM)": "188.68", "EPS (TTM)": "0.74", "Earnings Date": "Apr 29, 2021", "Forward Dividend & Yield": "N/A (N/A)", "Ex-Dividend Date": "N/A", "1y Target Est": "140.13"}}, "fin": {"TTM": {"Duration": "TTM", "Total Revenue": "892,208", "Cost of Revenue": "478,916", "Gross Profit": "413,292", "Operating Expense": "377,766", "Operating Income": "35,526", "Net Non Operating Interest Income Expense": "-6,177", "Pretax Income": "29,349", "Tax Provision": "-2,845", "Net Income Common Stockholders": "32,194", "Diluted NI Available to Com Stockholders": "32,194", "Basic EPS": "-", "Diluted EPS": "-", "Basic Average Shares": "-", "Diluted Average Shares": "-", "Total Operating Income as Reported": "35,526", "Total Expenses": "856,682", "Net Income from Continuing & Discontinued Operation": "32,194", "Normalized Income": "32,194", "Net Interest Income": "-6,177", "EBIT": "35,526", "EBITDA": "107,121", "Reconciled Cost of Revenue": "478,916", "Reconciled Depreciation": "71,595", "Net Income from Continuing Operation Net Minority Interest": "32,194", "Normalized EBITDA": "107,121", "Tax Rate for Calcs": "0", "Tax Effect of Unusual Items": "0"}, "12/31/2020": {"Duration": "12/31/2020", "Total Revenue": "892,208", "Cost of Revenue": "478,916", "Gross Profit": "413,292", "Operating Expense": "377,766", "Operating Income": "35,526", "Net Non Operating Interest Income Expense": "-6,177", "Pretax Income": "29,349", "Tax Provision": "-2,845", "Net Income Common Stockholders": "32,194", "Diluted NI Available to Com Stockholders": "32,194", "Basic EPS": "-", "Diluted EPS": "-", "Basic Average Shares": "-", "Diluted Average Shares": "-", "Total Operating Income as Reported": "35,526", "Total Expenses": "856,682", "Net Income from Continuing & Discontinued Operation": "32,194", "Normalized Income": "32,194", "Net Interest Income": "-6,177", "EBIT": "35,526", "EBITDA": "-", "Reconciled Cost of Revenue": "478,916", "Reconciled Depreciation": "71,595", "Net Income from Continuing Operation Net Minority Interest": "32,194", "Normalized EBITDA": "107,121", "Tax Rate for Calcs": "0", "Tax Effect of Unusual Items": "0"}, "12/31/2019": {"Duration": "12/31/2019", "Total Revenue": "897,027", "Cost of Revenue": "460,115", "Gross Profit": "436,912", "Operating Expense": "358,560", "Operating Income": "78,352", "Net Non Operating Interest Income Expense": "-4,419", "Pretax Income": "73,933", "Tax Provision": "12,595", "Net Income Common Stockholders": "61,338", "Diluted NI Available to Com Stockholders": "61,338", "Basic EPS": "1.48", "Diluted EPS": "1.43", "Basic Average Shares": "41,462", "Diluted Average Shares": "42,943", "Total Operating Income as Reported": "78,352", "Total Expenses": "818,675", "Net Income from Continuing & Discontinued Operation": "61,338", "Normalized Income": "61,338", "Net Interest Income": "-4,419", "EBIT": "78,352", "EBITDA": "-", "Reconciled Cost of Revenue": "460,115", "Reconciled Depreciation": "64,121", "Net Income from Continuing Operation Net Minority Interest": "61,338", "Normalized EBITDA": "142,473", "Tax Rate for Calcs": "0", "Tax Effect of Unusual Items": "0"}, "12/31/2018": {"Duration": "12/31/2018", "Total Revenue": "787,309", "Cost of Revenue": "414,979", "Gross Profit": "372,330", "Operating Expense": "327,938", "Operating Income": "44,392", "Net Non Operating Interest Income Expense": "-8,776", "Pretax Income": "35,616", "Tax Provision": "-2,113", "Net Income Common Stockholders": "37,729", "Diluted NI Available to Com Stockholders": "37,729", "Basic EPS": "0.96", "Diluted EPS": "0.93", "Basic Average Shares": "39,242", "Diluted Average Shares": "40,559", "Total Operating Income as Reported": "44,392", "Total Expenses": "742,917", "Net Income from Continuing & Discontinued Operation": "37,729", "Normalized Income": "37,729", "Net Interest Income": "-8,776", "EBIT": "44,392", "EBITDA": "-", "Reconciled Cost of Revenue": "414,979", "Reconciled Depreciation": "51,350", "Net Income from Continuing Operation Net Minority Interest": "37,729", "Normalized EBITDA": "95,742", "Tax Rate for Calcs": "0", "Tax Effect of Unusual Items": "0"}}, "bs": {"12/31/2020": {"Duration": "12/31/2020", "Total Assets": "1,824,504", "Total Liabilities Net Minority Interest": "857,001", "Total Equity Gross Minority Interest": "967,503", "Total Capitalization": "1,434,704", "Common Stock Equity": "967,503", "Capital Lease Obligations": "61,094", "Net Tangible Assets": "205,956", "Working Capital": "552,991", "Invested Capital": "1,434,704", "Tangible Book Value": "205,956", "Total Debt": "528,295", "Net Debt": "-", "Share Issued": "52,677", "Ordinary Shares Number": "42,783", "Treasury Shares Number": "9,894"}, "12/31/2019": {"Duration": "12/31/2019", "Total Assets": "1,240,810", "Total Liabilities Net Minority Interest": "395,556", "Total Equity Gross Minority Interest": "845,254", "Total Capitalization": "895,254", "Common Stock Equity": "845,254", "Capital Lease Obligations": "60,727", "Net Tangible Assets": "298,778", "Working Capital": "246,242", "Invested Capital": "895,254", "Tangible Book Value": "298,778", "Total Debt": "110,727", "Net Debt": "-", "Share Issued": "51,277", "Ordinary Shares Number": "42,132", "Treasury Shares Number": "9,145"}, "12/31/2018": {"Duration": "12/31/2018", "Total Assets": "1,081,242", "Total Liabilities Net Minority Interest": "401,625", "Total Equity Gross Minority Interest": "679,617", "Total Capitalization": "815,034", "Common Stock Equity": "679,617", "Capital Lease Obligations": "-", "Net Tangible Assets": "143,225", "Working Capital": "192,554", "Invested Capital": "815,034", "Tangible Book Value": "143,225", "Total Debt": "135,417", "Net Debt": "68,225", "Share Issued": "49,480", "Ordinary Shares Number": "40,335", "Treasury Shares Number": "9,145"}}, "cf": {"TTM": {"Duration": "TTM", "Operating Cash Flow": "185,870", "Investing Cash Flow": "-279,866", "Financing Cash Flow": "456,269", "End Cash Position": "489,920", "Income Tax Paid Supplemental Data": "10,343", "Interest Paid Supplemental Data": "522", "Capital Expenditure": "-54,866", "Issuance of Capital Stock": "0", "Issuance of Debt": "709,665", "Repayment of Debt": "-200,000", "Repurchase of Capital Stock": "-53,035", "Free Cash Flow": "131,004"}, "12/31/2020": {"Duration": "12/31/2020", "Operating Cash Flow": "185,870", "Investing Cash Flow": "-279,866", "Financing Cash Flow": "456,269", "End Cash Position": "489,920", "Income Tax Paid Supplemental Data": "10,343", "Interest Paid Supplemental Data": "522", "Capital Expenditure": "-54,866", "Issuance of Capital Stock": "0", "Issuance of Debt": "709,665", "Repayment of Debt": "-200,000", "Repurchase of Capital Stock": "-53,035", "Free Cash Flow": "131,004"}, "12/31/2019": {"Duration": "12/31/2019", "Operating Cash Flow": "145,008", "Investing Cash Flow": "-61,664", "Financing Cash Flow": "-23,479", "End Cash Position": "127,210", "Income Tax Paid Supplemental Data": "7,761", "Interest Paid Supplemental Data": "3,582", "Capital Expenditure": "-61,664", "Issuance of Capital Stock": "37,806", "Issuance of Debt": "0", "Repayment of Debt": "-90,000", "Repurchase of Capital Stock": "-", "Free Cash Flow": "83,344"}, "12/31/2018": {"Duration": "12/31/2018", "Operating Cash Flow": "103,966", "Investing Cash Flow": "-54,374", "Financing Cash Flow": "-13,597", "End Cash Position": "67,192", "Income Tax Paid Supplemental Data": "3,489", "Interest Paid Supplemental Data": "7,487", "Capital Expenditure": "-54,374", "Issuance of Capital Stock": "39,567", "Issuance of Debt": "0", "Repayment of Debt": "-77,000", "Repurchase of Capital Stock": "-", "Free Cash Flow": "49,592"}}}}, {"TDOC": {"quote": {"04/25/2021": {"value": "182.45", "Market Cap": "28.209B", "Beta (5Y Monthly)": "0.23", "PE Ratio (TTM)": "N/A", "EPS (TTM)": "-5.36", "Earnings Date": "Apr 28, 2021", "Forward Dividend & Yield": "N/A (N/A)", "Ex-Dividend Date": "N/A", "1y Target Est": "255.89"}}, "fin": {"TTM": {"Duration": "TTM", "Total Revenue": "1,093,962", "Cost of Revenue": "390,829", "Gross Profit": "703,133", "Operating Expense": "1,121,318", "Operating Income": "-418,185", "Net Non Operating Interest Income Expense": "-60,495", "Other Income Expense": "-97,313", "Pretax Income": "-575,993", "Tax Provision": "-90,857", "Net Income Common Stockholders": "-485,136", "Diluted NI Available to Com Stockholders": "-485,136", "Basic EPS": "-", "Diluted EPS": "-", "Basic Average Shares": "-", "Diluted Average Shares": "-", "Total Operating Income as Reported": "-506,421", "Total Expenses": "1,512,147", "Net Income from Continuing & Discontinued Operation": "-485,136", "Normalized Income": "-403,198", "Interest Expense": "60,495", "Net Interest Income": "-60,495", "EBIT": "-515,498", "EBITDA": "-437,411", "Reconciled Cost of Revenue": "382,237", "Reconciled Depreciation": "78,087", "Net Income from Continuing Operation Net Minority Interest": "-485,136", "Total Unusual Items Excluding Goodwill": "-97,313", "Total Unusual Items": "-97,313", "Normalized EBITDA": "-340,098", "Tax Rate for Calcs": "0", "Tax Effect of Unusual Items": "-15,375"}, "12/31/2020": {"Duration": "12/31/2020", "Total Revenue": "1,093,962", "Cost of Revenue": "390,829", "Gross Profit": "703,133", "Operating Expense": "1,121,318", "Operating Income": "-418,185", "Net Non Operating Interest Income Expense": "-60,495", "Other Income Expense": "-97,313", "Pretax Income": "-575,993", "Tax Provision": "-90,857", "Net Income Common Stockholders": "-485,136", "Diluted NI Available to Com Stockholders": "-485,136", "Basic EPS": "-", "Diluted EPS": "-", "Basic Average Shares": "-", "Diluted Average Shares": "-", "Total Operating Income as Reported": "-506,421", "Total Expenses": "1,512,147", "Net Income from Continuing & Discontinued Operation": "-485,136", "Normalized Income": "-403,198", "Interest Expense": "60,495", "Net Interest Income": "-60,495", "EBIT": "-515,498", "EBITDA": "-", "Reconciled Cost of Revenue": "382,237", "Reconciled Depreciation": "78,087", "Net Income from Continuing Operation Net Minority Interest": "-485,136", "Total Unusual Items Excluding Goodwill": "-97,313", "Total Unusual Items": "-97,313", "Normalized EBITDA": "-340,098", "Tax Rate for Calcs": "0", "Tax Effect of Unusual Items": "-15,375"}, "12/31/2019": {"Duration": "12/31/2019", "Total Revenue": "553,307", "Cost of Revenue": "184,465", "Gross Profit": "368,842", "Operating Expense": "442,664", "Operating Income": "-73,822", "Net Non Operating Interest Income Expense": "-29,013", "Other Income Expense": "-6,620", "Pretax Income": "-109,455", "Tax Provision": "-10,591", "Net Income Common Stockholders": "-98,864", "Diluted NI Available to Com Stockholders": "-98,864", "Basic EPS": "-1.38", "Diluted EPS": "-1.38", "Basic Average Shares": "71,845", "Diluted Average Shares": "71,845", "Total Operating Income as Reported": "-80,442", "Total Expenses": "627,129", "Net Income from Continuing & Discontinued Operation": "-98,864", "Normalized Income": "-92,886", "Interest Expense": "29,013", "Net Interest Income": "-29,013", "EBIT": "-80,442", "EBITDA": "-", "Reconciled Cost of Revenue": "178,465", "Reconciled Depreciation": "44,952", "Net Income from Continuing Operation Net Minority Interest": "-98,864", "Total Unusual Items Excluding Goodwill": "-6,620", "Total Unusual Items": "-6,620", "Normalized EBITDA": "-28,870", "Tax Rate for Calcs": "0", "Tax Effect of Unusual Items": "-642.14"}, "12/31/2018": {"Duration": "12/31/2018", "Total Revenue": "417,907", "Cost of Revenue": "128,735", "Gross Profit": "289,172", "Operating Expense": "355,135", "Operating Income": "-65,963", "Net Non Operating Interest Income Expense": "-26,112", "Other Income Expense": "-4,891", "Pretax Income": "-96,966", "Tax Provision": "118", "Net Income Common Stockholders": "-97,084", "Diluted NI Available to Com Stockholders": "-97,084", "Basic EPS": "-1.47", "Diluted EPS": "-1.47", "Basic Average Shares": "65,845", "Diluted Average Shares": "65,845", "Total Operating Income as Reported": "-70,854", "Total Expenses": "483,870", "Net Income from Continuing & Discontinued Operation": "-97,084", "Normalized Income": "-93,514", "Interest Expense": "26,112", "Net Interest Income": "-26,112", "EBIT": "-70,854", "EBITDA": "-", "Reconciled Cost of Revenue": "128,735", "Reconciled Depreciation": "35,602", "Net Income from Continuing Operation Net Minority Interest": "-97,084", "Total Unusual Items Excluding Goodwill": "-4,891", "Total Unusual Items": "-4,891", "Normalized EBITDA": "-30,361", "Tax Rate for Calcs": "0", "Tax Effect of Unusual Items": "-1,321"}}, "bs": {"12/31/2020": {"Duration": "12/31/2020", "Total Assets": "17,755,281", "Total Liabilities Net Minority Interest": "1,871,477", "Total Equity Gross Minority Interest": "15,883,804", "Total Capitalization": "17,263,396", "Common Stock Equity": "15,883,804", "Capital Lease Obligations": "54,580", "Net Tangible Assets": "-718,315", "Working Capital": "726,958", "Invested Capital": "17,305,956", "Tangible Book Value": "-718,315", "Total Debt": "1,476,732", "Net Debt": "688,828", "Share Issued": "150,281", "Ordinary Shares Number": "150,281"}, "12/31/2019": {"Duration": "12/31/2019", "Total Assets": "1,602,827", "Total Liabilities Net Minority Interest": "588,802", "Total Equity Gross Minority Interest": "1,014,025", "Total Capitalization": "1,454,435", "Common Stock Equity": "1,014,025", "Capital Lease Obligations": "30,082", "Net Tangible Assets": "42,493", "Working Capital": "497,821", "Invested Capital": "1,454,435", "Tangible Book Value": "42,493", "Total Debt": "470,492", "Net Debt": "-", "Share Issued": "72,762", "Ordinary Shares Number": "72,762"}, "12/31/2018": {"Duration": "12/31/2018", "Total Assets": "1,528,876", "Total Liabilities Net Minority Interest": "515,757", "Total Equity Gross Minority Interest": "1,013,119", "Total Capitalization": "1,427,802", "Common Stock Equity": "1,013,119", "Capital Lease Obligations": "-", "Net Tangible Assets": "28,528", "Working Capital": "470,297", "Invested Capital": "1,427,802", "Tangible Book Value": "28,528", "Total Debt": "414,683", "Net Debt": "-", "Share Issued": "70,516", "Ordinary Shares Number": "70,516"}}, "cf": {"TTM": {"Duration": "TTM", "Operating Cash Flow": "-53,511", "Investing Cash Flow": "-590,975", "Financing Cash Flow": "859,136", "End Cash Position": "733,324", "Income Tax Paid Supplemental Data": "1,324", "Interest Paid Supplemental Data": "14,890", "Capital Expenditure": "-26,042", "Issuance of Capital Stock": "-", "Issuance of Debt": "1,000,000", "Repayment of Debt": "-238,153", "Free Cash Flow": "-79,553"}, "12/31/2020": {"Duration": "12/31/2020", "Operating Cash Flow": "-53,511", "Investing Cash Flow": "-590,975", "Financing Cash Flow": "859,136", "End Cash Position": "733,324", "Income Tax Paid Supplemental Data": "1,324", "Interest Paid Supplemental Data": "14,890", "Capital Expenditure": "-26,042", "Issuance of Capital Stock": "-", "Issuance of Debt": "1,000,000", "Repayment of Debt": "-238,153", "Free Cash Flow": "-79,553"}, "12/31/2019": {"Duration": "12/31/2019", "Operating Cash Flow": "29,869", "Investing Cash Flow": "25,013", "Financing Cash Flow": "35,094", "End Cash Position": "514,353", "Income Tax Paid Supplemental Data": "1,310", "Interest Paid Supplemental Data": "12,224", "Capital Expenditure": "-10,900", "Issuance of Capital Stock": "0", "Issuance of Debt": "0", "Repayment of Debt": "0", "Free Cash Flow": "18,969"}, "12/31/2018": {"Duration": "12/31/2018", "Operating Cash Flow": "-4,860", "Investing Cash Flow": "-257,496", "Financing Cash Flow": "645,612", "End Cash Position": "423,989", "Income Tax Paid Supplemental Data": "441", "Interest Paid Supplemental Data": "10,303", "Capital Expenditure": "-8,407", "Issuance of Capital Stock": "330,843", "Issuance of Debt": "279,162", "Repayment of Debt": "0", "Free Cash Flow": "-13,267"}}}}, {"MDFI": {"quote": {"04/25/2021": {"value": "", "Net Assets": "N/A", "Beta (5Y Monthly)": "N/A", "Yield": "N/A", "5y Average Return": "N/A", "Holdings Turnover": "N/A", "Last Dividend": "N/A", "Average for Category": "N/A", "Inception Date": "N/A"}}, "fin": {}, "bs": {}, "cf": {}}}, {"PINC": {"quote": {"04/25/2021": {"value": "35.63", "Market Cap": "4.359B", "Beta (5Y Monthly)": "0.22", "PE Ratio (TTM)": "14.00", "EPS (TTM)": "2.55", "Earnings Date": "May 04, 2021", "Forward Dividend & Yield": "0.76 (2.14%)", "Ex-Dividend Date": "Feb 26, 2021", "1y Target Est": "39.19"}}, "fin": {"TTM": {"Duration": "TTM", "Total Revenue": "1,447,290", "Cost of Revenue": "605,561", "Gross Profit": "841,729", "Operating Expense": "545,710", "Operating Income": "296,019", "Net Non Operating Interest Income Expense": "-16,947", "Other Income Expense": "-7,962", "Pretax Income": "271,110", "Tax Provision": "-83,091", "Net Income Common Stockholders": "504,736", "Average Dilution Earnings": "-139,486", "Diluted NI Available to Com Stockholders": "297,573", "Basic EPS": "-", "Diluted EPS": "-", "Basic Average Shares": "-", "Diluted Average Shares": "-", "Total Operating Income as Reported": "296,019", "Total Expenses": "1,151,271", "Net Income from Continuing & Discontinued Operation": "277,266", "Normalized Income": "302,123", "Interest Expense": "9,692", "Net Interest Income": "-16,947", "EBIT": "320,045", "EBITDA": "458,008", "Reconciled Cost of Revenue": "521,610", "Reconciled Depreciation": "137,963", "Net Income from Continuing Operation Net Minority Interest": "277,216", "Total Unusual Items Excluding Goodwill": "-34,119", "Total Unusual Items": "-34,119", "Normalized EBITDA": "492,127", "Tax Rate for Calcs": "0", "Tax Effect of Unusual Items": "-9,212"}, "6/30/2020": {"Duration": "6/30/2020", "Total Revenue": "1,299,592", "Cost of Revenue": "432,791", "Gross Profit": "866,801", "Operating Expense": "493,181", "Operating Income": "373,620", "Net Non Operating Interest Income Expense": "-11,313", "Other Income Expense": "21,380", "Pretax Income": "383,687", "Tax Provision": "92,561", "Net Income Common Stockholders": "598,675", "Average Dilution Earnings": "-346,649", "Diluted NI Available to Com Stockholders": "252,026", "Basic EPS": "8.93", "Diluted EPS": "2.04", "Basic Average Shares": "67,035", "Diluted Average Shares": "123,614", "Total Operating Income as Reported": "373,620", "Total Expenses": "925,972", "Net Income from Continuing & Discontinued Operation": "130,364", "Normalized Income": "125,750", "Interest Expense": "11,313", "Net Interest Income": "-11,313", "EBIT": "395,000", "EBITDA": "-", "Reconciled Cost of Revenue": "335,494", "Reconciled Depreciation": "152,827", "Net Income from Continuing Operation Net Minority Interest": "129,310", "Total Unusual Items Excluding Goodwill": "4,690", "Total Unusual Items": "4,690", "Normalized EBITDA": "543,137", "Tax Rate for Calcs": "0", "Tax Effect of Unusual Items": "1,130"}, "6/30/2019": {"Duration": "6/30/2019", "Total Revenue": "1,217,638", "Cost of Revenue": "355,630", "Gross Profit": "862,008", "Operating Expense": "493,494", "Operating Income": "368,514", "Net Non Operating Interest Income Expense": "-2,471", "Other Income Expense": "2,096", "Pretax Income": "368,139", "Tax Provision": "33,462", "Net Income Common Stockholders": "-8,944", "Average Dilution Earnings": "0", "Diluted NI Available to Com Stockholders": "-8,944", "Basic EPS": "-0.15", "Diluted EPS": "-0.15", "Basic Average Shares": "59,188", "Diluted Average Shares": "60,269", "Total Operating Income as Reported": "368,514", "Total Expenses": "849,124", "Net Income from Continuing & Discontinued Operation": "109,120", "Normalized Income": "165,791", "Interest Expense": "2,471", "Net Interest Income": "-2,471", "EBIT": "370,610", "EBITDA": "-", "Reconciled Cost of Revenue": "268,751", "Reconciled Depreciation": "140,164", "Net Income from Continuing Operation Net Minority Interest": "159,718", "Total Unusual Items Excluding Goodwill": "-6,681", "Total Unusual Items": "-6,681", "Normalized EBITDA": "517,455", "Tax Rate for Calcs": "0", "Tax Effect of Unusual Items": "-607.971"}, "6/30/2018": {"Duration": "6/30/2018", "Total Revenue": "1,661,256", "Cost of Revenue": "798,291", "Gross Profit": "862,965", "Operating Expense": "323,335", "Operating Income": "539,630", "Net Non Operating Interest Income Expense": "-5,300", "Other Income Expense": "-17,526", "Pretax Income": "516,804", "Tax Provision": "259,234", "Net Income Common Stockholders": "190,882", "Average Dilution Earnings": "-3,569", "Diluted NI Available to Com Stockholders": "187,313", "Basic EPS": "3.57", "Diluted EPS": "1.36", "Basic Average Shares": "53,518", "Diluted Average Shares": "137,340", "Total Operating Income as Reported": "539,630", "Total Expenses": "1,121,626", "Net Income from Continuing & Discontinued Operation": "33,301", "Normalized Income": "35,035", "Interest Expense": "5,300", "Net Interest Income": "-5,300", "EBIT": "522,104", "EBITDA": "-", "Reconciled Cost of Revenue": "726,979", "Reconciled Depreciation": "126,759", "Net Income from Continuing Operation Net Minority Interest": "33,301", "Total Unusual Items Excluding Goodwill": "-2,376", "Total Unusual Items": "-2,376", "Normalized EBITDA": "651,239", "Tax Rate for Calcs": "0", "Tax Effect of Unusual Items": "-641.52"}}, "bs": {"6/30/2020": {"Duration": "6/30/2020", "Total Assets": "2,948,515", "Total Liabilities Net Minority Interest": "2,809,252", "Total Equity Gross Minority Interest": "139,263", "Total Capitalization": "143,903", "Common Stock Equity": "139,263", "Capital Lease Obligations": "52,990", "Net Tangible Assets": "-1,220,124", "Working Capital": "122,288", "Invested Capital": "223,463", "Tangible Book Value": "-1,220,124", "Total Debt": "137,190", "Net Debt": "-", "Share Issued": "71,632", "Ordinary Shares Number": "71,632", "Treasury Shares Number": "-"}, "6/30/2019": {"Duration": "6/30/2019", "Total Assets": "2,569,567", "Total Liabilities Net Minority Interest": "3,431,817", "Total Equity Gross Minority Interest": "-862,250", "Total Capitalization": "-856,247", "Common Stock Equity": "-862,250", "Capital Lease Obligations": "-", "Net Tangible Assets": "-2,013,681", "Working Capital": "156,022", "Invested Capital": "-828,639", "Tangible Book Value": "-2,013,681", "Total Debt": "33,611", "Net Debt": "-", "Share Issued": "64,364", "Ordinary Shares Number": "61,945", "Treasury Shares Number": "2,419"}, "6/30/2018": {"Duration": "6/30/2018", "Total Assets": "2,312,216", "Total Liabilities Net Minority Interest": "3,739,280", "Total Equity Gross Minority Interest": "-1,427,064", "Total Capitalization": "-1,420,102", "Common Stock Equity": "-1,427,064", "Capital Lease Obligations": "-", "Net Tangible Assets": "-2,655,724", "Working Capital": "-20,264", "Invested Capital": "-1,319,852", "Tangible Book Value": "-2,655,724", "Total Debt": "107,212", "Net Debt": "-", "Share Issued": "57,539", "Ordinary Shares Number": "52,769", "Treasury Shares Number": "4,770"}}, "cf": {"TTM": {"Duration": "TTM", "Operating Cash Flow": "238,652", "Investing Cash Flow": "-183,428", "Financing Cash Flow": "-57,781", "End Cash Position": "109,013", "Capital Expenditure": "-94,493", "Issuance of Debt": "400,000", "Repayment of Debt": "-354,058", "Repurchase of Capital Stock": "-1,527", "Free Cash Flow": "144,159"}, "6/30/2020": {"Duration": "6/30/2020", "Operating Cash Flow": "349,524", "Investing Cash Flow": "-222,322", "Financing Cash Flow": "-168,953", "End Cash Position": "99,304", "Capital Expenditure": "-94,397", "Issuance of Debt": "400,000", "Repayment of Debt": "-352,419", "Repurchase of Capital Stock": "-150,093", "Free Cash Flow": "255,127"}, "6/30/2019": {"Duration": "6/30/2019", "Operating Cash Flow": "505,339", "Investing Cash Flow": "-129,470", "Financing Cash Flow": "-387,200", "End Cash Position": "141,055", "Capital Expenditure": "-93,385", "Issuance of Debt": "50,000", "Repayment of Debt": "-125,676", "Repurchase of Capital Stock": "-258,267", "Free Cash Flow": "411,954"}, "6/30/2018": {"Duration": "6/30/2018", "Operating Cash Flow": "507,706", "Investing Cash Flow": "-92,680", "Financing Cash Flow": "-419,375", "End Cash Position": "152,386", "Capital Expenditure": "-92,680", "Issuance of Debt": "30,000", "Repayment of Debt": "-158,002", "Repurchase of Capital Stock": "-206,094", "Free Cash Flow": "415,026"}}}}, {"TCEC": {"quote": {"04/25/2021": {"value": "0.0180", "Market Cap": "540,165", "Beta (5Y Monthly)": "2.91", "PE Ratio (TTM)": "N/A", "EPS (TTM)": "-0.1180", "Earnings Date": "Nov 01, 2019 - Nov 11, 2019", "Forward Dividend & Yield": "N/A (N/A)", "Ex-Dividend Date": "N/A", "1y Target Est": "N/A"}}, "fin": {}, "bs": {}, "cf": {}}}, {"MDSO": {"fin": {}, "bs": {}, "cf": {}}}, {"OMCM": {"fin": {}, "bs": {}, "cf": {}}}, {"CNAB": {"fin": {}, "bs": {}, "cf": {}}}, {"WBSI": {"fin": {}, "bs": {}, "cf": {}}}, {"MODLF": {"fin": {}, "bs": {}, "cf": {}}}]