[{"A": {"quote": {"05/11/2021": {"value": "131.42", "Market Cap": "40.043B", "Beta (5Y Monthly)": "1.01", "PE Ratio (TTM)": "50.60", "EPS (TTM)": "2.60", "Earnings Date": "May 25, 2021", "Forward Dividend & Yield": "0.78 (0.59%)", "Ex-Dividend Date": "Apr 05, 2021", "1y Target Est": "140.23"}}, "fin": {"TTM": {"Duration": "TTM", "Total Revenue": "5,530,000", "Cost of Revenue": "2,578,000", "Gross Profit": "2,952,000", "Operating Expense": "1,993,000", "Operating Income": "959,000", "Net Non Operating Interest Income Expense": "-72,000", "Other Income Expense": "48,000", "Pretax Income": "935,000", "Tax Provision": "125,000", "Net Income Common Stockholders": "810,000", "Diluted NI Available to Com Stockholders": "810,000", "Basic EPS": "-", "Diluted EPS": "-", "Basic Average Shares": "-", "Diluted Average Shares": "-", "Total Operating Income as Reported": "959,000", "Total Expenses": "4,571,000", "Net Income from Continuing & Discontinued Operation": "810,000", "Normalized Income": "810,000", "Interest Income": "5,000", "Interest Expense": "77,000", "Net Interest Income": "-72,000", "EBIT": "1,012,000", "EBITDA": "1,317,000", "Reconciled Cost of Revenue": "2,578,000", "Reconciled Depreciation": "305,000", "Net Income from Continuing Operation Net Minority Interest": "810,000", "Normalized EBITDA": "1,317,000", "Tax Rate for Calcs": "0", "Tax Effect of Unusual Items": "0"}, "10/31/2020": {"Duration": "10/31/2020", "Total Revenue": "5,339,000", "Cost of Revenue": "2,502,000", "Gross Profit": "2,837,000", "Operating Expense": "1,991,000", "Operating Income": "846,000", "Net Non Operating Interest Income Expense": "-70,000", "Other Income Expense": "66,000", "Pretax Income": "842,000", "Tax Provision": "123,000", "Net Income Common Stockholders": "719,000", "Diluted NI Available to Com Stockholders": "719,000", "Basic EPS": "2.33", "Diluted EPS": "2.30", "Basic Average Shares": "309,000", "Diluted Average Shares": "312,000", "Total Operating Income as Reported": "846,000", "Total Expenses": "4,493,000", "Net Income from Continuing & Discontinued Operation": "719,000", "Normalized Income": "719,000", "Interest Income": "8,000", "Interest Expense": "78,000", "Net Interest Income": "-70,000", "EBIT": "920,000", "EBITDA": "-", "Reconciled Cost of Revenue": "2,502,000", "Reconciled Depreciation": "308,000", "Net Income from Continuing Operation Net Minority Interest": "719,000", "Normalized EBITDA": "1,228,000", "Tax Rate for Calcs": "0", "Tax Effect of Unusual Items": "0"}, "10/31/2019": {"Duration": "10/31/2019", "Total Revenue": "5,163,000", "Cost of Revenue": "2,358,000", "Gross Profit": "2,805,000", "Operating Expense": "1,864,000", "Operating Income": "941,000", "Net Non Operating Interest Income Expense": "-38,000", "Other Income Expense": "16,000", "Pretax Income": "919,000", "Tax Provision": "-152,000", "Net Income Common Stockholders": "1,071,000", "Diluted NI Available to Com Stockholders": "1,071,000", "Basic EPS": "3.41", "Diluted EPS": "3.37", "Basic Average Shares": "314,000", "Diluted Average Shares": "318,000", "Total Operating Income as Reported": "941,000", "Total Expenses": "4,222,000", "Net Income from Continuing & Discontinued Operation": "1,071,000", "Normalized Income": "1,071,000", "Interest Income": "36,000", "Interest Expense": "74,000", "Net Interest Income": "-38,000", "EBIT": "993,000", "EBITDA": "-", "Reconciled Cost of Revenue": "2,358,000", "Reconciled Depreciation": "238,000", "Net Income from Continuing Operation Net Minority Interest": "1,071,000", "Normalized EBITDA": "1,231,000", "Tax Rate for Calcs": "0", "Tax Effect of Unusual Items": "0"}, "10/31/2018": {"Duration": "10/31/2018", "Total Revenue": "4,914,000", "Cost of Revenue": "2,227,000", "Gross Profit": "2,687,000", "Operating Expense": "1,759,000", "Operating Income": "928,000", "Net Non Operating Interest Income Expense": "-37,000", "Other Income Expense": "55,000", "Pretax Income": "946,000", "Tax Provision": "630,000", "Net Income Common Stockholders": "316,000", "Diluted NI Available to Com Stockholders": "316,000", "Basic EPS": "0.98", "Diluted EPS": "0.97", "Basic Average Shares": "321,000", "Diluted Average Shares": "325,000", "Total Operating Income as Reported": "928,000", "Total Expenses": "3,986,000", "Net Income from Continuing & Discontinued Operation": "316,000", "Normalized Income": "316,000", "Interest Income": "38,000", "Interest Expense": "75,000", "Net Interest Income": "-37,000", "EBIT": "1,021,000", "EBITDA": "-", "Reconciled Cost of Revenue": "2,227,000", "Reconciled Depreciation": "210,000", "Net Income from Continuing Operation Net Minority Interest": "316,000", "Normalized EBITDA": "1,231,000", "Tax Rate for Calcs": "0", "Tax Effect of Unusual Items": "0"}}, "bs": {"10/31/2020": {"Duration": "10/31/2020", "Total Assets": "9,627,000", "Total Liabilities Net Minority Interest": "4,754,000", "Total Equity Gross Minority Interest": "4,873,000", "Total Capitalization": "7,157,000", "Common Stock Equity": "4,873,000", "Net Tangible Assets": "440,000", "Working Capital": "1,948,000", "Invested Capital": "7,232,000", "Tangible Book Value": "440,000", "Total Debt": "2,359,000", "Net Debt": "918,000", "Share Issued": "306,000", "Ordinary Shares Number": "306,000"}, "10/31/2019": {"Duration": "10/31/2019", "Total Assets": "9,452,000", "Total Liabilities Net Minority Interest": "4,704,000", "Total Equity Gross Minority Interest": "4,748,000", "Total Capitalization": "6,539,000", "Common Stock Equity": "4,748,000", "Net Tangible Assets": "48,000", "Working Capital": "1,109,000", "Invested Capital": "7,155,000", "Tangible Book Value": "48,000", "Total Debt": "2,407,000", "Net Debt": "1,025,000", "Share Issued": "309,000", "Ordinary Shares Number": "309,000"}, "10/31/2018": {"Duration": "10/31/2018", "Total Assets": "8,541,000", "Total Liabilities Net Minority Interest": "3,970,000", "Total Equity Gross Minority Interest": "4,571,000", "Total Capitalization": "6,366,000", "Common Stock Equity": "4,567,000", "Net Tangible Assets": "1,103,000", "Working Capital": "2,677,000", "Invested Capital": "6,366,000", "Tangible Book Value": "1,103,000", "Total Debt": "1,799,000", "Net Debt": "-", "Share Issued": "318,000", "Ordinary Shares Number": "318,000"}}, "cf": {"TTM": {"Duration": "TTM", "Operating Cash Flow": "1,218,000", "Investing Cash Flow": "-154,000", "Financing Cash Flow": "-972,000", "Cash Flow from Discontinued Operation": "-", "End Cash Position": "1,324,000", "Income Tax Paid Supplemental Data": "172,000", "Interest Paid Supplemental Data": "73,000", "Capital Expenditure": "-126,000", "Issuance of Debt": "2,070,000", "Repayment of Debt": "-2,037,000", "Repurchase of Capital Stock": "-753,000", "Free Cash Flow": "1,092,000"}, "10/31/2020": {"Duration": "10/31/2020", "Operating Cash Flow": "921,000", "Investing Cash Flow": "-147,000", "Financing Cash Flow": "-717,000", "Cash Flow from Discontinued Operation": "-", "End Cash Position": "1,447,000", "Income Tax Paid Supplemental Data": "361,000", "Interest Paid Supplemental Data": "71,000", "Capital Expenditure": "-119,000", "Issuance of Debt": "1,717,000", "Repayment of Debt": "-1,762,000", "Repurchase of Capital Stock": "-469,000", "Free Cash Flow": "802,000"}, "10/31/2019": {"Duration": "10/31/2019", "Operating Cash Flow": "1,021,000", "Investing Cash Flow": "-1,590,000", "Financing Cash Flow": "-299,000", "Cash Flow from Discontinued Operation": "-", "End Cash Position": "1,388,000", "Income Tax Paid Supplemental Data": "159,000", "Interest Paid Supplemental Data": "80,000", "Capital Expenditure": "-156,000", "Issuance of Debt": "1,302,000", "Repayment of Debt": "-702,000", "Repurchase of Capital Stock": "-723,000", "Free Cash Flow": "865,000"}, "10/31/2018": {"Duration": "10/31/2018", "Operating Cash Flow": "1,087,000", "Investing Cash Flow": "-704,000", "Financing Cash Flow": "-797,000", "Cash Flow from Discontinued Operation": "-", "End Cash Position": "2,247,000", "Income Tax Paid Supplemental Data": "102,000", "Interest Paid Supplemental Data": "80,000", "Capital Expenditure": "-177,000", "Issuance of Debt": "483,000", "Repayment of Debt": "-693,000", "Repurchase of Capital Stock": "-422,000", "Free Cash Flow": "910,000"}}}}, {"LH": {"quote": {"05/11/2021": {"value": "276.10", "Market Cap": "26.975B", "Beta (5Y Monthly)": "1.05", "PE Ratio (TTM)": "10.27", "EPS (TTM)": "26.89", "Earnings Date": "Jul 26, 2021 - Jul 30, 2021", "Forward Dividend & Yield": "N/A (N/A)", "Ex-Dividend Date": "Mar 29, 1994", "1y Target Est": "295.85"}}, "fin": {"TTM": {"Duration": "TTM", "Total Revenue": "13,978,500", "Cost of Revenue": "9,025,700", "Gross Profit": "4,952,800", "Operating Expense": "2,004,700", "Operating Income": "2,948,100", "Net Non Operating Interest Income Expense": "-207,400", "Other Income Expense": "-521,600", "Pretax Income": "2,219,100", "Tax Provision": "662,100", "Net Income Common Stockholders": "1,556,100", "Diluted NI Available to Com Stockholders": "1,556,100", "Basic EPS": "-", "Diluted EPS": "-", "Basic Average Shares": "-", "Diluted Average Shares": "-", "Total Operating Income as Reported": "2,445,400", "Total Expenses": "11,030,400", "Net Income from Continuing & Discontinued Operation": "1,556,100", "Normalized Income": "1,901,765", "Interest Expense": "207,400", "Net Interest Income": "-207,400", "EBIT": "2,426,500", "EBITDA": "3,051,200", "Reconciled Cost of Revenue": "8,676,400", "Reconciled Depreciation": "624,700", "Net Income from Continuing Operation Net Minority Interest": "1,556,100", "Total Unusual Items Excluding Goodwill": "-492,400", "Total Unusual Items": "-492,400", "Normalized EBITDA": "3,543,600", "Tax Rate for Calcs": "0", "Tax Effect of Unusual Items": "-146,735"}, "12/31/2020": {"Duration": "12/31/2020", "Total Revenue": "13,978,500", "Cost of Revenue": "9,025,700", "Gross Profit": "4,952,800", "Operating Expense": "2,004,700", "Operating Income": "2,948,100", "Net Non Operating Interest Income Expense": "-207,400", "Other Income Expense": "-521,600", "Pretax Income": "2,219,100", "Tax Provision": "662,100", "Net Income Common Stockholders": "1,556,100", "Diluted NI Available to Com Stockholders": "1,556,100", "Basic EPS": "-", "Diluted EPS": "-", "Basic Average Shares": "-", "Diluted Average Shares": "-", "Total Operating Income as Reported": "2,445,400", "Total Expenses": "11,030,400", "Net Income from Continuing & Discontinued Operation": "1,556,100", "Normalized Income": "1,901,765", "Interest Expense": "207,400", "Net Interest Income": "-207,400", "EBIT": "2,426,500", "EBITDA": "-", "Reconciled Cost of Revenue": "8,676,400", "Reconciled Depreciation": "624,700", "Net Income from Continuing Operation Net Minority Interest": "1,556,100", "Total Unusual Items Excluding Goodwill": "-492,400", "Total Unusual Items": "-492,400", "Normalized EBITDA": "3,543,600", "Tax Rate for Calcs": "0", "Tax Effect of Unusual Items": "-146,735"}, "12/31/2019": {"Duration": "12/31/2019", "Total Revenue": "11,554,800", "Cost of Revenue": "8,302,300", "Gross Profit": "3,252,500", "Operating Expense": "1,867,700", "Operating Income": "1,384,800", "Net Non Operating Interest Income Expense": "-240,700", "Other Income Expense": "-39,200", "Pretax Income": "1,104,900", "Tax Provision": "280,000", "Net Income Common Stockholders": "823,800", "Diluted NI Available to Com Stockholders": "823,800", "Basic EPS": "8.42", "Diluted EPS": "8.35", "Basic Average Shares": "97,900", "Diluted Average Shares": "98,600", "Total Operating Income as Reported": "1,330,200", "Total Expenses": "10,170,000", "Net Income from Continuing & Discontinued Operation": "823,800", "Normalized Income": "858,013", "Interest Expense": "240,700", "Net Interest Income": "-240,700", "EBIT": "1,345,600", "EBITDA": "-", "Reconciled Cost of Revenue": "7,968,300", "Reconciled Depreciation": "577,200", "Net Income from Continuing Operation Net Minority Interest": "823,800", "Total Unusual Items Excluding Goodwill": "-45,800", "Total Unusual Items": "-45,800", "Normalized EBITDA": "1,968,600", "Tax Rate for Calcs": "0", "Tax Effect of Unusual Items": "-11,587"}, "12/31/2018": {"Duration": "12/31/2018", "Total Revenue": "11,333,400", "Cost of Revenue": "8,157,000", "Gross Profit": "3,176,400", "Operating Expense": "1,802,600", "Operating Income": "1,373,800", "Net Non Operating Interest Income Expense": "-244,200", "Other Income Expense": "138,700", "Pretax Income": "1,268,300", "Tax Provision": "384,400", "Net Income Common Stockholders": "883,700", "Diluted NI Available to Com Stockholders": "883,700", "Basic EPS": "8.71", "Diluted EPS": "8.61", "Basic Average Shares": "101,400", "Diluted Average Shares": "102,600", "Total Operating Income as Reported": "1,325,700", "Total Expenses": "9,959,600", "Net Income from Continuing & Discontinued Operation": "883,700", "Normalized Income": "911,998", "Interest Expense": "244,200", "Net Interest Income": "-244,200", "EBIT": "1,512,500", "EBITDA": "-", "Reconciled Cost of Revenue": "7,836,600", "Reconciled Depreciation": "552,100", "Net Income from Continuing Operation Net Minority Interest": "883,700", "Total Unusual Items Excluding Goodwill": "-40,600", "Total Unusual Items": "-40,600", "Normalized EBITDA": "2,105,200", "Tax Rate for Calcs": "0", "Tax Effect of Unusual Items": "-12,302"}}, "bs": {"12/31/2020": {"Duration": "12/31/2020", "Total Assets": "20,071,700", "Total Liabilities Net Minority Interest": "10,712,000", "Total Equity Gross Minority Interest": "9,359,700", "Total Capitalization": "14,778,700", "Common Stock Equity": "9,359,700", "Capital Lease Obligations": "960,700", "Net Tangible Assets": "-2,352,900", "Working Capital": "2,046,900", "Invested Capital": "15,155,400", "Tangible Book Value": "-2,352,900", "Total Debt": "6,756,400", "Net Debt": "4,474,900", "Share Issued": "97,500", "Ordinary Shares Number": "97,500", "Treasury Shares Number": "-"}, "12/31/2019": {"Duration": "12/31/2019", "Total Assets": "18,046,400", "Total Liabilities Net Minority Interest": "10,479,400", "Total Equity Gross Minority Interest": "7,567,000", "Total Capitalization": "13,356,800", "Common Stock Equity": "7,567,000", "Capital Lease Obligations": "902,600", "Net Tangible Assets": "-4,332,500", "Working Capital": "325,400", "Invested Capital": "13,772,000", "Tangible Book Value": "-4,332,500", "Total Debt": "7,107,600", "Net Debt": "5,867,500", "Share Issued": "97,200", "Ordinary Shares Number": "97,200", "Treasury Shares Number": "0"}, "12/31/2018": {"Duration": "12/31/2018", "Total Assets": "16,185,300", "Total Liabilities Net Minority Interest": "9,213,900", "Total Equity Gross Minority Interest": "6,971,400", "Total Capitalization": "12,962,300", "Common Stock Equity": "6,971,400", "Capital Lease Obligations": "58,900", "Net Tangible Assets": "-4,300,000", "Working Capital": "956,500", "Invested Capital": "12,972,300", "Tangible Book Value": "-4,300,000", "Total Debt": "6,059,800", "Net Debt": "5,574,100", "Share Issued": "122,400", "Ordinary Shares Number": "98,900", "Treasury Shares Number": "23,500"}}, "cf": {"TTM": {"Duration": "TTM", "Operating Cash Flow": "2,135,300", "Investing Cash Flow": "-643,200", "Financing Cash Flow": "-517,400", "End Cash Position": "1,320,800", "Income Tax Paid Supplemental Data": "-", "Interest Paid Supplemental Data": "-", "Capital Expenditure": "-381,700", "Issuance of Debt": "151,700", "Repayment of Debt": "-563,900", "Repurchase of Capital Stock": "-100,000", "Free Cash Flow": "1,753,600"}, "12/31/2020": {"Duration": "12/31/2020", "Operating Cash Flow": "2,135,300", "Investing Cash Flow": "-643,200", "Financing Cash Flow": "-517,400", "End Cash Position": "1,320,800", "Income Tax Paid Supplemental Data": "-", "Interest Paid Supplemental Data": "-", "Capital Expenditure": "-381,700", "Issuance of Debt": "151,700", "Repayment of Debt": "-563,900", "Repurchase of Capital Stock": "-100,000", "Free Cash Flow": "1,753,600"}, "12/31/2019": {"Duration": "12/31/2019", "Operating Cash Flow": "1,444,700", "Investing Cash Flow": "-1,283,100", "Financing Cash Flow": "-252,700", "End Cash Position": "337,500", "Income Tax Paid Supplemental Data": "-", "Interest Paid Supplemental Data": "-", "Capital Expenditure": "-400,200", "Issuance of Debt": "2,395,000", "Repayment of Debt": "-2,184,900", "Repurchase of Capital Stock": "-450,000", "Free Cash Flow": "1,044,500"}, "12/31/2018": {"Duration": "12/31/2018", "Operating Cash Flow": "1,305,400", "Investing Cash Flow": "206,700", "Financing Cash Flow": "-1,389,900", "End Cash Position": "426,800", "Income Tax Paid Supplemental Data": "349,700", "Interest Paid Supplemental Data": "296,200", "Capital Expenditure": "-379,800", "Issuance of Debt": "467,200", "Repayment of Debt": "-1,171,800", "Repurchase of Capital Stock": "-700,000", "Free Cash Flow": "925,600"}}}}, {"ABAX": {"quote": {"05/11/2021": {"value": "", "Net Assets": "N/A", "Beta (5Y Monthly)": "N/A", "Yield": "N/A", "5y Average Return": "N/A", "Holdings Turnover": "N/A", "Last Dividend": "N/A", "Average for Category": "N/A", "Inception Date": "N/A"}}, "fin": {}, "bs": {}, "cf": {}}}, {"AXDX": {"quote": {"05/11/2021": {"value": "7.19", "Market Cap": "450.203M", "Beta (5Y Monthly)": "1.94", "PE Ratio (TTM)": "N/A", "EPS (TTM)": "-1.42", "Earnings Date": "Aug 04, 2021 - Aug 09, 2021", "Forward Dividend & Yield": "N/A (N/A)", "Ex-Dividend Date": "N/A", "1y Target Est": "13.00"}}, "fin": {"TTM": {"Duration": "TTM", "Total Revenue": "11,165", "Cost of Revenue": "6,706", "Gross Profit": "4,459", "Operating Expense": "68,159", "Operating Income": "-63,700", "Net Non Operating Interest Income Expense": "-14,695", "Other Income Expense": "192", "Pretax Income": "-78,203", "Tax Provision": "5", "Net Income Common Stockholders": "-78,208", "Diluted NI Available to Com Stockholders": "-78,208", "Basic EPS": "-", "Diluted EPS": "-", "Basic Average Shares": "-", "Diluted Average Shares": "-", "Total Operating Income as Reported": "-63,700", "Total Expenses": "74,865", "Net Income from Continuing & Discontinued Operation": "-78,208", "Normalized Income": "-78,392", "Interest Income": "855", "Interest Expense": "15,550", "Net Interest Income": "-14,695", "EBIT": "-62,653", "EBITDA": "-59,656", "Reconciled Cost of Revenue": "6,706", "Reconciled Depreciation": "2,997", "Net Income from Continuing Operation Net Minority Interest": "-78,208", "Total Unusual Items Excluding Goodwill": "252", "Total Unusual Items": "252", "Normalized EBITDA": "-59,908", "Tax Rate for Calcs": "0", "Tax Effect of Unusual Items": "68.04"}, "12/31/2020": {"Duration": "12/31/2020", "Total Revenue": "11,165", "Cost of Revenue": "6,706", "Gross Profit": "4,459", "Operating Expense": "68,159", "Operating Income": "-63,700", "Net Non Operating Interest Income Expense": "-14,695", "Other Income Expense": "192", "Pretax Income": "-78,203", "Tax Provision": "5", "Net Income Common Stockholders": "-78,208", "Diluted NI Available to Com Stockholders": "-78,208", "Basic EPS": "-", "Diluted EPS": "-", "Basic Average Shares": "-", "Diluted Average Shares": "-", "Total Operating Income as Reported": "-63,700", "Total Expenses": "74,865", "Net Income from Continuing & Discontinued Operation": "-78,208", "Normalized Income": "-78,392", "Interest Income": "855", "Interest Expense": "15,550", "Net Interest Income": "-14,695", "EBIT": "-62,653", "EBITDA": "-", "Reconciled Cost of Revenue": "6,706", "Reconciled Depreciation": "2,997", "Net Income from Continuing Operation Net Minority Interest": "-78,208", "Total Unusual Items Excluding Goodwill": "252", "Total Unusual Items": "252", "Normalized EBITDA": "-59,908", "Tax Rate for Calcs": "0", "Tax Effect of Unusual Items": "68.04"}, "12/31/2019": {"Duration": "12/31/2019", "Total Revenue": "9,297", "Cost of Revenue": "4,897", "Gross Profit": "4,400", "Operating Expense": "77,231", "Operating Income": "-72,831", "Net Non Operating Interest Income Expense": "-11,447", "Other Income Expense": "-138", "Pretax Income": "-84,416", "Tax Provision": "-111", "Net Income Common Stockholders": "-84,305", "Diluted NI Available to Com Stockholders": "-84,305", "Basic EPS": "-1.55", "Diluted EPS": "-1.55", "Basic Average Shares": "54,506", "Diluted Average Shares": "54,506", "Total Operating Income as Reported": "-72,831", "Total Expenses": "82,128", "Net Income from Continuing & Discontinued Operation": "-84,305", "Normalized Income": "-84,181", "Interest Income": "2,809", "Interest Expense": "14,256", "Net Interest Income": "-11,447", "EBIT": "-70,160", "EBITDA": "-", "Reconciled Cost of Revenue": "4,897", "Reconciled Depreciation": "2,602", "Net Income from Continuing Operation Net Minority Interest": "-84,305", "Total Unusual Items Excluding Goodwill": "-124", "Total Unusual Items": "-124", "Normalized EBITDA": "-67,434", "Tax Rate for Calcs": "0", "Tax Effect of Unusual Items": "-0.1612"}, "12/31/2018": {"Duration": "12/31/2018", "Total Revenue": "5,670", "Cost of Revenue": "3,187", "Gross Profit": "2,483", "Operating Expense": "82,852", "Operating Income": "-80,369", "Net Non Operating Interest Income Expense": "-7,268", "Other Income Expense": "-478", "Pretax Income": "-88,115", "Tax Provision": "211", "Net Income Common Stockholders": "-88,326", "Diluted NI Available to Com Stockholders": "-88,326", "Basic EPS": "-1.62", "Diluted EPS": "-1.62", "Basic Average Shares": "54,494", "Diluted Average Shares": "54,494", "Total Operating Income as Reported": "-80,369", "Total Expenses": "86,039", "Net Income from Continuing & Discontinued Operation": "-88,326", "Normalized Income": "-87,997", "Interest Income": "2,845", "Interest Expense": "10,113", "Net Interest Income": "-7,268", "EBIT": "-78,002", "EBITDA": "-", "Reconciled Cost of Revenue": "3,187", "Reconciled Depreciation": "2,561", "Net Income from Continuing Operation Net Minority Interest": "-88,326", "Total Unusual Items Excluding Goodwill": "-450", "Total Unusual Items": "-450", "Normalized EBITDA": "-74,991", "Tax Rate for Calcs": "0", "Tax Effect of Unusual Items": "-121.5"}}, "bs": {"12/31/2020": {"Duration": "12/31/2020", "Total Assets": "93,425", "Total Liabilities Net Minority Interest": "156,237", "Total Equity Gross Minority Interest": "-62,812", "Total Capitalization": "83,058", "Common Stock Equity": "-62,812", "Capital Lease Obligations": "3,560", "Net Tangible Assets": "-62,812", "Working Capital": "75,018", "Invested Capital": "83,611", "Tangible Book Value": "-62,812", "Total Debt": "149,983", "Net Debt": "110,642", "Share Issued": "57,608", "Ordinary Shares Number": "57,608"}, "12/31/2019": {"Duration": "12/31/2019", "Total Assets": "134,424", "Total Liabilities Net Minority Interest": "141,803", "Total Equity Gross Minority Interest": "-7,379", "Total Capitalization": "122,664", "Common Stock Equity": "-7,379", "Capital Lease Obligations": "4,029", "Net Tangible Assets": "-7,379", "Working Capital": "113,690", "Invested Capital": "122,664", "Tangible Book Value": "-7,379", "Total Debt": "134,072", "Net Debt": "69,029", "Share Issued": "54,709", "Ordinary Shares Number": "54,709"}, "12/31/2018": {"Duration": "12/31/2018", "Total Assets": "185,265", "Total Liabilities Net Minority Interest": "127,890", "Total Equity Gross Minority Interest": "57,375", "Total Capitalization": "177,449", "Common Stock Equity": "57,375", "Capital Lease Obligations": "-", "Net Tangible Assets": "57,261", "Working Capital": "169,877", "Invested Capital": "177,449", "Tangible Book Value": "57,261", "Total Debt": "120,074", "Net Debt": "53,814", "Share Issued": "54,232", "Ordinary Shares Number": "54,232"}}, "cf": {"TTM": {"Duration": "TTM", "Operating Cash Flow": "-50,394", "Investing Cash Flow": "13,606", "Financing Cash Flow": "11,633", "End Cash Position": "35,781", "Income Tax Paid Supplemental Data": "43", "Interest Paid Supplemental Data": "4,288", "Capital Expenditure": "-1,362", "Issuance of Capital Stock": "359", "Issuance of Debt": "5,578", "Repayment of Debt": "-366", "Repurchase of Capital Stock": "-", "Free Cash Flow": "-51,756"}, "12/31/2020": {"Duration": "12/31/2020", "Operating Cash Flow": "-50,394", "Investing Cash Flow": "13,606", "Financing Cash Flow": "11,633", "End Cash Position": "35,781", "Income Tax Paid Supplemental Data": "43", "Interest Paid Supplemental Data": "4,288", "Capital Expenditure": "-1,362", "Issuance of Capital Stock": "359", "Issuance of Debt": "5,578", "Repayment of Debt": "-366", "Repurchase of Capital Stock": "-", "Free Cash Flow": "-51,756"}, "12/31/2019": {"Duration": "12/31/2019", "Operating Cash Flow": "-64,794", "Investing Cash Flow": "52,811", "Financing Cash Flow": "6,823", "End Cash Position": "61,014", "Income Tax Paid Supplemental Data": "41", "Interest Paid Supplemental Data": "4,288", "Capital Expenditure": "-330", "Issuance of Capital Stock": "1,458", "Issuance of Debt": "0", "Repayment of Debt": "-", "Repurchase of Capital Stock": "-", "Free Cash Flow": "-65,124"}, "12/31/2018": {"Duration": "12/31/2018", "Operating Cash Flow": "-67,756", "Investing Cash Flow": "-20,138", "Financing Cash Flow": "125,771", "End Cash Position": "66,260", "Income Tax Paid Supplemental Data": "651", "Interest Paid Supplemental Data": "2,001", "Capital Expenditure": "-998", "Issuance of Capital Stock": "583", "Issuance of Debt": "171,500", "Repayment of Debt": "0", "Repurchase of Capital Stock": "-45,069", "Free Cash Flow": "-68,754"}}}}, {"ALR": {"quote": {"05/11/2021": {"value": "", "Net Assets": "N/A", "Beta (5Y Monthly)": "N/A", "Yield": "N/A", "5y Average Return": "N/A", "Holdings Turnover": "N/A", "Last Dividend": "N/A", "Average for Category": "N/A", "Inception Date": "N/A"}}, "fin": {}, "bs": {}, "cf": {}}}, {"ALOG": {"quote": {"05/11/2021": {"value": "", "Net Assets": "N/A", "Beta (5Y Monthly)": "N/A", "Yield": "N/A", "5y Average Return": "N/A", "Holdings Turnover": "N/A", "Last Dividend": "N/A", "Average for Category": "N/A", "Inception Date": "N/A"}}, "fin": {}, "bs": {}, "cf": {}}}, {"GBSN": {"quote": {"05/11/2021": {"value": "", "Net Assets": "N/A", "Beta (5Y Monthly)": "N/A", "Yield": "N/A", "5y Average Return": "N/A", "Holdings Turnover": "N/A", "Last Dividend": "N/A", "Average for Category": "N/A", "Inception Date": "N/A"}}, "fin": {}, "bs": {}, "cf": {}}}, {"BRKR": {"quote": {"05/11/2021": {"value": "69.15", "Market Cap": "10.479B", "Beta (5Y Monthly)": "1.30", "PE Ratio (TTM)": "52.35", "EPS (TTM)": "1.32", "Earnings Date": "Aug 02, 2021 - Aug 06, 2021", "Forward Dividend & Yield": "0.16 (0.23%)", "Ex-Dividend Date": "Mar 04, 2021", "1y Target Est": "72.17"}}, "fin": {"TTM": {"Duration": "TTM", "Total Revenue": "1,987,500", "Cost of Revenue": "1,047,700", "Gross Profit": "939,800", "Operating Expense": "678,300", "Operating Income": "261,500", "Net Non Operating Interest Income Expense": "-11,200", "Other Income Expense": "-24,500", "Pretax Income": "225,800", "Tax Provision": "64,400", "Net Income Common Stockholders": "157,800", "Diluted NI Available to Com Stockholders": "157,800", "Basic EPS": "-", "Diluted EPS": "-", "Basic Average Shares": "-", "Diluted Average Shares": "-", "Total Operating Income as Reported": "248,300", "Total Expenses": "1,726,000", "Net Income from Continuing & Discontinued Operation": "157,800", "Normalized Income": "175,318", "Interest Income": "3,200", "Interest Expense": "14,400", "Net Interest Income": "-11,200", "EBIT": "240,200", "EBITDA": "320,600", "Reconciled Cost of Revenue": "1,047,700", "Reconciled Depreciation": "80,400", "Net Income from Continuing Operation Net Minority Interest": "157,800", "Total Unusual Items Excluding Goodwill": "-24,500", "Total Unusual Items": "-24,500", "Normalized EBITDA": "345,100", "Tax Rate for Calcs": "0", "Tax Effect of Unusual Items": "-6,982"}, "12/31/2020": {"Duration": "12/31/2020", "Total Revenue": "1,987,500", "Cost of Revenue": "1,047,700", "Gross Profit": "939,800", "Operating Expense": "678,300", "Operating Income": "261,500", "Net Non Operating Interest Income Expense": "-11,200", "Other Income Expense": "-24,500", "Pretax Income": "225,800", "Tax Provision": "64,400", "Net Income Common Stockholders": "157,800", "Diluted NI Available to Com Stockholders": "157,800", "Basic EPS": "-", "Diluted EPS": "-", "Basic Average Shares": "-", "Diluted Average Shares": "-", "Total Operating Income as Reported": "248,300", "Total Expenses": "1,726,000", "Net Income from Continuing & Discontinued Operation": "157,800", "Normalized Income": "175,318", "Interest Income": "3,200", "Interest Expense": "14,400", "Net Interest Income": "-11,200", "EBIT": "240,200", "EBITDA": "-", "Reconciled Cost of Revenue": "1,047,700", "Reconciled Depreciation": "80,400", "Net Income from Continuing Operation Net Minority Interest": "157,800", "Total Unusual Items Excluding Goodwill": "-24,500", "Total Unusual Items": "-24,500", "Normalized EBITDA": "345,100", "Tax Rate for Calcs": "0", "Tax Effect of Unusual Items": "-6,982"}, "12/31/2019": {"Duration": "12/31/2019", "Total Revenue": "2,072,600", "Cost of Revenue": "1,077,300", "Gross Profit": "995,300", "Operating Expense": "696,200", "Operating Income": "299,100", "Net Non Operating Interest Income Expense": "-14,700", "Other Income Expense": "-4,000", "Pretax Income": "280,400", "Tax Provision": "82,400", "Net Income Common Stockholders": "197,200", "Diluted NI Available to Com Stockholders": "197,200", "Basic EPS": "1.27", "Diluted EPS": "1.26", "Basic Average Shares": "155,200", "Diluted Average Shares": "156,600", "Total Operating Income as Reported": "300,900", "Total Expenses": "1,773,500", "Net Income from Continuing & Discontinued Operation": "197,200", "Normalized Income": "200,024", "Interest Income": "1,300", "Interest Expense": "16,000", "Net Interest Income": "-14,700", "EBIT": "296,400", "EBITDA": "-", "Reconciled Cost of Revenue": "1,077,300", "Reconciled Depreciation": "75,600", "Net Income from Continuing Operation Net Minority Interest": "197,200", "Total Unusual Items Excluding Goodwill": "-4,000", "Total Unusual Items": "-4,000", "Normalized EBITDA": "376,000", "Tax Rate for Calcs": "0", "Tax Effect of Unusual Items": "-1,176"}, "12/31/2018": {"Duration": "12/31/2018", "Total Revenue": "1,895,600", "Cost of Revenue": "995,600", "Gross Profit": "900,000", "Operating Expense": "631,300", "Operating Income": "268,700", "Net Non Operating Interest Income Expense": "-11,400", "Other Income Expense": "-12,600", "Pretax Income": "244,700", "Tax Provision": "63,700", "Net Income Common Stockholders": "179,700", "Diluted NI Available to Com Stockholders": "179,700", "Basic EPS": "1.15", "Diluted EPS": "1.14", "Basic Average Shares": "156,200", "Diluted Average Shares": "157,200", "Total Operating Income as Reported": "262,400", "Total Expenses": "1,626,900", "Net Income from Continuing & Discontinued Operation": "179,700", "Normalized Income": "189,468", "Interest Income": "1,200", "Interest Expense": "12,600", "Net Interest Income": "-11,400", "EBIT": "257,300", "EBITDA": "-", "Reconciled Cost of Revenue": "995,600", "Reconciled Depreciation": "64,900", "Net Income from Continuing Operation Net Minority Interest": "179,700", "Total Unusual Items Excluding Goodwill": "-13,200", "Total Unusual Items": "-13,200", "Normalized EBITDA": "335,400", "Tax Rate for Calcs": "0", "Tax Effect of Unusual Items": "-3,432"}}, "bs": {"12/31/2020": {"Duration": "12/31/2020", "Total Assets": "3,049,000", "Total Liabilities Net Minority Interest": "2,074,700", "Total Equity Gross Minority Interest": "974,300", "Total Capitalization": "1,803,500", "Common Stock Equity": "961,200", "Capital Lease Obligations": "68,300", "Net Tangible Assets": "411,700", "Working Capital": "1,133,100", "Invested Capital": "1,805,700", "Tangible Book Value": "411,700", "Total Debt": "912,800", "Net Debt": "162,700", "Share Issued": "174,046", "Ordinary Shares Number": "151,987", "Treasury Shares Number": "22,059"}, "12/31/2019": {"Duration": "12/31/2019", "Total Assets": "2,771,500", "Total Liabilities Net Minority Interest": "1,854,400", "Total Equity Gross Minority Interest": "917,100", "Total Capitalization": "1,719,600", "Common Stock Equity": "906,800", "Capital Lease Obligations": "67,600", "Net Tangible Assets": "380,600", "Working Capital": "1,150,700", "Invested Capital": "1,720,100", "Tangible Book Value": "380,600", "Total Debt": "880,900", "Net Debt": "135,000", "Share Issued": "173,502", "Ordinary Shares Number": "154,156", "Treasury Shares Number": "19,347"}, "12/31/2018": {"Duration": "12/31/2018", "Total Assets": "2,128,600", "Total Liabilities Net Minority Interest": "1,223,500", "Total Equity Gross Minority Interest": "905,100", "Total Capitalization": "1,219,200", "Common Stock Equity": "896,600", "Capital Lease Obligations": "-", "Net Tangible Assets": "402,200", "Working Capital": "705,000", "Invested Capital": "1,237,700", "Tangible Book Value": "402,200", "Total Debt": "341,100", "Net Debt": "18,700", "Share Issued": "172,634", "Ordinary Shares Number": "156,609", "Treasury Shares Number": "16,025"}}, "cf": {"TTM": {"Duration": "TTM", "Operating Cash Flow": "332,200", "Investing Cash Flow": "-192,700", "Financing Cash Flow": "-161,600", "End Cash Position": "685,500", "Income Tax Paid Supplemental Data": "43,000", "Interest Paid Supplemental Data": "28,700", "Capital Expenditure": "-97,200", "Issuance of Capital Stock": "3,300", "Issuance of Debt": "297,500", "Repayment of Debt": "-305,800", "Repurchase of Capital Stock": "-123,200", "Free Cash Flow": "235,000"}, "12/31/2020": {"Duration": "12/31/2020", "Operating Cash Flow": "332,200", "Investing Cash Flow": "-192,700", "Financing Cash Flow": "-161,600", "End Cash Position": "685,500", "Income Tax Paid Supplemental Data": "43,000", "Interest Paid Supplemental Data": "28,700", "Capital Expenditure": "-97,200", "Issuance of Capital Stock": "3,300", "Issuance of Debt": "297,500", "Repayment of Debt": "-305,800", "Repurchase of Capital Stock": "-123,200", "Free Cash Flow": "235,000"}, "12/31/2019": {"Duration": "12/31/2019", "Operating Cash Flow": "213,400", "Investing Cash Flow": "-158,400", "Financing Cash Flow": "300,000", "End Cash Position": "681,900", "Income Tax Paid Supplemental Data": "61,300", "Interest Paid Supplemental Data": "16,000", "Capital Expenditure": "-73,000", "Issuance of Capital Stock": "10,900", "Issuance of Debt": "848,500", "Repayment of Debt": "-381,500", "Repurchase of Capital Stock": "-142,300", "Free Cash Flow": "140,400"}, "12/31/2018": {"Duration": "12/31/2018", "Operating Cash Flow": "239,700", "Investing Cash Flow": "-123,400", "Financing Cash Flow": "-112,400", "End Cash Position": "326,300", "Income Tax Paid Supplemental Data": "60,500", "Interest Paid Supplemental Data": "11,700", "Capital Expenditure": "-49,200", "Issuance of Capital Stock": "9,400", "Issuance of Debt": "129,400", "Repayment of Debt": "-222,900", "Repurchase of Capital Stock": "0", "Free Cash Flow": "190,500"}}}}, {"BIO": {"quote": {"05/11/2021": {"value": "596.38", "Market Cap": "17.892B", "Beta (5Y Monthly)": "0.82", "PE Ratio (TTM)": "4.39", "EPS (TTM)": "135.87", "Earnings Date": "Jul 28, 2021 - Aug 02, 2021", "Forward Dividend & Yield": "N/A (N/A)", "Ex-Dividend Date": "N/A", "1y Target Est": "755.00"}}, "fin": {"TTM": {"Duration": "TTM", "Total Revenue": "2,545,626", "Cost of Revenue": "1,107,804", "Gross Profit": "1,437,822", "Operating Expense": "1,026,865", "Operating Income": "410,957", "Net Non Operating Interest Income Expense": "-3,661", "Other Income Expense": "4,500,354", "Pretax Income": "4,907,638", "Tax Provision": "1,101,371", "Net Income Common Stockholders": "3,806,267", "Diluted NI Available to Com Stockholders": "3,806,267", "Basic EPS": "-", "Diluted EPS": "-", "Basic Average Shares": "-", "Diluted Average Shares": "-", "Total Operating Income as Reported": "410,957", "Total Expenses": "2,134,669", "Net Income from Continuing & Discontinued Operation": "3,806,267", "Normalized Income": "312,595", "Interest Income": "18,200", "Interest Expense": "21,861", "Net Interest Income": "-3,661", "EBIT": "4,929,499", "EBITDA": "5,067,599", "Reconciled Cost of Revenue": "1,107,804", "Reconciled Depreciation": "138,100", "Net Income from Continuing Operation Net Minority Interest": "3,806,267", "Total Unusual Items Excluding Goodwill": "4,502,154", "Total Unusual Items": "4,502,154", "Normalized EBITDA": "565,445", "Tax Rate for Calcs": "0", "Tax Effect of Unusual Items": "1,008,482"}, "12/31/2020": {"Duration": "12/31/2020", "Total Revenue": "2,545,626", "Cost of Revenue": "1,107,804", "Gross Profit": "1,437,822", "Operating Expense": "1,026,865", "Operating Income": "410,957", "Net Non Operating Interest Income Expense": "-3,661", "Other Income Expense": "4,500,354", "Pretax Income": "4,907,638", "Tax Provision": "1,101,371", "Net Income Common Stockholders": "3,806,267", "Diluted NI Available to Com Stockholders": "3,806,267", "Basic EPS": "-", "Diluted EPS": "-", "Basic Average Shares": "-", "Diluted Average Shares": "-", "Total Operating Income as Reported": "410,957", "Total Expenses": "2,134,669", "Net Income from Continuing & Discontinued Operation": "3,806,267", "Normalized Income": "312,595", "Interest Income": "18,200", "Interest Expense": "21,861", "Net Interest Income": "-3,661", "EBIT": "4,929,499", "EBITDA": "-", "Reconciled Cost of Revenue": "1,107,804", "Reconciled Depreciation": "138,100", "Net Income from Continuing Operation Net Minority Interest": "3,806,267", "Total Unusual Items Excluding Goodwill": "4,502,154", "Total Unusual Items": "4,502,154", "Normalized EBITDA": "565,445", "Tax Rate for Calcs": "0", "Tax Effect of Unusual Items": "1,008,482"}, "12/31/2019": {"Duration": "12/31/2019", "Total Revenue": "2,311,659", "Cost of Revenue": "1,054,663", "Gross Profit": "1,256,996", "Operating Expense": "1,027,335", "Operating Income": "229,661", "Net Non Operating Interest Income Expense": "7,084", "Other Income Expense": "2,024,342", "Pretax Income": "2,261,081", "Tax Provision": "502,406", "Net Income Common Stockholders": "1,758,675", "Diluted NI Available to Com Stockholders": "1,758,675", "Basic EPS": "58.93", "Diluted EPS": "58.27", "Basic Average Shares": "29,843", "Diluted Average Shares": "30,184", "Total Operating Income as Reported": "229,661", "Total Expenses": "2,081,998", "Net Income from Continuing & Discontinued Operation": "1,758,675", "Normalized Income": "183,659", "Interest Income": "30,500", "Interest Expense": "23,416", "Net Interest Income": "7,084", "EBIT": "2,284,497", "EBITDA": "-", "Reconciled Cost of Revenue": "1,054,663", "Reconciled Depreciation": "134,200", "Net Income from Continuing Operation Net Minority Interest": "1,758,675", "Total Unusual Items Excluding Goodwill": "2,024,442", "Total Unusual Items": "2,024,442", "Normalized EBITDA": "394,255", "Tax Rate for Calcs": "0", "Tax Effect of Unusual Items": "449,426"}, "12/31/2018": {"Duration": "12/31/2018", "Total Revenue": "2,289,415", "Cost of Revenue": "1,066,264", "Gross Profit": "1,223,151", "Operating Expense": "1,033,979", "Operating Income": "189,172", "Net Non Operating Interest Income Expense": "2,638", "Other Income Expense": "320,856", "Pretax Income": "512,659", "Tax Provision": "147,045", "Net Income Common Stockholders": "365,614", "Diluted NI Available to Com Stockholders": "365,614", "Basic EPS": "12.10", "Diluted EPS": "11.94", "Basic Average Shares": "29,836", "Diluted Average Shares": "30,228", "Total Operating Income as Reported": "-103,341", "Total Expenses": "2,100,243", "Net Income from Continuing & Discontinued Operation": "365,614", "Normalized Income": "137,806", "Interest Income": "26,600", "Interest Expense": "23,962", "Net Interest Income": "2,638", "EBIT": "536,621", "EBITDA": "-", "Reconciled Cost of Revenue": "1,066,264", "Reconciled Depreciation": "138,100", "Net Income from Continuing Operation Net Minority Interest": "365,614", "Total Unusual Items Excluding Goodwill": "320,856", "Total Unusual Items": "320,856", "Normalized EBITDA": "353,865", "Tax Rate for Calcs": "0", "Tax Effect of Unusual Items": "93,048"}}, "bs": {"12/31/2020": {"Duration": "12/31/2020", "Total Assets": "12,972,618", "Total Liabilities Net Minority Interest": "3,092,678", "Total Equity Gross Minority Interest": "9,879,940", "Total Capitalization": "9,892,198", "Common Stock Equity": "9,879,940", "Capital Lease Obligations": "211,635", "Net Tangible Assets": "9,388,540", "Working Capital": "1,508,299", "Invested Capital": "9,893,996", "Tangible Book Value": "9,388,540", "Total Debt": "225,691", "Net Debt": "-", "Share Issued": "30,149", "Ordinary Shares Number": "29,844", "Treasury Shares Number": "304.749"}, "12/31/2019": {"Duration": "12/31/2019", "Total Assets": "8,008,859", "Total Liabilities Net Minority Interest": "2,253,802", "Total Equity Gross Minority Interest": "5,755,057", "Total Capitalization": "5,768,636", "Common Stock Equity": "5,755,057", "Capital Lease Obligations": "211,383", "Net Tangible Assets": "5,385,657", "Working Capital": "1,274,660", "Invested Capital": "6,194,808", "Tangible Book Value": "5,385,657", "Total Debt": "651,134", "Net Debt": "-", "Share Issued": "30,056", "Ordinary Shares Number": "29,925", "Treasury Shares Number": "130.231"}, "12/31/2018": {"Duration": "12/31/2018", "Total Assets": "5,611,068", "Total Liabilities Net Minority Interest": "1,590,737", "Total Equity Gross Minority Interest": "4,020,331", "Total Capitalization": "4,459,268", "Common Stock Equity": "4,020,331", "Capital Lease Obligations": "-", "Net Tangible Assets": "3,667,431", "Working Capital": "1,572,683", "Invested Capital": "4,459,761", "Tangible Book Value": "3,667,431", "Total Debt": "439,430", "Net Debt": "7,904", "Share Issued": "29,981", "Ordinary Shares Number": "29,800", "Treasury Shares Number": "180.41"}}, "cf": {"TTM": {"Duration": "TTM", "Operating Cash Flow": "575,328", "Investing Cash Flow": "-60,250", "Financing Cash Flow": "-523,041", "End Cash Position": "667,115", "Capital Expenditure": "-98,920", "Issuance of Capital Stock": "-", "Issuance of Debt": "-", "Repayment of Debt": "-426,938", "Repurchase of Capital Stock": "-100,004", "Free Cash Flow": "476,408"}, "12/31/2020": {"Duration": "12/31/2020", "Operating Cash Flow": "575,328", "Investing Cash Flow": "-60,250", "Financing Cash Flow": "-523,041", "End Cash Position": "667,115", "Capital Expenditure": "-98,920", "Issuance of Capital Stock": "-", "Issuance of Debt": "-", "Repayment of Debt": "-426,938", "Repurchase of Capital Stock": "-100,004", "Free Cash Flow": "476,408"}, "12/31/2019": {"Duration": "12/31/2019", "Operating Cash Flow": "457,897", "Investing Cash Flow": "-208,889", "Financing Cash Flow": "-22,758", "End Cash Position": "662,651", "Capital Expenditure": "-98,532", "Issuance of Capital Stock": "-", "Issuance of Debt": "-", "Repayment of Debt": "-643", "Repurchase of Capital Stock": "-28,000", "Free Cash Flow": "359,365"}, "12/31/2018": {"Duration": "12/31/2018", "Operating Cash Flow": "285,494", "Investing Cash Flow": "-186,978", "Financing Cash Flow": "-48,680", "End Cash Position": "434,164", "Capital Expenditure": "-129,828", "Issuance of Capital Stock": "-", "Issuance of Debt": "0", "Repayment of Debt": "-2,961", "Repurchase of Capital Stock": "-48,912", "Free Cash Flow": "155,666"}}}}, {"TTOO": {"quote": {"05/11/2021": {"value": "1.1700", "Market Cap": "173.736M", "Beta (5Y Monthly)": "0.24", "PE Ratio (TTM)": "N/A", "EPS (TTM)": "-0.3860", "Earnings Date": "Aug 09, 2021 - Aug 13, 2021", "Forward Dividend & Yield": "N/A (N/A)", "Ex-Dividend Date": "N/A", "1y Target Est": "2.75"}}, "fin": {"TTM": {"Duration": "TTM", "Total Revenue": "18,130", "Cost of Revenue": "21,280", "Gross Profit": "-3,150", "Operating Expense": "38,206", "Operating Income": "-41,356", "Net Non Operating Interest Income Expense": "-5,504", "Other Income Expense": "62", "Pretax Income": "-46,798", "Net Income Common Stockholders": "-46,798", "Diluted NI Available to Com Stockholders": "-46,798", "Basic EPS": "-", "Diluted EPS": "-", "Basic Average Shares": "-", "Diluted Average Shares": "-", "Total Operating Income as Reported": "-41,356", "Total Expenses": "59,486", "Net Income from Continuing & Discontinued Operation": "-46,798", "Normalized Income": "-46,860", "Interest Income": "14", "Interest Expense": "5,518", "Net Interest Income": "-5,504", "EBIT": "-41,280", "EBITDA": "-38,124", "Reconciled Cost of Revenue": "21,280", "Reconciled Depreciation": "3,156", "Net Income from Continuing Operation Net Minority Interest": "-46,798", "Total Unusual Items Excluding Goodwill": "62", "Total Unusual Items": "62", "Normalized EBITDA": "-38,186", "Tax Rate for Calcs": "0", "Tax Effect of Unusual Items": "0"}, "12/31/2020": {"Duration": "12/31/2020", "Total Revenue": "18,130", "Cost of Revenue": "21,280", "Gross Profit": "-3,150", "Operating Expense": "38,206", "Operating Income": "-41,356", "Net Non Operating Interest Income Expense": "-5,504", "Other Income Expense": "62", "Pretax Income": "-46,798", "Net Income Common Stockholders": "-46,798", "Diluted NI Available to Com Stockholders": "-46,798", "Basic EPS": "-", "Diluted EPS": "-", "Basic Average Shares": "-", "Diluted Average Shares": "-", "Total Operating Income as Reported": "-41,356", "Total Expenses": "59,486", "Net Income from Continuing & Discontinued Operation": "-46,798", "Normalized Income": "-46,860", "Interest Income": "14", "Interest Expense": "5,518", "Net Interest Income": "-5,504", "EBIT": "-41,280", "EBITDA": "-", "Reconciled Cost of Revenue": "21,280", "Reconciled Depreciation": "3,156", "Net Income from Continuing Operation Net Minority Interest": "-46,798", "Total Unusual Items Excluding Goodwill": "62", "Total Unusual Items": "62", "Normalized EBITDA": "-38,186", "Tax Rate for Calcs": "0", "Tax Effect of Unusual Items": "0"}, "12/31/2019": {"Duration": "12/31/2019", "Total Revenue": "8,335", "Cost of Revenue": "16,763", "Gross Profit": "-8,428", "Operating Expense": "43,630", "Operating Income": "-52,058", "Net Non Operating Interest Income Expense": "-7,348", "Other Income Expense": "400", "Pretax Income": "-59,006", "Net Income Common Stockholders": "-59,006", "Diluted NI Available to Com Stockholders": "-59,006", "Basic EPS": "-1.30", "Diluted EPS": "-1.30", "Basic Average Shares": "45,508", "Diluted Average Shares": "45,508", "Total Operating Income as Reported": "-52,058", "Total Expenses": "60,393", "Net Income from Continuing & Discontinued Operation": "-59,006", "Normalized Income": "-59,006", "Interest Income": "-", "Interest Expense": "7,348", "Net Interest Income": "-7,348", "EBIT": "-51,658", "EBITDA": "-", "Reconciled Cost of Revenue": "16,763", "Reconciled Depreciation": "3,642", "Net Income from Continuing Operation Net Minority Interest": "-59,006", "Total Unusual Items Excluding Goodwill": "-", "Total Unusual Items": "-", "Normalized EBITDA": "-48,016", "Tax Rate for Calcs": "0", "Tax Effect of Unusual Items": "0"}, "12/31/2018": {"Duration": "12/31/2018", "Total Revenue": "10,500", "Cost of Revenue": "15,404", "Gross Profit": "-4,904", "Operating Expense": "40,186", "Operating Income": "-45,090", "Net Non Operating Interest Income Expense": "-6,682", "Other Income Expense": "619", "Pretax Income": "-51,153", "Net Income Common Stockholders": "-51,153", "Diluted NI Available to Com Stockholders": "-51,153", "Basic EPS": "-1.26", "Diluted EPS": "-1.26", "Basic Average Shares": "40,559", "Diluted Average Shares": "40,559", "Total Operating Income as Reported": "-45,090", "Total Expenses": "55,590", "Net Income from Continuing & Discontinued Operation": "-51,153", "Normalized Income": "-51,153", "Interest Income": "-", "Interest Expense": "6,682", "Net Interest Income": "-6,682", "EBIT": "-44,471", "EBITDA": "-", "Reconciled Cost of Revenue": "15,404", "Reconciled Depreciation": "2,449", "Net Income from Continuing Operation Net Minority Interest": "-51,153", "Total Unusual Items Excluding Goodwill": "-", "Total Unusual Items": "-", "Normalized EBITDA": "-42,022", "Tax Rate for Calcs": "0", "Tax Effect of Unusual Items": "0"}}, "bs": {"12/31/2020": {"Duration": "12/31/2020", "Total Assets": "79,078", "Total Liabilities Net Minority Interest": "70,352", "Total Equity Gross Minority Interest": "8,726", "Total Capitalization": "53,961", "Common Stock Equity": "8,726", "Capital Lease Obligations": "11,684", "Net Tangible Assets": "8,726", "Working Capital": "43,784", "Invested Capital": "53,961", "Tangible Book Value": "8,726", "Total Debt": "56,919", "Net Debt": "28,442", "Share Issued": "148,079", "Ordinary Shares Number": "148,079"}, "12/31/2019": {"Duration": "12/31/2019", "Total Assets": "28,486", "Total Liabilities Net Minority Interest": "62,491", "Total Equity Gross Minority Interest": "-34,005", "Total Capitalization": "-34,005", "Common Stock Equity": "-34,005", "Capital Lease Obligations": "3,856", "Net Tangible Assets": "-34,005", "Working Capital": "-41,677", "Invested Capital": "8,897", "Tangible Book Value": "-34,005", "Total Debt": "46,758", "Net Debt": "31,869", "Share Issued": "50,652", "Ordinary Shares Number": "50,652"}, "12/31/2018": {"Duration": "12/31/2018", "Total Assets": "64,309", "Total Liabilities Net Minority Interest": "52,922", "Total Equity Gross Minority Interest": "11,387", "Total Capitalization": "11,387", "Common Stock Equity": "11,387", "Capital Lease Obligations": "760", "Net Tangible Assets": "11,387", "Working Capital": "4,311", "Invested Capital": "53,760", "Tangible Book Value": "11,387", "Total Debt": "43,133", "Net Debt": "-", "Share Issued": "44,175", "Ordinary Shares Number": "44,175"}}, "cf": {"TTM": {"Duration": "TTM", "Operating Cash Flow": "-43,215", "Investing Cash Flow": "-36,261", "Financing Cash Flow": "85,607", "End Cash Position": "17,344", "Interest Paid Supplemental Data": "3,692", "Capital Expenditure": "-804", "Issuance of Capital Stock": "85,311", "Issuance of Debt": "-", "Repayment of Debt": "0", "Free Cash Flow": "-44,019"}, "12/31/2020": {"Duration": "12/31/2020", "Operating Cash Flow": "-43,215", "Investing Cash Flow": "-36,261", "Financing Cash Flow": "85,607", "End Cash Position": "17,344", "Interest Paid Supplemental Data": "3,692", "Capital Expenditure": "-804", "Issuance of Capital Stock": "85,311", "Issuance of Debt": "-", "Repayment of Debt": "0", "Free Cash Flow": "-44,019"}, "12/31/2019": {"Duration": "12/31/2019", "Operating Cash Flow": "-45,361", "Investing Cash Flow": "-761", "Financing Cash Flow": "6,350", "End Cash Position": "11,213", "Interest Paid Supplemental Data": "4,659", "Capital Expenditure": "-761", "Issuance of Capital Stock": "6,650", "Issuance of Debt": "-", "Repayment of Debt": "-882", "Free Cash Flow": "-46,122"}, "12/31/2018": {"Duration": "12/31/2018", "Operating Cash Flow": "-40,138", "Investing Cash Flow": "-593", "Financing Cash Flow": "49,657", "End Cash Position": "50,985", "Interest Paid Supplemental Data": "3,786", "Capital Expenditure": "-593", "Issuance of Capital Stock": "51,204", "Issuance of Debt": "0", "Repayment of Debt": "-1,547", "Free Cash Flow": "-40,731"}}}}, {"BGMD": {"quote": {"05/11/2021": {"value": "0.0650", "Market Cap": "545,968", "Beta (5Y Monthly)": "0.82", "PE Ratio (TTM)": "N/A", "EPS (TTM)": "-0.7240", "Earnings Date": "N/A", "Forward Dividend & Yield": "N/A (N/A)", "Ex-Dividend Date": "N/A", "1y Target Est": "1.40"}}, "fin": {}, "bs": {}, "cf": {}}}, {"BIOC": {"quote": {"05/11/2021": {"value": "4.6800", "Market Cap": "62.724M", "Beta (5Y Monthly)": "0.80", "PE Ratio (TTM)": "N/A", "EPS (TTM)": "-1.5040", "Earnings Date": "May 12, 2021", "Forward Dividend & Yield": "N/A (N/A)", "Ex-Dividend Date": "N/A", "1y Target Est": "12.00"}}, "fin": {"TTM": {"Duration": "TTM", "Total Revenue": "27,461", "Cost of Revenue": "21,337", "Gross Profit": "6,125", "Operating Expense": "21,593", "Operating Income": "-15,468", "Net Non Operating Interest Income Expense": "-236.54", "Other Income Expense": "-2,102", "Pretax Income": "-17,807", "Tax Provision": "0", "Net Income Common Stockholders": "-17,810", "Diluted NI Available to Com Stockholders": "-17,810", "Basic EPS": "-", "Diluted EPS": "-", "Basic Average Shares": "-", "Diluted Average Shares": "-", "Total Operating Income as Reported": "-15,468", "Total Expenses": "42,930", "Net Income from Continuing & Discontinued Operation": "-17,807", "Normalized Income": "-15,705", "Interest Expense": "236.54", "Net Interest Income": "-236.54", "EBIT": "-17,570", "EBITDA": "-16,569", "Reconciled Cost of Revenue": "21,337", "Reconciled Depreciation": "1,001", "Net Income from Continuing Operation Net Minority Interest": "-17,807", "Total Unusual Items Excluding Goodwill": "-2,102", "Total Unusual Items": "-2,102", "Normalized EBITDA": "-14,467", "Tax Rate for Calcs": "0", "Tax Effect of Unusual Items": "0"}, "12/31/2020": {"Duration": "12/31/2020", "Total Revenue": "27,461", "Cost of Revenue": "21,337", "Gross Profit": "6,125", "Operating Expense": "21,593", "Operating Income": "-15,468", "Net Non Operating Interest Income Expense": "-236.54", "Other Income Expense": "-2,102", "Pretax Income": "-17,807", "Tax Provision": "0", "Net Income Common Stockholders": "-17,810", "Diluted NI Available to Com Stockholders": "-17,810", "Basic EPS": "-1.50", "Diluted EPS": "-1.50", "Basic Average Shares": "11,845", "Diluted Average Shares": "11,845", "Total Operating Income as Reported": "-15,468", "Total Expenses": "42,930", "Net Income from Continuing & Discontinued Operation": "-17,807", "Normalized Income": "-15,705", "Interest Expense": "236.54", "Net Interest Income": "-236.54", "EBIT": "-17,570", "EBITDA": "-", "Reconciled Cost of Revenue": "21,337", "Reconciled Depreciation": "1,001", "Net Income from Continuing Operation Net Minority Interest": "-17,807", "Total Unusual Items Excluding Goodwill": "-2,102", "Total Unusual Items": "-2,102", "Normalized EBITDA": "-14,467", "Tax Rate for Calcs": "0", "Tax Effect of Unusual Items": "0"}, "12/31/2019": {"Duration": "12/31/2019", "Total Revenue": "5,529", "Cost of Revenue": "10,978", "Gross Profit": "-5,449", "Operating Expense": "17,608", "Operating Income": "-23,057", "Net Non Operating Interest Income Expense": "-249.984", "Other Income Expense": "-1,831", "Pretax Income": "-25,138", "Tax Provision": "0", "Net Income Common Stockholders": "-25,260", "Diluted NI Available to Com Stockholders": "-25,260", "Basic EPS": "-12.20", "Diluted EPS": "-12.20", "Basic Average Shares": "2,066", "Diluted Average Shares": "2,066", "Total Operating Income as Reported": "-23,057", "Total Expenses": "28,586", "Net Income from Continuing & Discontinued Operation": "-25,138", "Normalized Income": "-23,307", "Interest Expense": "2,081", "Net Interest Income": "-249.984", "EBIT": "-23,057", "EBITDA": "-", "Reconciled Cost of Revenue": "10,978", "Reconciled Depreciation": "773.314", "Net Income from Continuing Operation Net Minority Interest": "-25,138", "Total Unusual Items Excluding Goodwill": "-1,831", "Total Unusual Items": "-1,831", "Normalized EBITDA": "-20,453", "Tax Rate for Calcs": "0", "Tax Effect of Unusual Items": "0"}, "12/31/2018": {"Duration": "12/31/2018", "Total Revenue": "3,250", "Cost of Revenue": "10,052", "Gross Profit": "-6,801", "Operating Expense": "17,457", "Operating Income": "-24,259", "Net Non Operating Interest Income Expense": "-310.976", "Other Income Expense": "-", "Pretax Income": "-24,570", "Tax Provision": "1.886", "Net Income Common Stockholders": "-25,208", "Diluted NI Available to Com Stockholders": "-25,208", "Basic EPS": "-90.10", "Diluted EPS": "-90.10", "Basic Average Shares": "279.824", "Diluted Average Shares": "279.824", "Total Operating Income as Reported": "-24,259", "Total Expenses": "27,509", "Net Income from Continuing & Discontinued Operation": "-24,572", "Normalized Income": "-24,572", "Interest Expense": "310.976", "Net Interest Income": "-310.976", "EBIT": "-24,259", "EBITDA": "-", "Reconciled Cost of Revenue": "10,052", "Reconciled Depreciation": "800.905", "Net Income from Continuing Operation Net Minority Interest": "-24,572", "Total Unusual Items Excluding Goodwill": "-", "Total Unusual Items": "-", "Normalized EBITDA": "-23,458", "Tax Rate for Calcs": "0", "Tax Effect of Unusual Items": "0"}}, "bs": {"12/31/2020": {"Duration": "12/31/2020", "Total Assets": "47,452", "Total Liabilities Net Minority Interest": "23,759", "Total Equity Gross Minority Interest": "23,692", "Total Capitalization": "23,692", "Common Stock Equity": "23,692", "Capital Lease Obligations": "12,229", "Net Tangible Assets": "23,692", "Working Capital": "20,100", "Invested Capital": "23,692", "Tangible Book Value": "23,692", "Total Debt": "12,229", "Share Issued": "13,397", "Ordinary Shares Number": "13,397"}, "12/31/2019": {"Duration": "12/31/2019", "Total Assets": "17,733", "Total Liabilities Net Minority Interest": "6,532", "Total Equity Gross Minority Interest": "11,201", "Total Capitalization": "11,201", "Common Stock Equity": "11,201", "Capital Lease Obligations": "2,540", "Net Tangible Assets": "11,201", "Working Capital": "8,334", "Invested Capital": "11,201", "Tangible Book Value": "11,201", "Total Debt": "2,540", "Share Issued": "5,474", "Ordinary Shares Number": "5,474"}, "12/31/2018": {"Duration": "12/31/2018", "Total Assets": "8,750", "Total Liabilities Net Minority Interest": "5,708", "Total Equity Gross Minority Interest": "3,043", "Total Capitalization": "3,043", "Common Stock Equity": "3,043", "Capital Lease Obligations": "1,627", "Net Tangible Assets": "3,043", "Working Capital": "1,401", "Invested Capital": "3,043", "Tangible Book Value": "3,043", "Total Debt": "1,627", "Share Issued": "462.917", "Ordinary Shares Number": "462.917"}}, "cf": {"TTM": {"Duration": "TTM", "Operating Cash Flow": "-19,787", "Investing Cash Flow": "-866.814", "Financing Cash Flow": "25,720", "End Cash Position": "14,368", "Income Tax Paid Supplemental Data": "0", "Interest Paid Supplemental Data": "236.54", "Capital Expenditure": "-866.814", "Issuance of Capital Stock": "24,194", "Issuance of Debt": "-", "Repayment of Debt": "-702.588", "Free Cash Flow": "-20,654"}, "12/31/2020": {"Duration": "12/31/2020", "Operating Cash Flow": "-19,787", "Investing Cash Flow": "-866.814", "Financing Cash Flow": "25,720", "End Cash Position": "14,368", "Income Tax Paid Supplemental Data": "0", "Interest Paid Supplemental Data": "236.54", "Capital Expenditure": "-866.814", "Issuance of Capital Stock": "24,194", "Issuance of Debt": "-", "Repayment of Debt": "-702.588", "Free Cash Flow": "-20,654"}, "12/31/2019": {"Duration": "12/31/2019", "Operating Cash Flow": "-23,049", "Investing Cash Flow": "-735.3", "Financing Cash Flow": "29,663", "End Cash Position": "9,301", "Income Tax Paid Supplemental Data": "0", "Interest Paid Supplemental Data": "249.984", "Capital Expenditure": "-735.3", "Issuance of Capital Stock": "25,745", "Issuance of Debt": "-", "Repayment of Debt": "-539.415", "Free Cash Flow": "-23,785"}, "12/31/2018": {"Duration": "12/31/2018", "Operating Cash Flow": "-22,355", "Investing Cash Flow": "-145.253", "Financing Cash Flow": "23,777", "End Cash Position": "3,423", "Income Tax Paid Supplemental Data": "4.517", "Interest Paid Supplemental Data": "605.485", "Capital Expenditure": "-145.253", "Issuance of Capital Stock": "25,693", "Issuance of Debt": "0", "Repayment of Debt": "-1,358", "Free Cash Flow": "-22,500"}}}}, {"ENZ": {"quote": {"05/11/2021": {"value": "2.9600", "Market Cap": "142.757M", "Beta (5Y Monthly)": "0.90", "PE Ratio (TTM)": "N/A", "EPS (TTM)": "-0.2300", "Earnings Date": "Mar 15, 2021", "Forward Dividend & Yield": "N/A (N/A)", "Ex-Dividend Date": "N/A", "1y Target Est": "N/A"}}, "fin": {"TTM": {"Duration": "TTM", "Total Revenue": "96,551", "Cost of Revenue": "56,558", "Gross Profit": "39,993", "Operating Expense": "46,036", "Operating Income": "-6,043", "Net Non Operating Interest Income Expense": "-54", "Other Income Expense": "-4,487", "Pretax Income": "-10,584", "Tax Provision": "0", "Net Income Common Stockholders": "-10,584", "Diluted NI Available to Com Stockholders": "-10,584", "Basic EPS": "-", "Diluted EPS": "-", "Basic Average Shares": "-", "Diluted Average Shares": "-", "Total Operating Income as Reported": "-11,948", "Total Expenses": "102,594", "Net Income from Continuing & Discontinued Operation": "-10,584", "Normalized Income": "-5,775", "Net Interest Income": "-54", "EBIT": "-6,043", "EBITDA": "-3,402", "Reconciled Cost of Revenue": "56,558", "Reconciled Depreciation": "2,641", "Net Income from Continuing Operation Net Minority Interest": "-10,584", "Total Unusual Items Excluding Goodwill": "-4,809", "Total Unusual Items": "-4,809", "Normalized EBITDA": "1,407", "Tax Rate for Calcs": "0", "Tax Effect of Unusual Items": "0"}, "7/31/2020": {"Duration": "7/31/2020", "Total Revenue": "76,021", "Cost of Revenue": "52,251", "Gross Profit": "23,770", "Operating Expense": "47,408", "Operating Income": "-23,638", "Net Non Operating Interest Income Expense": "454", "Other Income Expense": "-5,336", "Pretax Income": "-28,520", "Tax Provision": "0", "Net Income Common Stockholders": "-28,520", "Diluted NI Available to Com Stockholders": "-28,520", "Basic EPS": "-0.60", "Diluted EPS": "-0.60", "Basic Average Shares": "47,696", "Diluted Average Shares": "47,696", "Total Operating Income as Reported": "-30,367", "Total Expenses": "99,659", "Net Income from Continuing & Discontinued Operation": "-28,520", "Normalized Income": "-22,696", "Net Interest Income": "454", "EBIT": "-23,638", "EBITDA": "-", "Reconciled Cost of Revenue": "52,251", "Reconciled Depreciation": "2,780", "Net Income from Continuing Operation Net Minority Interest": "-28,520", "Total Unusual Items Excluding Goodwill": "-5,824", "Total Unusual Items": "-5,824", "Normalized EBITDA": "-15,034", "Tax Rate for Calcs": "0", "Tax Effect of Unusual Items": "0"}, "7/31/2019": {"Duration": "7/31/2019", "Total Revenue": "81,170", "Cost of Revenue": "57,922", "Gross Profit": "23,248", "Operating Expense": "47,440", "Operating Income": "-24,192", "Net Non Operating Interest Income Expense": "1,056", "Other Income Expense": "25,625", "Pretax Income": "2,489", "Tax Provision": "0", "Net Income Common Stockholders": "2,489", "Diluted NI Available to Com Stockholders": "2,489", "Basic EPS": "0.05", "Diluted EPS": "0.05", "Basic Average Shares": "47,351", "Diluted Average Shares": "47,476", "Total Operating Income as Reported": "1,733", "Total Expenses": "105,362", "Net Income from Continuing & Discontinued Operation": "2,489", "Normalized Income": "-22,754", "Net Interest Income": "1,056", "EBIT": "-24,192", "EBITDA": "-", "Reconciled Cost of Revenue": "57,922", "Reconciled Depreciation": "3,036", "Net Income from Continuing Operation Net Minority Interest": "2,489", "Total Unusual Items Excluding Goodwill": "25,243", "Total Unusual Items": "25,243", "Normalized EBITDA": "-46,399", "Tax Rate for Calcs": "0", "Tax Effect of Unusual Items": "0"}, "7/31/2018": {"Duration": "7/31/2018", "Total Revenue": "104,713", "Cost of Revenue": "60,385", "Gross Profit": "44,328", "Operating Expense": "51,365", "Operating Income": "-7,037", "Net Non Operating Interest Income Expense": "853", "Other Income Expense": "-5,234", "Pretax Income": "-11,418", "Tax Provision": "-1,097", "Net Income Common Stockholders": "-10,321", "Diluted NI Available to Com Stockholders": "-10,321", "Basic EPS": "-0.22", "Diluted EPS": "-0.22", "Basic Average Shares": "46,972", "Diluted Average Shares": "46,972", "Total Operating Income as Reported": "-12,164", "Total Expenses": "111,750", "Net Income from Continuing & Discontinued Operation": "-10,321", "Normalized Income": "-5,438", "Net Interest Income": "853", "EBIT": "-7,037", "EBITDA": "-", "Reconciled Cost of Revenue": "60,385", "Reconciled Depreciation": "3,130", "Net Income from Continuing Operation Net Minority Interest": "-10,321", "Total Unusual Items Excluding Goodwill": "-5,402", "Total Unusual Items": "-5,402", "Normalized EBITDA": "1,495", "Tax Rate for Calcs": "0", "Tax Effect of Unusual Items": "-519.0046"}}, "bs": {"7/31/2020": {"Duration": "7/31/2020", "Total Assets": "112,538", "Total Liabilities Net Minority Interest": "54,157", "Total Equity Gross Minority Interest": "58,381", "Total Capitalization": "62,866", "Common Stock Equity": "58,381", "Capital Lease Obligations": "21,161", "Net Tangible Assets": "50,391", "Working Capital": "35,964", "Invested Capital": "70,010", "Tangible Book Value": "50,391", "Total Debt": "32,790", "Share Issued": "47,895", "Ordinary Shares Number": "47,895"}, "7/31/2019": {"Duration": "7/31/2019", "Total Assets": "106,640", "Total Liabilities Net Minority Interest": "20,612", "Total Equity Gross Minority Interest": "86,028", "Total Capitalization": "90,207", "Common Stock Equity": "86,028", "Capital Lease Obligations": "424", "Net Tangible Assets": "77,544", "Working Capital": "65,444", "Invested Capital": "90,207", "Tangible Book Value": "77,544", "Total Debt": "4,603", "Share Issued": "47,557", "Ordinary Shares Number": "47,557"}, "7/31/2018": {"Duration": "7/31/2018", "Total Assets": "101,660", "Total Liabilities Net Minority Interest": "20,539", "Total Equity Gross Minority Interest": "81,121", "Total Capitalization": "81,123", "Common Stock Equity": "81,121", "Capital Lease Obligations": "351", "Net Tangible Assets": "71,783", "Working Capital": "63,014", "Invested Capital": "81,123", "Tangible Book Value": "71,783", "Total Debt": "353", "Share Issued": "47,182", "Ordinary Shares Number": "47,182"}}, "cf": {"TTM": {"Duration": "TTM", "Operating Cash Flow": "-11,216", "Investing Cash Flow": "-2,859", "Financing Cash Flow": "7,023", "End Cash Position": "45,200", "Capital Expenditure": "-2,859", "Issuance of Capital Stock": "-", "Issuance of Debt": "-", "Repayment of Debt": "-389", "Free Cash Flow": "-14,075"}, "7/31/2020": {"Duration": "7/31/2020", "Operating Cash Flow": "-17,179", "Investing Cash Flow": "-2,170", "Financing Cash Flow": "7,001", "End Cash Position": "48,615", "Capital Expenditure": "-2,170", "Issuance of Capital Stock": "-", "Issuance of Debt": "7,412", "Repayment of Debt": "-411", "Free Cash Flow": "-19,349"}, "7/31/2019": {"Duration": "7/31/2019", "Operating Cash Flow": "4,806", "Investing Cash Flow": "-8,126", "Financing Cash Flow": "4,193", "End Cash Position": "60,896", "Capital Expenditure": "-8,126", "Issuance of Capital Stock": "-", "Issuance of Debt": "4,500", "Repayment of Debt": "-404", "Free Cash Flow": "-3,320"}, "7/31/2018": {"Duration": "7/31/2018", "Operating Cash Flow": "-2,735", "Investing Cash Flow": "-1,944", "Financing Cash Flow": "559", "End Cash Position": "60,041", "Capital Expenditure": "-1,888", "Issuance of Capital Stock": "-", "Issuance of Debt": "0", "Repayment of Debt": "-327", "Free Cash Flow": "-4,623"}}}}, {"ROKA": {"quote": {"05/11/2021": {"value": "", "Net Assets": "N/A", "Beta (5Y Monthly)": "N/A", "Yield": "N/A", "5y Average Return": "N/A", "Holdings Turnover": "N/A", "Last Dividend": "N/A", "Average for Category": "N/A", "Inception Date": "N/A"}}, "fin": {}, "bs": {}, "cf": {}}}, {"CO": {"quote": {"05/11/2021": {"value": "5.15", "Market Cap": "625.988M", "Beta (5Y Monthly)": "0.42", "PE Ratio (TTM)": "8.43", "EPS (TTM)": "0.61", "Earnings Date": "Feb 25, 2021", "Forward Dividend & Yield": "N/A (N/A)", "Ex-Dividend Date": "Jul 31, 2018", "1y Target Est": "N/A"}}, "fin": {"TTM": {"Duration": "TTM", "Total Revenue": "1,157,206", "Cost of Revenue": "176,497", "Gross Profit": "980,709", "Operating Expense": "434,743", "Operating Income": "545,966", "Net Non Operating Interest Income Expense": "29,054", "Other Income Expense": "14,458", "Pretax Income": "589,478", "Tax Provision": "104,008", "Net Income Common Stockholders": "477,520", "Diluted NI Available to Com Stockholders": "477,520", "Basic EPS": "-", "Diluted EPS": "-", "Basic Average Shares": "-", "Diluted Average Shares": "-", "Total Operating Income as Reported": "545,966", "Total Expenses": "611,240", "Net Income from Continuing & Discontinued Operation": "477,520", "Normalized Income": "471,527", "Interest Income": "29,054", "Interest Expense": "-", "Net Interest Income": "29,054", "EBIT": "565,745", "EBITDA": "565,745", "Reconciled Cost of Revenue": "176,497", "Reconciled Depreciation": "-", "Net Income from Continuing Operation Net Minority Interest": "477,520", "Total Unusual Items Excluding Goodwill": "7,277", "Total Unusual Items": "7,277", "Normalized EBITDA": "558,468", "Tax Rate for Calcs": "0", "Tax Effect of Unusual Items": "1,284"}, "3/31/2020": {"Duration": "3/31/2020", "Total Revenue": "1,221,460", "Cost of Revenue": "189,128", "Gross Profit": "1,032,332", "Operating Expense": "473,299", "Operating Income": "559,033", "Net Non Operating Interest Income Expense": "25,359", "Other Income Expense": "-5,580", "Pretax Income": "578,812", "Tax Provision": "101,084", "Net Income Common Stockholders": "470,717", "Diluted NI Available to Com Stockholders": "470,717", "Basic EPS": "3.87", "Diluted EPS": "3.87", "Basic Average Shares": "121,632", "Diluted Average Shares": "121,632", "Total Operating Income as Reported": "559,033", "Total Expenses": "662,427", "Net Income from Continuing & Discontinued Operation": "470,717", "Normalized Income": "481,420", "Interest Income": "25,359", "Interest Expense": "0", "Net Interest Income": "25,359", "EBIT": "578,812", "EBITDA": "-", "Reconciled Cost of Revenue": "189,128", "Reconciled Depreciation": "49,449", "Net Income from Continuing Operation Net Minority Interest": "470,717", "Total Unusual Items Excluding Goodwill": "-12,968", "Total Unusual Items": "-12,968", "Normalized EBITDA": "641,229", "Tax Rate for Calcs": "0", "Tax Effect of Unusual Items": "-2,265"}, "3/31/2019": {"Duration": "3/31/2019", "Total Revenue": "986,754", "Cost of Revenue": "186,027", "Gross Profit": "800,727", "Operating Expense": "419,070", "Operating Income": "381,657", "Net Non Operating Interest Income Expense": "25,320", "Other Income Expense": "-50,516", "Pretax Income": "356,461", "Tax Provision": "61,260", "Net Income Common Stockholders": "291,124", "Diluted NI Available to Com Stockholders": "291,124", "Basic EPS": "2.40", "Diluted EPS": "2.40", "Basic Average Shares": "121,302", "Diluted Average Shares": "121,302", "Total Operating Income as Reported": "381,657", "Total Expenses": "605,097", "Net Income from Continuing & Discontinued Operation": "291,124", "Normalized Income": "337,675", "Interest Income": "25,320", "Interest Expense": "0", "Net Interest Income": "25,320", "EBIT": "356,461", "EBITDA": "-", "Reconciled Cost of Revenue": "186,027", "Reconciled Depreciation": "52,365", "Net Income from Continuing Operation Net Minority Interest": "291,124", "Total Unusual Items Excluding Goodwill": "-56,211", "Total Unusual Items": "-56,211", "Normalized EBITDA": "465,037", "Tax Rate for Calcs": "0", "Tax Effect of Unusual Items": "-9,660"}}, "bs": {"3/31/2020": {"Duration": "3/31/2020", "Total Assets": "7,219,853", "Total Liabilities Net Minority Interest": "3,331,362", "Total Equity Gross Minority Interest": "3,888,491", "Total Capitalization": "3,882,127", "Common Stock Equity": "3,882,127", "Capital Lease Obligations": "3,499", "Net Tangible Assets": "3,789,304", "Working Capital": "5,095,389", "Invested Capital": "3,882,127", "Tangible Book Value": "3,789,304", "Total Debt": "3,499", "Share Issued": "121,688", "Ordinary Shares Number": "121,551", "Treasury Shares Number": "136.899"}, "3/31/2019": {"Duration": "3/31/2019", "Total Assets": "6,550,954", "Total Liabilities Net Minority Interest": "3,128,192", "Total Equity Gross Minority Interest": "3,422,762", "Total Capitalization": "3,417,335", "Common Stock Equity": "3,417,335", "Capital Lease Obligations": "-", "Net Tangible Assets": "3,319,891", "Working Capital": "4,552,286", "Invested Capital": "3,417,335", "Tangible Book Value": "3,319,891", "Total Debt": "-", "Share Issued": "121,688", "Ordinary Shares Number": "121,551", "Treasury Shares Number": "136.899"}}, "cf": {"TTM": {"Duration": "TTM", "Operating Cash Flow": "-", "Investing Cash Flow": "-", "Financing Cash Flow": "-", "End Cash Position": "-", "Income Tax Paid Supplemental Data": "-", "Interest Paid Supplemental Data": "-", "Capital Expenditure": "-", "Issuance of Debt": "-", "Repayment of Debt": "-", "Free Cash Flow": "-"}, "3/31/2020": {"Duration": "3/31/2020", "Operating Cash Flow": "624,004", "Investing Cash Flow": "-146,061", "Financing Cash Flow": "-4,039", "End Cash Position": "5,473,373", "Income Tax Paid Supplemental Data": "96,074", "Interest Paid Supplemental Data": "0", "Capital Expenditure": "-24,240", "Issuance of Debt": "-", "Repayment of Debt": "-", "Free Cash Flow": "599,764"}, "3/31/2019": {"Duration": "3/31/2019", "Operating Cash Flow": "792,118", "Investing Cash Flow": "-30,210", "Financing Cash Flow": "-21,192", "End Cash Position": "4,997,861", "Income Tax Paid Supplemental Data": "73,242", "Interest Paid Supplemental Data": "0", "Capital Expenditure": "-30,689", "Issuance of Debt": "-", "Repayment of Debt": "0", "Free Cash Flow": "761,429"}}}}, {"EXAS": {"quote": {"03/27/2021": {"value": "126.00", "Market Cap": "21.306B", "Beta (5Y Monthly)": "1.46", "PE Ratio (TTM)": "N/A", "EPS (TTM)": "-5.61", "Earnings Date": "May 04, 2021 - May 10, 2021", "Forward Dividend & Yield": "N/A (N/A)", "Ex-Dividend Date": "N/A", "1y Target Est": "171.88"}, "04/25/2021": {"value": "133.96", "Market Cap": "21.771B", "Beta (5Y Monthly)": "1.32", "PE Ratio (TTM)": "N/A", "EPS (TTM)": "-5.61", "Earnings Date": "May 04, 2021", "Forward Dividend & Yield": "N/A (N/A)", "Ex-Dividend Date": "N/A", "1y Target Est": "170.63"}}, "fin": {"TTM": {"Duration": "TTM", "Total Revenue": "1,491,391", "Cost of Revenue": "354,300", "Gross Profit": "1,137,091", "Operating Expense": "1,695,385", "Operating Income": "-558,294", "Net Non Operating Interest Income Expense": "-88,029", "Other Income Expense": "-210,723", "Pretax Income": "-857,105", "Tax Provision": "-8,572", "Net Income Common Stockholders": "-848,533", "Diluted NI Available to Com Stockholders": "-848,533", "Basic EPS": "-", "Diluted EPS": "-", "Basic Average Shares": "-", "Diluted Average Shares": "-", "Total Operating Income as Reported": "-768,019", "Total Expenses": "2,049,685", "Net Income from Continuing & Discontinued Operation": "-848,533", "Normalized Income": "-639,707", "Interest Expense": "83,822", "Net Interest Income": "-88,029", "EBIT": "-773,283", "EBITDA": "-609,921", "Reconciled Cost of Revenue": "284,336", "Reconciled Depreciation": "163,362", "Net Income from Continuing Operation Net Minority Interest": "-848,533", "Total Unusual Items Excluding Goodwill": "-210,723", "Total Unusual Items": "-210,723", "Normalized EBITDA": "-399,198", "Tax Rate for Calcs": "0", "Tax Effect of Unusual Items": "-1,897"}, "12/31/2020": {"Duration": "12/31/2020", "Total Revenue": "1,491,391", "Cost of Revenue": "354,300", "Gross Profit": "1,137,091", "Operating Expense": "1,695,385", "Operating Income": "-558,294", "Net Non Operating Interest Income Expense": "-88,029", "Other Income Expense": "-210,723", "Pretax Income": "-857,105", "Tax Provision": "-8,572", "Net Income Common Stockholders": "-848,533", "Diluted NI Available to Com Stockholders": "-848,533", "Basic EPS": "-", "Diluted EPS": "-", "Basic Average Shares": "-", "Diluted Average Shares": "-", "Total Operating Income as Reported": "-768,019", "Total Expenses": "2,049,685", "Net Income from Continuing & Discontinued Operation": "-848,533", "Normalized Income": "-639,707", "Interest Expense": "83,822", "Net Interest Income": "-88,029", "EBIT": "-773,283", "EBITDA": "-", "Reconciled Cost of Revenue": "284,336", "Reconciled Depreciation": "163,362", "Net Income from Continuing Operation Net Minority Interest": "-848,533", "Total Unusual Items Excluding Goodwill": "-210,723", "Total Unusual Items": "-210,723", "Normalized EBITDA": "-399,198", "Tax Rate for Calcs": "0", "Tax Effect of Unusual Items": "-1,897"}, "12/31/2019": {"Duration": "12/31/2019", "Total Revenue": "876,293", "Cost of Revenue": "216,700", "Gross Profit": "659,593", "Operating Expense": "893,429", "Operating Income": "-233,836", "Net Non Operating Interest Income Expense": "-61,599", "Other Income Expense": "26,530", "Pretax Income": "-268,851", "Tax Provision": "-184,858", "Net Income Common Stockholders": "-83,993", "Diluted NI Available to Com Stockholders": "-83,993", "Basic EPS": "-0.64", "Diluted EPS": "-0.64", "Basic Average Shares": "131,257", "Diluted Average Shares": "131,257", "Total Operating Income as Reported": "-233,782", "Total Expenses": "1,110,129", "Net Income from Continuing & Discontinued Operation": "-83,993", "Normalized Income": "-103,360", "Interest Expense": "61,599", "Net Interest Income": "-61,599", "EBIT": "-207,252", "EBITDA": "-", "Reconciled Cost of Revenue": "182,488", "Reconciled Depreciation": "50,247", "Net Income from Continuing Operation Net Minority Interest": "-83,993", "Total Unusual Items Excluding Goodwill": "26,530", "Total Unusual Items": "26,530", "Normalized EBITDA": "-183,535", "Tax Rate for Calcs": "0", "Tax Effect of Unusual Items": "7,163"}, "12/31/2018": {"Duration": "12/31/2018", "Total Revenue": "454,462", "Cost of Revenue": "118,000", "Gross Profit": "336,462", "Operating Expense": "495,910", "Operating Income": "-159,448", "Net Non Operating Interest Income Expense": "-36,789", "Other Income Expense": "21,203", "Pretax Income": "-175,057", "Tax Provision": "92", "Net Income Common Stockholders": "-175,149", "Diluted NI Available to Com Stockholders": "-175,149", "Basic EPS": "-1.43", "Diluted EPS": "-1.43", "Basic Average Shares": "122,207", "Diluted Average Shares": "122,207", "Total Operating Income as Reported": "-159,471", "Total Expenses": "613,910", "Net Income from Continuing & Discontinued Operation": "-175,149", "Normalized Income": "-190,627", "Interest Expense": "36,789", "Net Interest Income": "-36,789", "EBIT": "-138,268", "EBITDA": "-", "Reconciled Cost of Revenue": "118,000", "Reconciled Depreciation": "23,084", "Net Income from Continuing Operation Net Minority Interest": "-175,149", "Total Unusual Items Excluding Goodwill": "21,203", "Total Unusual Items": "21,203", "Normalized EBITDA": "-136,387", "Tax Rate for Calcs": "0", "Tax Effect of Unusual Items": "5,725"}}, "bs": {"12/31/2020": {"Duration": "12/31/2020", "Total Assets": "4,925,092", "Total Liabilities Net Minority Interest": "2,101,603", "Total Equity Gross Minority Interest": "2,823,489", "Total Capitalization": "4,166,591", "Common Stock Equity": "2,823,489", "Capital Lease Obligations": "132,558", "Net Tangible Assets": "737,391", "Working Capital": "1,622,750", "Invested Capital": "4,423,374", "Tangible Book Value": "737,391", "Total Debt": "1,732,443", "Net Debt": "108,597", "Share Issued": "159,423", "Ordinary Shares Number": "159,423"}, "12/31/2019": {"Duration": "12/31/2019", "Total Assets": "3,505,768", "Total Liabilities Net Minority Interest": "1,217,707", "Total Equity Gross Minority Interest": "2,288,061", "Total Capitalization": "3,115,698", "Common Stock Equity": "2,288,061", "Capital Lease Obligations": "126,556", "Net Tangible Assets": "-58,686", "Working Capital": "320,465", "Invested Capital": "3,116,532", "Tangible Book Value": "-58,686", "Total Debt": "955,027", "Net Debt": "651,217", "Share Issued": "147,626", "Ordinary Shares Number": "147,626"}, "12/31/2018": {"Duration": "12/31/2018", "Total Assets": "1,524,022", "Total Liabilities Net Minority Interest": "843,081", "Total Equity Gross Minority Interest": "680,941", "Total Capitalization": "1,369,763", "Common Stock Equity": "680,941", "Capital Lease Obligations": "-", "Net Tangible Assets": "634,660", "Working Capital": "1,091,477", "Invested Capital": "1,369,771", "Tangible Book Value": "634,660", "Total Debt": "688,830", "Net Debt": "528,400", "Share Issued": "123,193", "Ordinary Shares Number": "123,193"}}, "cf": {"TTM": {"Duration": "TTM", "Operating Cash Flow": "136,482", "Investing Cash Flow": "-702,037", "Financing Cash Flow": "1,879,621", "End Cash Position": "1,491,594", "Interest Paid Supplemental Data": "9,384", "Capital Expenditure": "-64,352", "Issuance of Capital Stock": "861,701", "Issuance of Debt": "1,125,547", "Repayment of Debt": "-150,054", "Free Cash Flow": "72,130"}, "12/31/2020": {"Duration": "12/31/2020", "Operating Cash Flow": "136,482", "Investing Cash Flow": "-702,037", "Financing Cash Flow": "1,879,621", "End Cash Position": "1,491,594", "Interest Paid Supplemental Data": "9,384", "Capital Expenditure": "-64,352", "Issuance of Capital Stock": "861,701", "Issuance of Debt": "1,125,547", "Repayment of Debt": "-150,054", "Free Cash Flow": "72,130"}, "12/31/2019": {"Duration": "12/31/2019", "Operating Cash Flow": "-115,010", "Investing Cash Flow": "-121,073", "Financing Cash Flow": "253,181", "End Cash Position": "177,528", "Interest Paid Supplemental Data": "9,301", "Capital Expenditure": "-171,802", "Issuance of Capital Stock": "0", "Issuance of Debt": "729,796", "Repayment of Debt": "-493,356", "Free Cash Flow": "-286,812"}, "12/31/2018": {"Duration": "12/31/2018", "Operating Cash Flow": "-69,325", "Investing Cash Flow": "-781,914", "Financing Cash Flow": "934,142", "End Cash Position": "160,430", "Interest Paid Supplemental Data": "4,638", "Capital Expenditure": "-150,671", "Issuance of Capital Stock": "0", "Issuance of Debt": "927,452", "Repayment of Debt": "-4,817", "Free Cash Flow": "-219,996"}}}}, {"PRXL": {"quote": {"03/27/2021": {"value": "", "Net Assets": "N/A", "Beta (5Y Monthly)": "N/A", "Yield": "N/A", "5y Average Return": "N/A", "Holdings Turnover": "N/A", "Last Dividend": "N/A", "Average for Category": "N/A", "Inception Date": "N/A"}, "04/25/2021": {"value": "", "Net Assets": "N/A", "Beta (5Y Monthly)": "N/A", "Yield": "N/A", "5y Average Return": "N/A", "Holdings Turnover": "N/A", "Last Dividend": "N/A", "Average for Category": "N/A", "Inception Date": "N/A"}}, "fin": {}, "bs": {}, "cf": {}}}, {"HSKA": {"quote": {"03/27/2021": {"value": "171.30", "Market Cap": "1.784B", "Beta (5Y Monthly)": "1.62", "PE Ratio (TTM)": "N/A", "EPS (TTM)": "-1.66", "Earnings Date": "Feb 23, 2021", "Forward Dividend & Yield": "N/A (N/A)", "Ex-Dividend Date": "Sep 26, 2012", "1y Target Est": "208.25"}, "04/25/2021": {"value": "182.33", "Market Cap": "1.811B", "Beta (5Y Monthly)": "1.69", "PE Ratio (TTM)": "N/A", "EPS (TTM)": "-1.66", "Earnings Date": "May 06, 2021", "Forward Dividend & Yield": "N/A (N/A)", "Ex-Dividend Date": "Sep 26, 2012", "1y Target Est": "208.25"}}, "fin": {"TTM": {"Duration": "TTM", "Total Revenue": "197,323", "Cost of Revenue": "116,033", "Gross Profit": "81,290", "Operating Expense": "89,482", "Operating Income": "-8,192", "Net Non Operating Interest Income Expense": "-5,767", "Other Income Expense": "166", "Pretax Income": "-13,793", "Tax Provision": "239", "Earnings from Equity Interest Net of Tax": "-720", "Net Income Common Stockholders": "-14,399", "Diluted NI Available to Com Stockholders": "-14,399", "Basic EPS": "-", "Diluted EPS": "-", "Basic Average Shares": "-", "Diluted Average Shares": "-", "Total Operating Income as Reported": "-8,192", "Total Expenses": "205,515", "Net Income from Continuing & Discontinued Operation": "-14,399", "Normalized Income": "-14,399", "Interest Income": "607", "Interest Expense": "6,374", "Net Interest Income": "-5,767", "EBIT": "-7,419", "EBITDA": "3,966", "Reconciled Cost of Revenue": "116,033", "Reconciled Depreciation": "11,385", "Net Income from Continuing Operation Net Minority Interest": "-14,399", "Normalized EBITDA": "3,966", "Tax Rate for Calcs": "0", "Tax Effect of Unusual Items": "0"}, "12/31/2020": {"Duration": "12/31/2020", "Total Revenue": "197,323", "Cost of Revenue": "116,033", "Gross Profit": "81,290", "Operating Expense": "89,482", "Operating Income": "-8,192", "Net Non Operating Interest Income Expense": "-5,767", "Other Income Expense": "166", "Pretax Income": "-13,793", "Tax Provision": "239", "Earnings from Equity Interest Net of Tax": "-720", "Net Income Common Stockholders": "-14,399", "Diluted NI Available to Com Stockholders": "-14,399", "Basic EPS": "-", "Diluted EPS": "-", "Basic Average Shares": "-", "Diluted Average Shares": "-", "Total Operating Income as Reported": "-8,192", "Total Expenses": "205,515", "Net Income from Continuing & Discontinued Operation": "-14,399", "Normalized Income": "-14,399", "Interest Income": "607", "Interest Expense": "6,374", "Net Interest Income": "-5,767", "EBIT": "-7,419", "EBITDA": "-", "Reconciled Cost of Revenue": "116,033", "Reconciled Depreciation": "11,385", "Net Income from Continuing Operation Net Minority Interest": "-14,399", "Normalized EBITDA": "3,966", "Tax Rate for Calcs": "0", "Tax Effect of Unusual Items": "0"}, "12/31/2019": {"Duration": "12/31/2019", "Total Revenue": "122,661", "Cost of Revenue": "68,212", "Gross Profit": "54,449", "Operating Expense": "54,122", "Operating Income": "327", "Net Non Operating Interest Income Expense": "-2,428", "Other Income Expense": "-482", "Pretax Income": "-2,583", "Tax Provision": "-1,446", "Earnings from Equity Interest Net of Tax": "-594", "Net Income Common Stockholders": "-1,465", "Diluted NI Available to Com Stockholders": "-1,465", "Basic EPS": "-0.20", "Diluted EPS": "-0.20", "Basic Average Shares": "7,446", "Diluted Average Shares": "7,446", "Total Operating Income as Reported": "327", "Total Expenses": "122,334", "Net Income from Continuing & Discontinued Operation": "-1,465", "Normalized Income": "-1,465", "Interest Income": "661", "Interest Expense": "3,089", "Net Interest Income": "-2,428", "EBIT": "506", "EBITDA": "-", "Reconciled Cost of Revenue": "68,212", "Reconciled Depreciation": "4,916", "Net Income from Continuing Operation Net Minority Interest": "-1,465", "Normalized EBITDA": "5,422", "Tax Rate for Calcs": "0", "Tax Effect of Unusual Items": "0"}, "12/31/2018": {"Duration": "12/31/2018", "Total Revenue": "127,446", "Cost of Revenue": "70,808", "Gross Profit": "56,638", "Operating Expense": "52,844", "Operating Income": "3,794", "Net Non Operating Interest Income Expense": "-49", "Other Income Expense": "62", "Pretax Income": "3,807", "Tax Provision": "-2,115", "Earnings from Equity Interest Net of Tax": "-72", "Net Income Common Stockholders": "5,850", "Diluted NI Available to Com Stockholders": "5,850", "Basic EPS": "0.81", "Diluted EPS": "0.74", "Basic Average Shares": "7,220", "Diluted Average Shares": "7,856", "Total Operating Income as Reported": "3,794", "Total Expenses": "123,652", "Net Income from Continuing & Discontinued Operation": "5,850", "Normalized Income": "5,850", "Interest Income": "261", "Interest Expense": "310", "Net Interest Income": "-49", "EBIT": "4,117", "EBITDA": "-", "Reconciled Cost of Revenue": "70,808", "Reconciled Depreciation": "4,595", "Net Income from Continuing Operation Net Minority Interest": "5,850", "Normalized EBITDA": "8,712", "Tax Rate for Calcs": "0", "Tax Effect of Unusual Items": "0"}}, "bs": {"12/31/2020": {"Duration": "12/31/2020", "Total Assets": "399,839", "Total Liabilities Net Minority Interest": "112,786", "Total Equity Gross Minority Interest": "287,053", "Total Capitalization": "336,066", "Common Stock Equity": "287,053", "Capital Lease Obligations": "5,945", "Net Tangible Assets": "142,785", "Working Capital": "129,160", "Invested Capital": "336,066", "Tangible Book Value": "142,785", "Total Debt": "54,958", "Share Issued": "9,476", "Ordinary Shares Number": "9,476"}, "12/31/2019": {"Duration": "12/31/2019", "Total Assets": "244,424", "Total Liabilities Net Minority Interest": "90,060", "Total Equity Gross Minority Interest": "154,364", "Total Capitalization": "200,833", "Common Stock Equity": "154,364", "Capital Lease Obligations": "6,158", "Net Tangible Assets": "106,688", "Working Capital": "107,668", "Invested Capital": "200,833", "Tangible Book Value": "106,688", "Total Debt": "52,627", "Share Issued": "7,882", "Ordinary Shares Number": "7,882"}, "12/31/2018": {"Duration": "12/31/2018", "Total Assets": "156,452", "Total Liabilities Net Minority Interest": "34,043", "Total Equity Gross Minority Interest": "122,409", "Total Capitalization": "128,440", "Common Stock Equity": "122,409", "Capital Lease Obligations": "-", "Net Tangible Assets": "85,966", "Working Capital": "42,044", "Invested Capital": "128,440", "Tangible Book Value": "85,966", "Total Debt": "6,031", "Share Issued": "7,676", "Ordinary Shares Number": "7,676"}}, "cf": {"TTM": {"Duration": "TTM", "Operating Cash Flow": "-656", "Investing Cash Flow": "-126,597", "Financing Cash Flow": "123,764", "End Cash Position": "86,334", "Capital Expenditure": "-686", "Issuance of Capital Stock": "126,273", "Issuance of Debt": "613", "Repayment of Debt": "-1,431", "Repurchase of Capital Stock": "-1,477", "Free Cash Flow": "-1,342"}, "12/31/2020": {"Duration": "12/31/2020", "Operating Cash Flow": "-656", "Investing Cash Flow": "-126,597", "Financing Cash Flow": "123,764", "End Cash Position": "86,334", "Capital Expenditure": "-686", "Issuance of Capital Stock": "126,273", "Issuance of Debt": "613", "Repayment of Debt": "-1,431", "Repurchase of Capital Stock": "-1,477", "Free Cash Flow": "-1,342"}, "12/31/2019": {"Duration": "12/31/2019", "Operating Cash Flow": "3,296", "Investing Cash Flow": "-1,923", "Financing Cash Flow": "74,264", "End Cash Position": "89,030", "Capital Expenditure": "-1,044", "Issuance of Capital Stock": "1,829", "Issuance of Debt": "93,000", "Repayment of Debt": "-13,941", "Repurchase of Capital Stock": "-3,447", "Free Cash Flow": "2,252"}, "12/31/2018": {"Duration": "12/31/2018", "Operating Cash Flow": "13,287", "Investing Cash Flow": "-12,174", "Financing Cash Flow": "2,627", "End Cash Position": "13,389", "Capital Expenditure": "-4,108", "Issuance of Capital Stock": "4,034", "Issuance of Debt": "3,000", "Repayment of Debt": "-3,010", "Repurchase of Capital Stock": "-1,271", "Free Cash Flow": "9,179"}}}}, {"FLDM": {"quote": {"03/27/2021": {"value": "4.3400", "Market Cap": "323.534M", "Beta (5Y Monthly)": "1.64", "PE Ratio (TTM)": "N/A", "EPS (TTM)": "-0.7360", "Earnings Date": "May 05, 2021 - May 10, 2021", "Forward Dividend & Yield": "N/A (N/A)", "Ex-Dividend Date": "N/A", "1y Target Est": "10.33"}, "04/25/2021": {"value": "4.6900", "Market Cap": "343.33M", "Beta (5Y Monthly)": "1.56", "PE Ratio (TTM)": "N/A", "EPS (TTM)": "-0.7360", "Earnings Date": "May 06, 2021", "Forward Dividend & Yield": "N/A (N/A)", "Ex-Dividend Date": "N/A", "1y Target Est": "10.33"}}, "fin": {"TTM": {"Duration": "TTM", "Total Revenue": "138,144", "Cost of Revenue": "54,818", "Gross Profit": "83,326", "Operating Expense": "134,362", "Operating Income": "-51,036", "Net Non Operating Interest Income Expense": "-3,572", "Other Income Expense": "507", "Pretax Income": "-54,101", "Tax Provision": "-1,081", "Net Income Common Stockholders": "-53,020", "Diluted NI Available to Com Stockholders": "-53,020", "Basic EPS": "-", "Diluted EPS": "-", "Basic Average Shares": "-", "Diluted Average Shares": "-", "Total Operating Income as Reported": "-51,036", "Total Expenses": "189,180", "Net Income from Continuing & Discontinued Operation": "-53,020", "Normalized Income": "-53,020", "Interest Expense": "3,572", "Net Interest Income": "-3,572", "EBIT": "-50,529", "EBITDA": "-32,588", "Reconciled Cost of Revenue": "54,818", "Reconciled Depreciation": "17,941", "Net Income from Continuing Operation Net Minority Interest": "-53,020", "Total Unusual Items Excluding Goodwill": "0", "Total Unusual Items": "0", "Normalized EBITDA": "-32,588", "Tax Rate for Calcs": "0", "Tax Effect of Unusual Items": "0"}, "12/31/2020": {"Duration": "12/31/2020", "Total Revenue": "138,144", "Cost of Revenue": "54,818", "Gross Profit": "83,326", "Operating Expense": "134,362", "Operating Income": "-51,036", "Net Non Operating Interest Income Expense": "-3,572", "Other Income Expense": "507", "Pretax Income": "-54,101", "Tax Provision": "-1,081", "Net Income Common Stockholders": "-53,020", "Diluted NI Available to Com Stockholders": "-53,020", "Basic EPS": "-", "Diluted EPS": "-", "Basic Average Shares": "-", "Diluted Average Shares": "-", "Total Operating Income as Reported": "-51,036", "Total Expenses": "189,180", "Net Income from Continuing & Discontinued Operation": "-53,020", "Normalized Income": "-53,020", "Interest Expense": "3,572", "Net Interest Income": "-3,572", "EBIT": "-50,529", "EBITDA": "-", "Reconciled Cost of Revenue": "54,818", "Reconciled Depreciation": "17,941", "Net Income from Continuing Operation Net Minority Interest": "-53,020", "Total Unusual Items Excluding Goodwill": "0", "Total Unusual Items": "0", "Normalized EBITDA": "-32,588", "Tax Rate for Calcs": "0", "Tax Effect of Unusual Items": "0"}, "12/31/2019": {"Duration": "12/31/2019", "Total Revenue": "117,243", "Cost of Revenue": "52,964", "Gross Profit": "64,279", "Operating Expense": "116,118", "Operating Income": "-51,839", "Net Non Operating Interest Income Expense": "-4,279", "Other Income Expense": "-10,587", "Pretax Income": "-66,705", "Tax Provision": "-1,915", "Net Income Common Stockholders": "-64,790", "Diluted NI Available to Com Stockholders": "-64,790", "Basic EPS": "-0.97", "Diluted EPS": "-0.97", "Basic Average Shares": "66,779", "Diluted Average Shares": "66,779", "Total Operating Income as Reported": "-51,839", "Total Expenses": "169,082", "Net Income from Continuing & Discontinued Operation": "-64,790", "Normalized Income": "-53,119", "Interest Expense": "4,279", "Net Interest Income": "-4,279", "EBIT": "-62,426", "EBITDA": "-", "Reconciled Cost of Revenue": "52,964", "Reconciled Depreciation": "15,805", "Net Income from Continuing Operation Net Minority Interest": "-64,790", "Total Unusual Items Excluding Goodwill": "-12,020", "Total Unusual Items": "-12,020", "Normalized EBITDA": "-34,601", "Tax Rate for Calcs": "0", "Tax Effect of Unusual Items": "-348.58"}, "12/31/2018": {"Duration": "12/31/2018", "Total Revenue": "112,964", "Cost of Revenue": "51,315", "Gross Profit": "61,649", "Operating Expense": "109,813", "Operating Income": "-48,164", "Net Non Operating Interest Income Expense": "-13,893", "Other Income Expense": "637", "Pretax Income": "-61,420", "Tax Provision": "-2,407", "Net Income Common Stockholders": "-59,013", "Diluted NI Available to Com Stockholders": "-59,013", "Basic EPS": "-1.49", "Diluted EPS": "-1.49", "Basic Average Shares": "39,652", "Diluted Average Shares": "39,652", "Total Operating Income as Reported": "-48,164", "Total Expenses": "161,128", "Net Income from Continuing & Discontinued Operation": "-59,013", "Normalized Income": "-59,013", "Interest Expense": "13,893", "Net Interest Income": "-13,893", "EBIT": "-47,527", "EBITDA": "-", "Reconciled Cost of Revenue": "51,315", "Reconciled Depreciation": "16,572", "Net Income from Continuing Operation Net Minority Interest": "-59,013", "Total Unusual Items Excluding Goodwill": "-", "Total Unusual Items": "-", "Normalized EBITDA": "-30,955", "Tax Rate for Calcs": "0", "Tax Effect of Unusual Items": "0"}}, "bs": {"12/31/2020": {"Duration": "12/31/2020", "Total Assets": "324,757", "Total Liabilities Net Minority Interest": "185,707", "Total Equity Gross Minority Interest": "139,050", "Total Capitalization": "193,274", "Common Stock Equity": "139,050", "Capital Lease Obligations": "41,151", "Net Tangible Assets": "-9,737", "Working Capital": "63,414", "Invested Capital": "193,274", "Tangible Book Value": "-9,737", "Total Debt": "95,375", "Net Debt": "-", "Share Issued": "74,543", "Ordinary Shares Number": "74,543"}, "12/31/2019": {"Duration": "12/31/2019", "Total Assets": "264,812", "Total Liabilities Net Minority Interest": "111,200", "Total Equity Gross Minority Interest": "153,612", "Total Capitalization": "207,433", "Common Stock Equity": "153,612", "Capital Lease Obligations": "6,156", "Net Tangible Assets": "372", "Working Capital": "63,275", "Invested Capital": "207,433", "Tangible Book Value": "372", "Total Debt": "59,977", "Net Debt": "32,160", "Share Issued": "69,956", "Ordinary Shares Number": "69,956"}, "12/31/2018": {"Duration": "12/31/2018", "Total Assets": "303,647", "Total Liabilities Net Minority Interest": "231,531", "Total Equity Gross Minority Interest": "72,116", "Total Capitalization": "244,174", "Common Stock Equity": "72,116", "Capital Lease Obligations": "-", "Net Tangible Assets": "-93,805", "Working Capital": "89,524", "Invested Capital": "244,174", "Tangible Book Value": "-93,805", "Total Debt": "172,058", "Net Debt": "76,657", "Share Issued": "49,338", "Ordinary Shares Number": "49,338"}}, "cf": {"TTM": {"Duration": "TTM", "Operating Cash Flow": "-15,417", "Investing Cash Flow": "39,975", "Financing Cash Flow": "20,857", "End Cash Position": "69,536", "Income Tax Paid Supplemental Data": "521", "Interest Paid Supplemental Data": "3,089", "Capital Expenditure": "-12,717", "Issuance of Capital Stock": "20,226", "Issuance of Debt": "0", "Repayment of Debt": "0", "Free Cash Flow": "-28,134"}, "12/31/2020": {"Duration": "12/31/2020", "Operating Cash Flow": "-15,417", "Investing Cash Flow": "39,975", "Financing Cash Flow": "20,857", "End Cash Position": "69,536", "Income Tax Paid Supplemental Data": "521", "Interest Paid Supplemental Data": "3,089", "Capital Expenditure": "-12,717", "Issuance of Capital Stock": "20,226", "Issuance of Debt": "0", "Repayment of Debt": "0", "Free Cash Flow": "-28,134"}, "12/31/2019": {"Duration": "12/31/2019", "Operating Cash Flow": "-35,210", "Investing Cash Flow": "-39,301", "Financing Cash Flow": "2,790", "End Cash Position": "23,736", "Income Tax Paid Supplemental Data": "205", "Interest Paid Supplemental Data": "3,542", "Capital Expenditure": "-2,531", "Issuance of Capital Stock": "0", "Issuance of Debt": "55,000", "Repayment of Debt": "-51,826", "Free Cash Flow": "-37,741"}, "12/31/2018": {"Duration": "12/31/2018", "Operating Cash Flow": "-25,201", "Investing Cash Flow": "4,719", "Financing Cash Flow": "57,660", "End Cash Position": "95,401", "Income Tax Paid Supplemental Data": "321", "Interest Paid Supplemental Data": "5,534", "Capital Expenditure": "-372", "Issuance of Capital Stock": "59,469", "Issuance of Debt": "-", "Repayment of Debt": "-", "Free Cash Flow": "-25,573"}}}}, {"CBMX": {"quote": {"03/27/2021": {"value": "", "Net Assets": "N/A", "Beta (5Y Monthly)": "N/A", "Yield": "N/A", "5y Average Return": "N/A", "Holdings Turnover": "N/A", "Last Dividend": "N/A", "Average for Category": "N/A", "Inception Date": "N/A"}, "04/25/2021": {"value": "", "Net Assets": "N/A", "Beta (5Y Monthly)": "N/A", "Yield": "N/A", "5y Average Return": "N/A", "Holdings Turnover": "N/A", "Last Dividend": "N/A", "Average for Category": "N/A", "Inception Date": "N/A"}}, "fin": {}, "bs": {}, "cf": {}}}, {"CRL": {"quote": {"03/27/2021": {"value": "288.04", "Market Cap": "14.338B", "Beta (5Y Monthly)": "1.10", "PE Ratio (TTM)": "40.01", "EPS (TTM)": "7.20", "Earnings Date": "May 05, 2021 - May 10, 2021", "Forward Dividend & Yield": "N/A (N/A)", "Ex-Dividend Date": "N/A", "1y Target Est": "331.69"}, "04/25/2021": {"value": "334.34", "Market Cap": "16.269B", "Beta (5Y Monthly)": "1.11", "PE Ratio (TTM)": "46.44", "EPS (TTM)": "7.20", "Earnings Date": "May 04, 2021", "Forward Dividend & Yield": "N/A (N/A)", "Ex-Dividend Date": "N/A", "1y Target Est": "334.85"}}, "fin": {"TTM": {"Duration": "TTM", "Total Revenue": "2,923,933", "Cost of Revenue": "1,850,392", "Gross Profit": "1,073,541", "Operating Expense": "640,812", "Operating Income": "432,729", "Net Non Operating Interest Income Expense": "-85,599", "Other Income Expense": "99,984", "Pretax Income": "447,114", "Tax Provision": "81,808", "Net Income Common Stockholders": "364,304", "Diluted NI Available to Com Stockholders": "364,304", "Basic EPS": "-", "Diluted EPS": "-", "Basic Average Shares": "-", "Diluted Average Shares": "-", "Total Operating Income as Reported": "432,729", "Total Expenses": "2,491,204", "Net Income from Continuing & Discontinued Operation": "364,304", "Normalized Income": "364,304", "Interest Income": "834", "Interest Expense": "86,433", "Net Interest Income": "-85,599", "EBIT": "533,547", "EBITDA": "768,471", "Reconciled Cost of Revenue": "1,727,345", "Reconciled Depreciation": "234,924", "Net Income from Continuing Operation Net Minority Interest": "364,304", "Normalized EBITDA": "768,471", "Tax Rate for Calcs": "0", "Tax Effect of Unusual Items": "0"}, "12/31/2020": {"Duration": "12/31/2020", "Total Revenue": "2,923,933", "Cost of Revenue": "1,850,392", "Gross Profit": "1,073,541", "Operating Expense": "640,812", "Operating Income": "432,729", "Net Non Operating Interest Income Expense": "-85,599", "Other Income Expense": "99,984", "Pretax Income": "447,114", "Tax Provision": "81,808", "Net Income Common Stockholders": "364,304", "Diluted NI Available to Com Stockholders": "364,304", "Basic EPS": "-", "Diluted EPS": "-", "Basic Average Shares": "-", "Diluted Average Shares": "-", "Total Operating Income as Reported": "432,729", "Total Expenses": "2,491,204", "Net Income from Continuing & Discontinued Operation": "364,304", "Normalized Income": "364,304", "Interest Income": "834", "Interest Expense": "86,433", "Net Interest Income": "-85,599", "EBIT": "533,547", "EBITDA": "-", "Reconciled Cost of Revenue": "1,727,345", "Reconciled Depreciation": "234,924", "Net Income from Continuing Operation Net Minority Interest": "364,304", "Normalized EBITDA": "768,471", "Tax Rate for Calcs": "0", "Tax Effect of Unusual Items": "0"}, "12/31/2019": {"Duration": "12/31/2019", "Total Revenue": "2,621,226", "Cost of Revenue": "1,662,915", "Gross Profit": "958,311", "Operating Expense": "607,160", "Operating Income": "351,151", "Net Non Operating Interest Income Expense": "-59,360", "Other Income Expense": "12,293", "Pretax Income": "304,084", "Tax Provision": "50,023", "Net Income Common Stockholders": "252,019", "Diluted NI Available to Com Stockholders": "252,019", "Basic EPS": "5.17", "Diluted EPS": "5.07", "Basic Average Shares": "48,730", "Diluted Average Shares": "49,693", "Total Operating Income as Reported": "351,151", "Total Expenses": "2,270,075", "Net Income from Continuing & Discontinued Operation": "252,019", "Normalized Income": "252,019", "Interest Income": "1,522", "Interest Expense": "60,882", "Net Interest Income": "-59,360", "EBIT": "364,966", "EBITDA": "-", "Reconciled Cost of Revenue": "1,554,358", "Reconciled Depreciation": "198,095", "Net Income from Continuing Operation Net Minority Interest": "252,019", "Normalized EBITDA": "563,061", "Tax Rate for Calcs": "0", "Tax Effect of Unusual Items": "0"}, "12/31/2018": {"Duration": "12/31/2018", "Total Revenue": "2,266,096", "Cost of Revenue": "1,426,029", "Gross Profit": "840,067", "Operating Expense": "508,684", "Operating Income": "331,383", "Net Non Operating Interest Income Expense": "-62,960", "Other Income Expense": "13,258", "Pretax Income": "281,681", "Tax Provision": "54,463", "Net Income Common Stockholders": "226,373", "Diluted NI Available to Com Stockholders": "226,373", "Basic EPS": "4.72", "Diluted EPS": "4.62", "Basic Average Shares": "47,947", "Diluted Average Shares": "49,018", "Total Operating Income as Reported": "331,383", "Total Expenses": "1,934,713", "Net Income from Continuing & Discontinued Operation": "226,373", "Normalized Income": "224,867", "Interest Income": "812", "Interest Expense": "63,772", "Net Interest Income": "-62,960", "EBIT": "345,453", "EBITDA": "-", "Reconciled Cost of Revenue": "1,329,080", "Reconciled Depreciation": "161,779", "Net Income from Continuing Operation Net Minority Interest": "224,867", "Normalized EBITDA": "507,232", "Tax Rate for Calcs": "0", "Tax Effect of Unusual Items": "0"}}, "bs": {"12/31/2020": {"Duration": "12/31/2020", "Total Assets": "5,490,831", "Total Liabilities Net Minority Interest": "3,372,662", "Total Equity Gross Minority Interest": "2,118,169", "Total Capitalization": "4,018,144", "Common Stock Equity": "2,114,602", "Capital Lease Obligations": "209,316", "Net Tangible Assets": "-482,165", "Working Capital": "361,380", "Invested Capital": "4,065,340", "Tangible Book Value": "-482,165", "Total Debt": "2,160,054", "Net Debt": "1,722,314", "Share Issued": "49,767", "Ordinary Shares Number": "49,767", "Treasury Shares Number": "-"}, "12/31/2019": {"Duration": "12/31/2019", "Total Assets": "4,692,790", "Total Liabilities Net Minority Interest": "3,054,962", "Total Equity Gross Minority Interest": "1,637,828", "Total Capitalization": "3,456,720", "Common Stock Equity": "1,634,584", "Capital Lease Obligations": "167,136", "Net Tangible Assets": "-595,394", "Working Capital": "311,144", "Invested Capital": "3,492,268", "Tangible Book Value": "-595,394", "Total Debt": "2,024,820", "Net Debt": "1,619,670", "Share Issued": "48,936", "Ordinary Shares Number": "48,936", "Treasury Shares Number": "-"}, "12/31/2018": {"Duration": "12/31/2018", "Total Assets": "3,855,879", "Total Liabilities Net Minority Interest": "2,536,101", "Total Equity Gross Minority Interest": "1,319,778", "Total Capitalization": "2,953,930", "Common Stock Equity": "1,317,332", "Capital Lease Obligations": "-", "Net Tangible Assets": "-540,689", "Working Capital": "339,614", "Invested Capital": "2,985,346", "Tangible Book Value": "-540,689", "Total Debt": "1,668,014", "Net Debt": "1,472,572", "Share Issued": "48,210", "Ordinary Shares Number": "48,209", "Treasury Shares Number": "1"}}, "cf": {"TTM": {"Duration": "TTM", "Operating Cash Flow": "546,575", "Investing Cash Flow": "-601,544", "Financing Cash Flow": "47,248", "Cash Flow from Discontinued Operation": "0", "End Cash Position": "233,119", "Income Tax Paid Supplemental Data": "60,059", "Interest Paid Supplemental Data": "72,461", "Capital Expenditure": "-166,560", "Issuance of Debt": "2,230,988", "Repayment of Debt": "-2,200,400", "Repurchase of Capital Stock": "-23,979", "Free Cash Flow": "380,015"}, "12/31/2020": {"Duration": "12/31/2020", "Operating Cash Flow": "546,575", "Investing Cash Flow": "-601,544", "Financing Cash Flow": "47,248", "Cash Flow from Discontinued Operation": "0", "End Cash Position": "233,119", "Income Tax Paid Supplemental Data": "60,059", "Interest Paid Supplemental Data": "72,461", "Capital Expenditure": "-166,560", "Issuance of Debt": "2,230,988", "Repayment of Debt": "-2,200,400", "Repurchase of Capital Stock": "-23,979", "Free Cash Flow": "380,015"}, "12/31/2019": {"Duration": "12/31/2019", "Operating Cash Flow": "480,936", "Investing Cash Flow": "-681,502", "Financing Cash Flow": "231,937", "Cash Flow from Discontinued Operation": "0", "End Cash Position": "240,046", "Income Tax Paid Supplemental Data": "54,060", "Interest Paid Supplemental Data": "67,813", "Capital Expenditure": "-140,514", "Issuance of Debt": "3,358,461", "Repayment of Debt": "-3,124,588", "Repurchase of Capital Stock": "-18,087", "Free Cash Flow": "340,422"}, "12/31/2018": {"Duration": "12/31/2018", "Operating Cash Flow": "441,140", "Investing Cash Flow": "-955,003", "Financing Cash Flow": "558,059", "Cash Flow from Discontinued Operation": "-3,735", "End Cash Position": "197,318", "Income Tax Paid Supplemental Data": "67,600", "Interest Paid Supplemental Data": "47,540", "Capital Expenditure": "-140,054", "Issuance of Debt": "2,755,028", "Repayment of Debt": "-2,201,003", "Repurchase of Capital Stock": "-13,846", "Free Cash Flow": "301,086"}}}}, {"ICLR": {"quote": {"03/27/2021": {"value": "190.72", "Market Cap": "10.068B", "Beta (5Y Monthly)": "0.83", "PE Ratio (TTM)": "31.01", "EPS (TTM)": "6.15", "Earnings Date": "Apr 20, 2021 - Apr 26, 2021", "Forward Dividend & Yield": "N/A (N/A)", "Ex-Dividend Date": "N/A", "1y Target Est": "224.15"}, "04/25/2021": {"value": "217.82", "Market Cap": "11.128B", "Beta (5Y Monthly)": "0.85", "PE Ratio (TTM)": "35.42", "EPS (TTM)": "6.15", "Earnings Date": "Apr 28, 2021", "Forward Dividend & Yield": "N/A (N/A)", "Ex-Dividend Date": "N/A", "1y Target Est": "230.08"}}, "fin": {"TTM": {"Duration": "TTM", "Total Revenue": "2,797,288", "Cost of Revenue": "1,979,883", "Gross Profit": "817,405", "Operating Expense": "407,816", "Operating Income": "409,589", "Net Non Operating Interest Income Expense": "-10,295", "Other Income Expense": "-18,089", "Pretax Income": "381,205", "Tax Provision": "47,875", "Earnings from Equity Interest Net of Tax": "-366", "Net Income Common Stockholders": "332,331", "Diluted NI Available to Com Stockholders": "332,331", "Basic EPS": "-", "Diluted EPS": "-", "Basic Average Shares": "-", "Diluted Average Shares": "-", "Total Operating Income as Reported": "391,500", "Total Expenses": "2,387,699", "Net Income from Continuing & Discontinued Operation": "332,331", "Normalized Income": "348,141", "Interest Income": "2,724", "Interest Expense": "13,019", "Net Interest Income": "-10,295", "EBIT": "394,224", "EBITDA": "460,350", "Reconciled Cost of Revenue": "1,979,883", "Reconciled Depreciation": "66,126", "Net Income from Continuing Operation Net Minority Interest": "332,331", "Total Unusual Items Excluding Goodwill": "-18,089", "Total Unusual Items": "-18,089", "Normalized EBITDA": "478,439", "Tax Rate for Calcs": "0", "Tax Effect of Unusual Items": "-2,279"}, "12/31/2020": {"Duration": "12/31/2020", "Total Revenue": "2,797,288", "Cost of Revenue": "1,979,883", "Gross Profit": "817,405", "Operating Expense": "407,816", "Operating Income": "409,589", "Net Non Operating Interest Income Expense": "-10,295", "Other Income Expense": "-18,089", "Pretax Income": "381,205", "Tax Provision": "47,875", "Earnings from Equity Interest Net of Tax": "-366", "Net Income Common Stockholders": "332,331", "Diluted NI Available to Com Stockholders": "332,331", "Basic EPS": "-", "Diluted EPS": "-", "Basic Average Shares": "-", "Diluted Average Shares": "-", "Total Operating Income as Reported": "391,500", "Total Expenses": "2,387,699", "Net Income from Continuing & Discontinued Operation": "332,331", "Normalized Income": "348,141", "Interest Income": "2,724", "Interest Expense": "13,019", "Net Interest Income": "-10,295", "EBIT": "394,224", "EBITDA": "-", "Reconciled Cost of Revenue": "1,979,883", "Reconciled Depreciation": "66,126", "Net Income from Continuing Operation Net Minority Interest": "332,331", "Total Unusual Items Excluding Goodwill": "-18,089", "Total Unusual Items": "-18,089", "Normalized EBITDA": "478,439", "Tax Rate for Calcs": "0", "Tax Effect of Unusual Items": "-2,279"}, "12/31/2019": {"Duration": "12/31/2019", "Total Revenue": "2,805,839", "Cost of Revenue": "1,974,135", "Gross Profit": "831,704", "Operating Expense": "398,298", "Operating Income": "433,406", "Net Non Operating Interest Income Expense": "-6,417", "Other Income Expense": "-", "Pretax Income": "426,989", "Tax Provision": "51,133", "Earnings from Equity Interest Net of Tax": "-", "Net Income Common Stockholders": "373,986", "Diluted NI Available to Com Stockholders": "373,986", "Basic EPS": "6.85", "Diluted EPS": "6.79", "Basic Average Shares": "53,860", "Diluted Average Shares": "54,333", "Total Operating Income as Reported": "433,406", "Total Expenses": "2,372,433", "Net Income from Continuing & Discontinued Operation": "373,986", "Normalized Income": "373,986", "Interest Income": "6,859", "Interest Expense": "13,276", "Net Interest Income": "-6,417", "EBIT": "440,265", "EBITDA": "-", "Reconciled Cost of Revenue": "1,974,135", "Reconciled Depreciation": "61,550", "Net Income from Continuing Operation Net Minority Interest": "373,986", "Total Unusual Items Excluding Goodwill": "0", "Total Unusual Items": "0", "Normalized EBITDA": "501,815", "Tax Rate for Calcs": "0", "Tax Effect of Unusual Items": "0"}, "12/31/2018": {"Duration": "12/31/2018", "Total Revenue": "2,595,777", "Cost of Revenue": "1,818,220", "Gross Profit": "777,557", "Operating Expense": "391,710", "Operating Income": "385,847", "Net Non Operating Interest Income Expense": "-8,743", "Other Income Expense": "-12,490", "Pretax Income": "364,614", "Tax Provision": "41,958", "Earnings from Equity Interest Net of Tax": "-", "Net Income Common Stockholders": "322,656", "Diluted NI Available to Com Stockholders": "322,656", "Basic EPS": "5.96", "Diluted EPS": "5.90", "Basic Average Shares": "54,119", "Diluted Average Shares": "54,739", "Total Operating Income as Reported": "373,357", "Total Expenses": "2,209,930", "Net Income from Continuing & Discontinued Operation": "322,656", "Normalized Income": "333,710", "Interest Income": "4,759", "Interest Expense": "13,502", "Net Interest Income": "-8,743", "EBIT": "378,116", "EBITDA": "-", "Reconciled Cost of Revenue": "1,818,220", "Reconciled Depreciation": "65,916", "Net Income from Continuing Operation Net Minority Interest": "322,656", "Total Unusual Items Excluding Goodwill": "-12,490", "Total Unusual Items": "-12,490", "Normalized EBITDA": "456,522", "Tax Rate for Calcs": "0", "Tax Effect of Unusual Items": "-1,436"}}, "bs": {"12/31/2020": {"Duration": "12/31/2020", "Total Assets": "3,435,606", "Total Liabilities Net Minority Interest": "1,585,370", "Total Equity Gross Minority Interest": "1,850,236", "Total Capitalization": "2,198,713", "Common Stock Equity": "1,850,236", "Capital Lease Obligations": "85,135", "Net Tangible Assets": "847,519", "Working Capital": "979,035", "Invested Capital": "2,198,713", "Tangible Book Value": "847,519", "Total Debt": "433,612", "Net Debt": "-", "Share Issued": "52,788", "Ordinary Shares Number": "52,788"}, "12/31/2019": {"Duration": "12/31/2019", "Total Assets": "2,907,512", "Total Liabilities Net Minority Interest": "1,289,457", "Total Equity Gross Minority Interest": "1,618,055", "Total Capitalization": "1,618,055", "Common Stock Equity": "1,618,055", "Capital Lease Obligations": "104,913", "Net Tangible Assets": "666,991", "Working Capital": "493,728", "Invested Capital": "1,967,695", "Tangible Book Value": "666,991", "Total Debt": "454,553", "Net Debt": "-", "Share Issued": "53,622", "Ordinary Shares Number": "53,622"}, "12/31/2018": {"Duration": "12/31/2018", "Total Assets": "2,354,255", "Total Liabilities Net Minority Interest": "999,974", "Total Equity Gross Minority Interest": "1,354,281", "Total Capitalization": "1,703,545", "Common Stock Equity": "1,354,281", "Capital Lease Obligations": "-", "Net Tangible Assets": "543,966", "Working Capital": "719,560", "Invested Capital": "1,703,545", "Tangible Book Value": "543,966", "Total Debt": "349,264", "Net Debt": "-", "Share Issued": "53,972", "Ordinary Shares Number": "53,972"}}, "cf": {"TTM": {"Duration": "TTM", "Operating Cash Flow": "568,035", "Investing Cash Flow": "-46,576", "Financing Cash Flow": "-208,333", "End Cash Position": "840,305", "Income Tax Paid Supplemental Data": "-", "Interest Paid Supplemental Data": "-", "Capital Expenditure": "-51,055", "Issuance of Debt": "350,000", "Repayment of Debt": "-350,000", "Repurchase of Capital Stock": "-175,000", "Free Cash Flow": "516,980"}, "12/31/2020": {"Duration": "12/31/2020", "Operating Cash Flow": "568,035", "Investing Cash Flow": "-46,576", "Financing Cash Flow": "-208,333", "End Cash Position": "840,305", "Income Tax Paid Supplemental Data": "-", "Interest Paid Supplemental Data": "-", "Capital Expenditure": "-51,055", "Issuance of Debt": "350,000", "Repayment of Debt": "-350,000", "Repurchase of Capital Stock": "-175,000", "Free Cash Flow": "516,980"}, "12/31/2019": {"Duration": "12/31/2019", "Operating Cash Flow": "412,541", "Investing Cash Flow": "-162,027", "Financing Cash Flow": "-125,406", "End Cash Position": "520,309", "Income Tax Paid Supplemental Data": "-", "Interest Paid Supplemental Data": "-", "Capital Expenditure": "-50,645", "Issuance of Debt": "-", "Repayment of Debt": "-", "Repurchase of Capital Stock": "-146,931", "Free Cash Flow": "361,896"}, "12/31/2018": {"Duration": "12/31/2018", "Operating Cash Flow": "268,639", "Investing Cash Flow": "-37,296", "Financing Cash Flow": "-113,023", "End Cash Position": "395,851", "Income Tax Paid Supplemental Data": "18,558", "Interest Paid Supplemental Data": "13,060", "Capital Expenditure": "-48,397", "Issuance of Debt": "0", "Repayment of Debt": "0", "Repurchase of Capital Stock": "-128,960", "Free Cash Flow": "220,242"}}}}, {"PMD": {"quote": {"03/27/2021": {"value": "6.17", "Market Cap": "34.098M", "Beta (5Y Monthly)": "0.85", "PE Ratio (TTM)": "N/A", "EPS (TTM)": "-0.70", "Earnings Date": "Nov 09, 2020", "Forward Dividend & Yield": "N/A (N/A)", "Ex-Dividend Date": "Feb 20, 2020", "1y Target Est": "N/A"}, "04/25/2021": {"value": "7.04", "Market Cap": "38.257M", "Beta (5Y Monthly)": "0.79", "PE Ratio (TTM)": "N/A", "EPS (TTM)": "-0.70", "Earnings Date": "Nov 09, 2020", "Forward Dividend & Yield": "N/A (N/A)", "Ex-Dividend Date": "Feb 20, 2020", "1y Target Est": "N/A"}}, "fin": {"TTM": {"Duration": "TTM", "Total Revenue": "21,360", "Cost of Revenue": "16,474", "Gross Profit": "4,886", "Operating Expense": "10,952", "Operating Income": "-6,066", "Net Non Operating Interest Income Expense": "-", "Other Income Expense": "-140", "Pretax Income": "-6,206", "Tax Provision": "-2,347", "Net Income Common Stockholders": "-3,859", "Diluted NI Available to Com Stockholders": "-3,859", "Basic EPS": "-", "Diluted EPS": "-", "Basic Average Shares": "-", "Diluted Average Shares": "-", "Total Operating Income as Reported": "-6,066", "Total Expenses": "27,426", "Net Income from Continuing & Discontinued Operation": "-3,859", "Normalized Income": "-3,859", "Interest Income": "-", "Interest Expense": "-", "Net Interest Income": "-", "EBIT": "-6,066", "EBITDA": "-2,440", "Reconciled Cost of Revenue": "16,474", "Reconciled Depreciation": "3,626", "Net Income from Continuing Operation Net Minority Interest": "-3,859", "Normalized EBITDA": "-2,440", "Tax Rate for Calcs": "0", "Tax Effect of Unusual Items": "0"}, "12/31/2020": {"Duration": "12/31/2020", "Total Revenue": "21,360", "Cost of Revenue": "16,474", "Gross Profit": "4,886", "Operating Expense": "10,952", "Operating Income": "-6,066", "Net Non Operating Interest Income Expense": "-", "Other Income Expense": "-140", "Pretax Income": "-6,206", "Tax Provision": "-2,347", "Net Income Common Stockholders": "-3,859", "Diluted NI Available to Com Stockholders": "-3,859", "Basic EPS": "-", "Diluted EPS": "-", "Basic Average Shares": "-", "Diluted Average Shares": "-", "Total Operating Income as Reported": "-6,066", "Total Expenses": "27,426", "Net Income from Continuing & Discontinued Operation": "-3,859", "Normalized Income": "-3,859", "Interest Income": "-", "Interest Expense": "-", "Net Interest Income": "-", "EBIT": "-6,066", "EBITDA": "-", "Reconciled Cost of Revenue": "16,474", "Reconciled Depreciation": "3,626", "Net Income from Continuing Operation Net Minority Interest": "-3,859", "Normalized EBITDA": "-2,440", "Tax Rate for Calcs": "0", "Tax Effect of Unusual Items": "0"}, "12/31/2019": {"Duration": "12/31/2019", "Total Revenue": "37,678", "Cost of Revenue": "21,234", "Gross Profit": "16,444", "Operating Expense": "13,446", "Operating Income": "2,998", "Net Non Operating Interest Income Expense": "-", "Other Income Expense": "58", "Pretax Income": "3,056", "Tax Provision": "1,514", "Net Income Common Stockholders": "1,542", "Diluted NI Available to Com Stockholders": "1,542", "Basic EPS": "0.28", "Diluted EPS": "0.28", "Basic Average Shares": "5,517", "Diluted Average Shares": "5,517", "Total Operating Income as Reported": "2,998", "Total Expenses": "34,680", "Net Income from Continuing & Discontinued Operation": "1,542", "Normalized Income": "1,542", "Interest Income": "-", "Interest Expense": "-", "Net Interest Income": "-", "EBIT": "2,998", "EBITDA": "-", "Reconciled Cost of Revenue": "21,234", "Reconciled Depreciation": "2,914", "Net Income from Continuing Operation Net Minority Interest": "1,542", "Normalized EBITDA": "5,912", "Tax Rate for Calcs": "0", "Tax Effect of Unusual Items": "0"}, "12/31/2018": {"Duration": "12/31/2018", "Total Revenue": "42,674", "Cost of Revenue": "22,056", "Gross Profit": "20,618", "Operating Expense": "13,008", "Operating Income": "7,610", "Net Non Operating Interest Income Expense": "43", "Other Income Expense": "43", "Pretax Income": "7,653", "Tax Provision": "3,069", "Net Income Common Stockholders": "4,584", "Diluted NI Available to Com Stockholders": "4,584", "Basic EPS": "0.83", "Diluted EPS": "0.83", "Basic Average Shares": "5,507", "Diluted Average Shares": "5,523", "Total Operating Income as Reported": "7,610", "Total Expenses": "35,064", "Net Income from Continuing & Discontinued Operation": "4,584", "Normalized Income": "4,584", "Interest Income": "149", "Interest Expense": "106", "Net Interest Income": "43", "EBIT": "7,759", "EBITDA": "-", "Reconciled Cost of Revenue": "22,056", "Reconciled Depreciation": "3,063", "Net Income from Continuing Operation Net Minority Interest": "4,584", "Normalized EBITDA": "10,822", "Tax Rate for Calcs": "0", "Tax Effect of Unusual Items": "0"}}, "bs": {"12/31/2020": {"Duration": "12/31/2020", "Total Assets": "24,003", "Total Liabilities Net Minority Interest": "11,491", "Total Equity Gross Minority Interest": "12,512", "Total Capitalization": "15,956", "Common Stock Equity": "12,512", "Capital Lease Obligations": "4,770", "Net Tangible Assets": "12,512", "Working Capital": "5,657", "Invested Capital": "16,644", "Tangible Book Value": "12,512", "Total Debt": "8,902", "Net Debt": "1,299", "Share Issued": "6,205", "Ordinary Shares Number": "5,537", "Treasury Shares Number": "668"}, "12/31/2019": {"Duration": "12/31/2019", "Total Assets": "27,531", "Total Liabilities Net Minority Interest": "10,711", "Total Equity Gross Minority Interest": "16,820", "Total Capitalization": "18,771", "Common Stock Equity": "16,820", "Capital Lease Obligations": "3,338", "Net Tangible Assets": "16,820", "Working Capital": "7,016", "Invested Capital": "19,449", "Tangible Book Value": "16,820", "Total Debt": "5,967", "Net Debt": "-", "Share Issued": "6,185", "Ordinary Shares Number": "5,517", "Treasury Shares Number": "668"}, "12/31/2018": {"Duration": "12/31/2018", "Total Assets": "24,974", "Total Liabilities Net Minority Interest": "6,227", "Total Equity Gross Minority Interest": "18,747", "Total Capitalization": "19,959", "Common Stock Equity": "18,747", "Capital Lease Obligations": "-", "Net Tangible Assets": "18,747", "Working Capital": "9,810", "Invested Capital": "20,375", "Tangible Book Value": "18,747", "Total Debt": "1,628", "Net Debt": "-", "Share Issued": "6,175", "Ordinary Shares Number": "5,507", "Treasury Shares Number": "668"}}, "cf": {"TTM": {"Duration": "TTM", "Operating Cash Flow": "-4,083", "Investing Cash Flow": "-858", "Financing Cash Flow": "501", "End Cash Position": "2,833", "Income Tax Paid Supplemental Data": "249", "Interest Paid Supplemental Data": "75", "Capital Expenditure": "-991", "Issuance of Debt": "2,181", "Repayment of Debt": "-678", "Repurchase of Capital Stock": "-9", "Free Cash Flow": "-5,074"}, "12/31/2020": {"Duration": "12/31/2020", "Operating Cash Flow": "-4,083", "Investing Cash Flow": "-858", "Financing Cash Flow": "501", "End Cash Position": "2,833", "Income Tax Paid Supplemental Data": "249", "Interest Paid Supplemental Data": "75", "Capital Expenditure": "-991", "Issuance of Debt": "2,181", "Repayment of Debt": "-678", "Repurchase of Capital Stock": "-9", "Free Cash Flow": "-5,074"}, "12/31/2019": {"Duration": "12/31/2019", "Operating Cash Flow": "4,309", "Investing Cash Flow": "2,077", "Financing Cash Flow": "-3,002", "End Cash Position": "7,283", "Income Tax Paid Supplemental Data": "2,898", "Interest Paid Supplemental Data": "59", "Capital Expenditure": "-1,733", "Issuance of Debt": "1,416", "Repayment of Debt": "-415", "Repurchase of Capital Stock": "-", "Free Cash Flow": "2,576"}, "12/31/2018": {"Duration": "12/31/2018", "Operating Cash Flow": "7,929", "Investing Cash Flow": "-5,359", "Financing Cash Flow": "-5,639", "End Cash Position": "4,069", "Income Tax Paid Supplemental Data": "3,743", "Interest Paid Supplemental Data": "108", "Capital Expenditure": "-1,324", "Issuance of Debt": "0", "Repayment of Debt": "-1,749", "Repurchase of Capital Stock": "-", "Free Cash Flow": "6,605"}}}}, {"CGIX": {"quote": {"03/27/2021": {"value": "4.8300", "Market Cap": "51.016M", "Beta (5Y Monthly)": "2.72", "PE Ratio (TTM)": "N/A", "EPS (TTM)": "-2.0710", "Earnings Date": "Nov 12, 2020", "Forward Dividend & Yield": "N/A (N/A)", "Ex-Dividend Date": "N/A", "1y Target Est": "N/A"}}, "fin": {}, "bs": {}, "cf": {}}}, {"DRIO": {"quote": {"05/11/2021": {"value": "15.89", "Market Cap": "245.904M", "Beta (5Y Monthly)": "1.32", "PE Ratio (TTM)": "N/A", "EPS (TTM)": "-5.55", "Earnings Date": "May 17, 2021", "Forward Dividend & Yield": "N/A (N/A)", "Ex-Dividend Date": "N/A", "1y Target Est": "29.28"}}, "fin": {"TTM": {"Duration": "TTM", "Total Revenue": "7,576", "Cost of Revenue": "5,063", "Gross Profit": "2,513", "Operating Expense": "32,416", "Operating Income": "-29,903", "Net Non Operating Interest Income Expense": "12", "Other Income Expense": "446", "Pretax Income": "-29,445", "Net Income Common Stockholders": "-33,103", "Diluted NI Available to Com Stockholders": "-33,103", "Basic EPS": "-", "Diluted EPS": "-", "Basic Average Shares": "-", "Diluted Average Shares": "-", "Total Operating Income as Reported": "-29,903", "Total Expenses": "37,479", "Net Income from Continuing & Discontinued Operation": "-29,445", "Normalized Income": "-29,891", "Interest Income": "61", "Net Interest Income": "12", "EBIT": "-29,903", "EBITDA": "-29,713", "Reconciled Cost of Revenue": "5,063", "Reconciled Depreciation": "190", "Net Income from Continuing Operation Net Minority Interest": "-29,445", "Total Unusual Items Excluding Goodwill": "446", "Total Unusual Items": "446", "Normalized EBITDA": "-30,159", "Tax Rate for Calcs": "0", "Tax Effect of Unusual Items": "0"}, "12/31/2020": {"Duration": "12/31/2020", "Total Revenue": "7,576", "Cost of Revenue": "5,063", "Gross Profit": "2,513", "Operating Expense": "32,416", "Operating Income": "-29,903", "Net Non Operating Interest Income Expense": "12", "Other Income Expense": "446", "Pretax Income": "-29,445", "Net Income Common Stockholders": "-33,103", "Diluted NI Available to Com Stockholders": "-33,103", "Basic EPS": "-", "Diluted EPS": "-", "Basic Average Shares": "-", "Diluted Average Shares": "-", "Total Operating Income as Reported": "-29,903", "Total Expenses": "37,479", "Net Income from Continuing & Discontinued Operation": "-29,445", "Normalized Income": "-29,891", "Interest Income": "61", "Net Interest Income": "12", "EBIT": "-29,903", "EBITDA": "-", "Reconciled Cost of Revenue": "5,063", "Reconciled Depreciation": "190", "Net Income from Continuing Operation Net Minority Interest": "-29,445", "Total Unusual Items Excluding Goodwill": "446", "Total Unusual Items": "446", "Normalized EBITDA": "-30,159", "Tax Rate for Calcs": "0", "Tax Effect of Unusual Items": "0"}, "12/31/2019": {"Duration": "12/31/2019", "Total Revenue": "7,559", "Cost of Revenue": "4,962", "Gross Profit": "2,597", "Operating Expense": "20,302", "Operating Income": "-17,705", "Net Non Operating Interest Income Expense": "-11", "Other Income Expense": "-20", "Pretax Income": "-17,736", "Net Income Common Stockholders": "-20,891", "Diluted NI Available to Com Stockholders": "-20,891", "Basic EPS": "-8.00", "Diluted EPS": "-8.00", "Basic Average Shares": "2,266", "Diluted Average Shares": "2,266", "Total Operating Income as Reported": "-17,705", "Total Expenses": "25,264", "Net Income from Continuing & Discontinued Operation": "-17,736", "Normalized Income": "-17,716", "Interest Income": "16", "Net Interest Income": "-11", "EBIT": "-17,705", "EBITDA": "-", "Reconciled Cost of Revenue": "4,962", "Reconciled Depreciation": "183", "Net Income from Continuing Operation Net Minority Interest": "-17,736", "Total Unusual Items Excluding Goodwill": "-20", "Total Unusual Items": "-20", "Normalized EBITDA": "-17,502", "Tax Rate for Calcs": "0", "Tax Effect of Unusual Items": "0"}, "12/31/2018": {"Duration": "12/31/2018", "Total Revenue": "7,394", "Cost of Revenue": "5,629", "Gross Profit": "1,765", "Operating Expense": "19,453", "Operating Income": "-17,688", "Net Non Operating Interest Income Expense": "-18", "Other Income Expense": "-97", "Pretax Income": "-17,803", "Net Income Common Stockholders": "-18,296", "Diluted NI Available to Com Stockholders": "-18,296", "Basic EPS": "-15.60", "Diluted EPS": "-15.60", "Basic Average Shares": "1,171", "Diluted Average Shares": "1,171", "Total Operating Income as Reported": "-17,688", "Total Expenses": "25,082", "Net Income from Continuing & Discontinued Operation": "-17,803", "Normalized Income": "-17,706", "Interest Income": "-", "Net Interest Income": "-18", "EBIT": "-17,688", "EBITDA": "-", "Reconciled Cost of Revenue": "5,629", "Reconciled Depreciation": "207", "Net Income from Continuing Operation Net Minority Interest": "-17,803", "Total Unusual Items Excluding Goodwill": "-97", "Total Unusual Items": "-97", "Normalized EBITDA": "-17,384", "Tax Rate for Calcs": "0", "Tax Effect of Unusual Items": "0"}}, "bs": {"12/31/2020": {"Duration": "12/31/2020", "Total Assets": "35,407", "Total Liabilities Net Minority Interest": "7,256", "Total Equity Gross Minority Interest": "28,151", "Total Capitalization": "28,151", "Common Stock Equity": "28,151", "Capital Lease Obligations": "532", "Net Tangible Assets": "28,151", "Working Capital": "27,094", "Invested Capital": "28,151", "Tangible Book Value": "28,151", "Total Debt": "532", "Share Issued": "8,119", "Ordinary Shares Number": "8,119"}, "12/31/2019": {"Duration": "12/31/2019", "Total Assets": "24,569", "Total Liabilities Net Minority Interest": "5,675", "Total Equity Gross Minority Interest": "18,894", "Total Capitalization": "18,894", "Common Stock Equity": "18,894", "Capital Lease Obligations": "772", "Net Tangible Assets": "18,894", "Working Capital": "17,719", "Invested Capital": "18,894", "Tangible Book Value": "18,894", "Total Debt": "772", "Share Issued": "2,236", "Ordinary Shares Number": "2,236"}, "12/31/2018": {"Duration": "12/31/2018", "Total Assets": "14,089", "Total Liabilities Net Minority Interest": "5,164", "Total Equity Gross Minority Interest": "8,925", "Total Capitalization": "8,925", "Common Stock Equity": "8,925", "Capital Lease Obligations": "-", "Net Tangible Assets": "8,925", "Working Capital": "8,149", "Invested Capital": "8,925", "Tangible Book Value": "8,925", "Total Debt": "-", "Share Issued": "1,830", "Ordinary Shares Number": "1,830"}}, "cf": {"TTM": {"Duration": "TTM", "Operating Cash Flow": "-17,736", "Investing Cash Flow": "-1,622", "Financing Cash Flow": "27,548", "End Cash Position": "28,725", "Capital Expenditure": "-118", "Issuance of Capital Stock": "27,548", "Free Cash Flow": "-17,854"}, "12/31/2020": {"Duration": "12/31/2020", "Operating Cash Flow": "-17,736", "Investing Cash Flow": "-1,622", "Financing Cash Flow": "27,548", "End Cash Position": "28,725", "Capital Expenditure": "-118", "Issuance of Capital Stock": "27,548", "Free Cash Flow": "-17,854"}, "12/31/2019": {"Duration": "12/31/2019", "Operating Cash Flow": "-15,725", "Investing Cash Flow": "-113", "Financing Cash Flow": "25,247", "End Cash Position": "20,535", "Capital Expenditure": "-98", "Issuance of Capital Stock": "25,247", "Free Cash Flow": "-15,823"}, "12/31/2018": {"Duration": "12/31/2018", "Operating Cash Flow": "-11,470", "Investing Cash Flow": "6", "Financing Cash Flow": "18,743", "End Cash Position": "10,997", "Capital Expenditure": "-71", "Issuance of Capital Stock": "18,743", "Free Cash Flow": "-11,541"}}}}, {"DGX": {"quote": {"05/11/2021": {"value": "137.85", "Market Cap": "16.758B", "Beta (5Y Monthly)": "1.03", "PE Ratio (TTM)": "10.46", "EPS (TTM)": "13.18", "Earnings Date": "Jul 21, 2021 - Jul 26, 2021", "Forward Dividend & Yield": "2.48 (1.75%)", "Ex-Dividend Date": "Apr 06, 2021", "1y Target Est": "143.60"}}, "fin": {"TTM": {"Duration": "TTM", "Total Revenue": "10,335,000", "Cost of Revenue": "6,160,000", "Gross Profit": "4,175,000", "Operating Expense": "1,719,000", "Operating Income": "2,456,000", "Net Non Operating Interest Income Expense": "-160,000", "Other Income Expense": "96,000", "Pretax Income": "2,392,000", "Tax Provision": "587,000", "Earnings from Equity Interest Net of Tax": "78,000", "Net Income Common Stockholders": "1,794,000", "Diluted NI Available to Com Stockholders": "1,794,000", "Basic EPS": "-", "Diluted EPS": "-", "Basic Average Shares": "-", "Diluted Average Shares": "-", "Total Operating Income as Reported": "2,456,000", "Total Expenses": "7,879,000", "Net Income from Continuing & Discontinued Operation": "1,801,000", "Normalized Income": "1,801,000", "Interest Income": "-", "Interest Expense": "163,000", "Net Interest Income": "-160,000", "EBIT": "2,555,000", "EBITDA": "2,932,000", "Reconciled Cost of Revenue": "5,888,000", "Reconciled Depreciation": "377,000", "Net Income from Continuing Operation Net Minority Interest": "1,801,000", "Total Unusual Items Excluding Goodwill": "-", "Total Unusual Items": "-", "Normalized EBITDA": "2,932,000", "Tax Rate for Calcs": "0", "Tax Effect of Unusual Items": "0"}, "12/31/2020": {"Duration": "12/31/2020", "Total Revenue": "9,437,000", "Cost of Revenue": "5,804,000", "Gross Profit": "3,633,000", "Operating Expense": "1,662,000", "Operating Income": "1,971,000", "Net Non Operating Interest Income Expense": "-163,000", "Other Income Expense": "76,000", "Pretax Income": "1,884,000", "Tax Provision": "460,000", "Earnings from Equity Interest Net of Tax": "75,000", "Net Income Common Stockholders": "1,425,000", "Diluted NI Available to Com Stockholders": "1,425,000", "Basic EPS": "10.62", "Diluted EPS": "10.47", "Basic Average Shares": "134,000", "Diluted Average Shares": "136,000", "Total Operating Income as Reported": "1,971,000", "Total Expenses": "7,466,000", "Net Income from Continuing & Discontinued Operation": "1,431,000", "Normalized Income": "1,431,000", "Interest Income": "3,000", "Interest Expense": "166,000", "Net Interest Income": "-163,000", "EBIT": "2,050,000", "EBITDA": "-", "Reconciled Cost of Revenue": "5,546,000", "Reconciled Depreciation": "361,000", "Net Income from Continuing Operation Net Minority Interest": "1,431,000", "Total Unusual Items Excluding Goodwill": "-", "Total Unusual Items": "-", "Normalized EBITDA": "2,411,000", "Tax Rate for Calcs": "0", "Tax Effect of Unusual Items": "0"}, "12/31/2019": {"Duration": "12/31/2019", "Total Revenue": "7,726,000", "Cost of Revenue": "5,037,000", "Gross Profit": "2,689,000", "Operating Expense": "1,458,000", "Operating Income": "1,231,000", "Net Non Operating Interest Income Expense": "-175,000", "Other Income Expense": "20,000", "Pretax Income": "1,076,000", "Tax Provision": "247,000", "Earnings from Equity Interest Net of Tax": "57,000", "Net Income Common Stockholders": "855,000", "Diluted NI Available to Com Stockholders": "855,000", "Basic EPS": "6.36", "Diluted EPS": "6.28", "Basic Average Shares": "134,000", "Diluted Average Shares": "136,000", "Total Operating Income as Reported": "1,231,000", "Total Expenses": "6,495,000", "Net Income from Continuing & Discontinued Operation": "858,000", "Normalized Income": "838,000", "Interest Income": "5,000", "Interest Expense": "180,000", "Net Interest Income": "-175,000", "EBIT": "1,256,000", "EBITDA": "-", "Reconciled Cost of Revenue": "4,804,000", "Reconciled Depreciation": "329,000", "Net Income from Continuing Operation Net Minority Interest": "838,000", "Total Unusual Items Excluding Goodwill": "-", "Total Unusual Items": "-", "Normalized EBITDA": "1,585,000", "Tax Rate for Calcs": "0", "Tax Effect of Unusual Items": "0"}, "12/31/2018": {"Duration": "12/31/2018", "Total Revenue": "7,531,000", "Cost of Revenue": "4,926,000", "Gross Profit": "2,605,000", "Operating Expense": "1,500,000", "Operating Income": "1,105,000", "Net Non Operating Interest Income Expense": "-167,000", "Other Income Expense": "-12,000", "Pretax Income": "926,000", "Tax Provision": "182,000", "Earnings from Equity Interest Net of Tax": "44,000", "Net Income Common Stockholders": "733,000", "Diluted NI Available to Com Stockholders": "733,000", "Basic EPS": "5.39", "Diluted EPS": "5.29", "Basic Average Shares": "136,000", "Diluted Average Shares": "139,000", "Total Operating Income as Reported": "1,101,000", "Total Expenses": "6,426,000", "Net Income from Continuing & Discontinued Operation": "736,000", "Normalized Income": "739,212", "Interest Income": "2,000", "Interest Expense": "169,000", "Net Interest Income": "-167,000", "EBIT": "1,095,000", "EBITDA": "-", "Reconciled Cost of Revenue": "4,707,000", "Reconciled Depreciation": "309,000", "Net Income from Continuing Operation Net Minority Interest": "736,000", "Total Unusual Items Excluding Goodwill": "-4,000", "Total Unusual Items": "-4,000", "Normalized EBITDA": "1,408,000", "Tax Rate for Calcs": "0", "Tax Effect of Unusual Items": "-788"}}, "bs": {"12/31/2020": {"Duration": "12/31/2020", "Total Assets": "14,026,000", "Total Liabilities Net Minority Interest": "7,217,000", "Total Equity Gross Minority Interest": "6,809,000", "Total Capitalization": "10,772,000", "Common Stock Equity": "6,759,000", "Capital Lease Obligations": "640,000", "Net Tangible Assets": "-1,281,000", "Working Capital": "1,282,000", "Invested Capital": "10,927,000", "Tangible Book Value": "-1,281,000", "Total Debt": "4,808,000", "Net Debt": "3,010,000", "Share Issued": "217,000", "Ordinary Shares Number": "133,000", "Treasury Shares Number": "84,000"}, "12/31/2019": {"Duration": "12/31/2019", "Total Assets": "12,843,000", "Total Liabilities Net Minority Interest": "7,156,000", "Total Equity Gross Minority Interest": "5,687,000", "Total Capitalization": "9,607,000", "Common Stock Equity": "5,641,000", "Capital Lease Obligations": "558,000", "Net Tangible Assets": "-2,099,000", "Working Capital": "500,000", "Invested Capital": "10,499,000", "Tangible Book Value": "-2,099,000", "Total Debt": "5,416,000", "Net Debt": "3,666,000", "Share Issued": "217,000", "Ordinary Shares Number": "133,000", "Treasury Shares Number": "84,000"}, "12/31/2018": {"Duration": "12/31/2018", "Total Assets": "11,003,000", "Total Liabilities Net Minority Interest": "5,736,000", "Total Equity Gross Minority Interest": "5,267,000", "Total Capitalization": "8,645,000", "Common Stock Equity": "5,216,000", "Capital Lease Obligations": "-", "Net Tangible Assets": "-2,554,000", "Working Capital": "-95,000", "Invested Capital": "9,207,000", "Tangible Book Value": "-2,554,000", "Total Debt": "3,991,000", "Net Debt": "3,856,000", "Share Issued": "217,000", "Ordinary Shares Number": "135,000", "Treasury Shares Number": "82,000"}}, "cf": {"TTM": {"Duration": "TTM", "Operating Cash Flow": "2,489,000", "Investing Cash Flow": "-659,000", "Financing Cash Flow": "-942,000", "End Cash Position": "1,230,000", "Income Tax Paid Supplemental Data": "-", "Interest Paid Supplemental Data": "-", "Capital Expenditure": "-421,000", "Issuance of Debt": "-", "Repayment of Debt": "-754,000", "Repurchase of Capital Stock": "-660,000", "Free Cash Flow": "2,068,000"}, "12/31/2020": {"Duration": "12/31/2020", "Operating Cash Flow": "2,005,000", "Investing Cash Flow": "-772,000", "Financing Cash Flow": "-1,267,000", "End Cash Position": "1,158,000", "Income Tax Paid Supplemental Data": "360,000", "Interest Paid Supplemental Data": "201,000", "Capital Expenditure": "-418,000", "Issuance of Debt": "749,000", "Repayment of Debt": "-1,554,000", "Repurchase of Capital Stock": "-325,000", "Free Cash Flow": "1,587,000"}, "12/31/2019": {"Duration": "12/31/2019", "Operating Cash Flow": "1,243,000", "Investing Cash Flow": "-411,000", "Financing Cash Flow": "225,000", "End Cash Position": "1,192,000", "Income Tax Paid Supplemental Data": "202,000", "Interest Paid Supplemental Data": "192,000", "Capital Expenditure": "-400,000", "Issuance of Debt": "2,281,000", "Repayment of Debt": "-1,449,000", "Repurchase of Capital Stock": "-353,000", "Free Cash Flow": "843,000"}, "12/31/2018": {"Duration": "12/31/2018", "Operating Cash Flow": "1,200,000", "Investing Cash Flow": "-801,000", "Financing Cash Flow": "-401,000", "End Cash Position": "135,000", "Income Tax Paid Supplemental Data": "84,000", "Interest Paid Supplemental Data": "174,000", "Capital Expenditure": "-383,000", "Issuance of Debt": "2,090,000", "Repayment of Debt": "-1,966,000", "Repurchase of Capital Stock": "-322,000", "Free Cash Flow": "817,000"}}}}, {"DXCM": {"quote": {"05/11/2021": {"value": "348.00", "Market Cap": "33.654B", "Beta (5Y Monthly)": "0.75", "PE Ratio (TTM)": "66.86", "EPS (TTM)": "5.20", "Earnings Date": "Jul 26, 2021 - Jul 30, 2021", "Forward Dividend & Yield": "N/A (N/A)", "Ex-Dividend Date": "N/A", "1y Target Est": "474.21"}}, "fin": {"TTM": {"Duration": "TTM", "Total Revenue": "1,926,700", "Cost of Revenue": "646,600", "Gross Profit": "1,280,100", "Operating Expense": "980,600", "Operating Income": "299,500", "Net Non Operating Interest Income Expense": "-68,600", "Other Income Expense": "-5,900", "Pretax Income": "225,000", "Tax Provision": "-268,600", "Net Income Common Stockholders": "493,600", "Diluted NI Available to Com Stockholders": "493,600", "Basic EPS": "-", "Diluted EPS": "-", "Basic Average Shares": "-", "Diluted Average Shares": "-", "Total Operating Income as Reported": "299,500", "Total Expenses": "1,627,200", "Net Income from Continuing & Discontinued Operation": "493,600", "Normalized Income": "497,907", "Interest Income": "16,100", "Interest Expense": "84,700", "Net Interest Income": "-68,600", "EBIT": "309,700", "EBITDA": "376,800", "Reconciled Cost of Revenue": "646,600", "Reconciled Depreciation": "67,100", "Net Income from Continuing Operation Net Minority Interest": "493,600", "Total Unusual Items Excluding Goodwill": "-5,900", "Total Unusual Items": "-5,900", "Normalized EBITDA": "382,700", "Tax Rate for Calcs": "0", "Tax Effect of Unusual Items": "-1,593"}, "12/31/2020": {"Duration": "12/31/2020", "Total Revenue": "1,926,700", "Cost of Revenue": "646,600", "Gross Profit": "1,280,100", "Operating Expense": "980,600", "Operating Income": "299,500", "Net Non Operating Interest Income Expense": "-68,600", "Other Income Expense": "-5,900", "Pretax Income": "225,000", "Tax Provision": "-268,600", "Net Income Common Stockholders": "493,600", "Diluted NI Available to Com Stockholders": "493,600", "Basic EPS": "-", "Diluted EPS": "-", "Basic Average Shares": "-", "Diluted Average Shares": "-", "Total Operating Income as Reported": "299,500", "Total Expenses": "1,627,200", "Net Income from Continuing & Discontinued Operation": "493,600", "Normalized Income": "497,907", "Interest Income": "16,100", "Interest Expense": "84,700", "Net Interest Income": "-68,600", "EBIT": "309,700", "EBITDA": "-", "Reconciled Cost of Revenue": "646,600", "Reconciled Depreciation": "67,100", "Net Income from Continuing Operation Net Minority Interest": "493,600", "Total Unusual Items Excluding Goodwill": "-5,900", "Total Unusual Items": "-5,900", "Normalized EBITDA": "382,700", "Tax Rate for Calcs": "0", "Tax Effect of Unusual Items": "-1,593"}, "12/31/2019": {"Duration": "12/31/2019", "Total Revenue": "1,476,000", "Cost of Revenue": "544,500", "Gross Profit": "931,500", "Operating Expense": "789,200", "Operating Income": "142,300", "Net Non Operating Interest Income Expense": "-33,900", "Other Income Expense": "-4,200", "Pretax Income": "104,200", "Tax Provision": "3,100", "Net Income Common Stockholders": "101,100", "Diluted NI Available to Com Stockholders": "101,100", "Basic EPS": "1.11", "Diluted EPS": "1.10", "Basic Average Shares": "91,100", "Diluted Average Shares": "92,300", "Total Operating Income as Reported": "142,300", "Total Expenses": "1,333,700", "Net Income from Continuing & Discontinued Operation": "101,100", "Normalized Income": "101,100", "Interest Income": "26,400", "Interest Expense": "60,300", "Net Interest Income": "-33,900", "EBIT": "164,500", "EBITDA": "-", "Reconciled Cost of Revenue": "544,500", "Reconciled Depreciation": "48,700", "Net Income from Continuing Operation Net Minority Interest": "101,100", "Total Unusual Items Excluding Goodwill": "-", "Total Unusual Items": "-", "Normalized EBITDA": "213,200", "Tax Rate for Calcs": "0", "Tax Effect of Unusual Items": "0"}, "12/31/2018": {"Duration": "12/31/2018", "Total Revenue": "1,031,600", "Cost of Revenue": "367,700", "Gross Profit": "663,900", "Operating Expense": "850,200", "Operating Income": "-186,300", "Net Non Operating Interest Income Expense": "-20,300", "Other Income Expense": "80,100", "Pretax Income": "-126,500", "Tax Provision": "600", "Net Income Common Stockholders": "-127,100", "Diluted NI Available to Com Stockholders": "-127,100", "Basic EPS": "-1.44", "Diluted EPS": "-1.44", "Basic Average Shares": "88,200", "Diluted Average Shares": "88,200", "Total Operating Income as Reported": "-186,300", "Total Expenses": "1,217,900", "Net Income from Continuing & Discontinued Operation": "-127,100", "Normalized Income": "-127,100", "Interest Income": "2,400", "Interest Expense": "22,700", "Net Interest Income": "-20,300", "EBIT": "-103,800", "EBITDA": "-", "Reconciled Cost of Revenue": "367,700", "Reconciled Depreciation": "29,100", "Net Income from Continuing Operation Net Minority Interest": "-127,100", "Total Unusual Items Excluding Goodwill": "-", "Total Unusual Items": "-", "Normalized EBITDA": "-74,700", "Tax Rate for Calcs": "0", "Tax Effect of Unusual Items": "0"}}, "bs": {"12/31/2020": {"Duration": "12/31/2020", "Total Assets": "4,290,500", "Total Liabilities Net Minority Interest": "2,464,000", "Total Equity Gross Minority Interest": "1,826,500", "Total Capitalization": "3,493,700", "Common Stock Equity": "1,826,500", "Capital Lease Obligations": "172,300", "Net Tangible Assets": "1,807,200", "Working Capital": "2,810,700", "Invested Capital": "3,493,700", "Tangible Book Value": "1,807,200", "Total Debt": "1,839,500", "Net Debt": "849,600", "Share Issued": "96,900", "Ordinary Shares Number": "96,100", "Treasury Shares Number": "800"}, "12/31/2019": {"Duration": "12/31/2019", "Total Assets": "2,395,000", "Total Liabilities Net Minority Interest": "1,512,400", "Total Equity Gross Minority Interest": "882,600", "Total Capitalization": "1,942,300", "Common Stock Equity": "882,600", "Capital Lease Obligations": "100,400", "Net Tangible Assets": "864,000", "Working Capital": "1,609,200", "Invested Capital": "1,942,300", "Tangible Book Value": "864,000", "Total Debt": "1,160,100", "Net Debt": "613,500", "Share Issued": "92,400", "Ordinary Shares Number": "91,600", "Treasury Shares Number": "800"}, "12/31/2018": {"Duration": "12/31/2018", "Total Assets": "1,916,000", "Total Liabilities Net Minority Interest": "1,252,700", "Total Equity Gross Minority Interest": "663,300", "Total Capitalization": "1,673,600", "Common Stock Equity": "663,300", "Capital Lease Obligations": "7,300", "Net Tangible Assets": "644,600", "Working Capital": "1,477,100", "Invested Capital": "1,673,600", "Tangible Book Value": "644,600", "Total Debt": "1,017,600", "Net Debt": "-", "Share Issued": "90,800", "Ordinary Shares Number": "90,000", "Treasury Shares Number": "800"}}, "cf": {"TTM": {"Duration": "TTM", "Operating Cash Flow": "475,600", "Investing Cash Flow": "-1,018,000", "Financing Cash Flow": "912,100", "End Cash Position": "818,200", "Income Tax Paid Supplemental Data": "3,600", "Interest Paid Supplemental Data": "10,600", "Capital Expenditure": "-199,000", "Issuance of Capital Stock": "15,300", "Issuance of Debt": "1,188,800", "Repayment of Debt": "-282,600", "Repurchase of Capital Stock": "-", "Free Cash Flow": "276,600"}, "12/31/2020": {"Duration": "12/31/2020", "Operating Cash Flow": "475,600", "Investing Cash Flow": "-1,018,000", "Financing Cash Flow": "912,100", "End Cash Position": "818,200", "Income Tax Paid Supplemental Data": "3,600", "Interest Paid Supplemental Data": "10,600", "Capital Expenditure": "-199,000", "Issuance of Capital Stock": "15,300", "Issuance of Debt": "1,188,800", "Repayment of Debt": "-282,600", "Repurchase of Capital Stock": "-", "Free Cash Flow": "276,600"}, "12/31/2019": {"Duration": "12/31/2019", "Operating Cash Flow": "314,500", "Investing Cash Flow": "-1,015,200", "Financing Cash Flow": "10,700", "End Cash Position": "446,400", "Income Tax Paid Supplemental Data": "4,800", "Interest Paid Supplemental Data": "10,400", "Capital Expenditure": "-180,000", "Issuance of Capital Stock": "11,900", "Issuance of Debt": "-", "Repayment of Debt": "-", "Repurchase of Capital Stock": "-", "Free Cash Flow": "134,500"}, "12/31/2018": {"Duration": "12/31/2018", "Operating Cash Flow": "123,200", "Investing Cash Flow": "-139,800", "Financing Cash Flow": "710,400", "End Cash Position": "1,137,100", "Income Tax Paid Supplemental Data": "2,300", "Interest Paid Supplemental Data": "3,600", "Capital Expenditure": "-67,100", "Issuance of Capital Stock": "10,800", "Issuance of Debt": "836,600", "Repayment of Debt": "0", "Repurchase of Capital Stock": "-100,000", "Free Cash Flow": "56,100"}}}}, {"HTGM": {"quote": {"05/11/2021": {"value": "4.0700", "Market Cap": "25.293M", "Beta (5Y Monthly)": "1.34", "PE Ratio (TTM)": "N/A", "EPS (TTM)": "-4.5100", "Earnings Date": "May 13, 2021", "Forward Dividend & Yield": "N/A (N/A)", "Ex-Dividend Date": "N/A", "1y Target Est": "12.50"}}, "fin": {"TTM": {"Duration": "TTM", "Total Revenue": "8,549", "Cost of Revenue": "3,992", "Gross Profit": "4,557", "Operating Expense": "24,143", "Operating Income": "-19,586", "Net Non Operating Interest Income Expense": "-770.038", "Other Income Expense": "-500.126", "Pretax Income": "-20,856", "Tax Provision": "14.415", "Net Income Common Stockholders": "-20,870", "Diluted NI Available to Com Stockholders": "-20,870", "Basic EPS": "-", "Diluted EPS": "-", "Basic Average Shares": "-", "Diluted Average Shares": "-", "Total Operating Income as Reported": "-19,586", "Total Expenses": "28,135", "Net Income from Continuing & Discontinued Operation": "-20,870", "Normalized Income": "-20,489", "Interest Income": "254.736", "Interest Expense": "1,025", "Net Interest Income": "-770.038", "EBIT": "-19,831", "EBITDA": "-18,484", "Reconciled Cost of Revenue": "3,992", "Reconciled Depreciation": "1,347", "Net Income from Continuing Operation Net Minority Interest": "-20,870", "Total Unusual Items Excluding Goodwill": "-522.394", "Total Unusual Items": "-522.394", "Normalized EBITDA": "-17,962", "Tax Rate for Calcs": "0", "Tax Effect of Unusual Items": "-141.0464"}, "12/31/2020": {"Duration": "12/31/2020", "Total Revenue": "8,549", "Cost of Revenue": "3,992", "Gross Profit": "4,557", "Operating Expense": "24,143", "Operating Income": "-19,586", "Net Non Operating Interest Income Expense": "-770.038", "Other Income Expense": "-500.126", "Pretax Income": "-20,856", "Tax Provision": "14.415", "Net Income Common Stockholders": "-20,870", "Diluted NI Available to Com Stockholders": "-20,870", "Basic EPS": "-", "Diluted EPS": "-", "Basic Average Shares": "-", "Diluted Average Shares": "-", "Total Operating Income as Reported": "-19,586", "Total Expenses": "28,135", "Net Income from Continuing & Discontinued Operation": "-20,870", "Normalized Income": "-20,489", "Interest Income": "254.736", "Interest Expense": "1,025", "Net Interest Income": "-770.038", "EBIT": "-19,831", "EBITDA": "-", "Reconciled Cost of Revenue": "3,992", "Reconciled Depreciation": "1,347", "Net Income from Continuing Operation Net Minority Interest": "-20,870", "Total Unusual Items Excluding Goodwill": "-522.394", "Total Unusual Items": "-522.394", "Normalized EBITDA": "-17,962", "Tax Rate for Calcs": "0", "Tax Effect of Unusual Items": "-141.0464"}, "12/31/2019": {"Duration": "12/31/2019", "Total Revenue": "19,204", "Cost of Revenue": "8,911", "Gross Profit": "10,293", "Operating Expense": "29,253", "Operating Income": "-18,960", "Net Non Operating Interest Income Expense": "-334.18", "Other Income Expense": "-", "Pretax Income": "-19,294", "Tax Provision": "3.379", "Net Income Common Stockholders": "-19,298", "Diluted NI Available to Com Stockholders": "-19,298", "Basic EPS": "-7.65", "Diluted EPS": "-7.65", "Basic Average Shares": "2,540", "Diluted Average Shares": "2,540", "Total Operating Income as Reported": "-18,960", "Total Expenses": "38,164", "Net Income from Continuing & Discontinued Operation": "-19,298", "Normalized Income": "-19,298", "Interest Income": "623.355", "Interest Expense": "957.535", "Net Interest Income": "-334.18", "EBIT": "-18,337", "EBITDA": "-", "Reconciled Cost of Revenue": "8,911", "Reconciled Depreciation": "1,736", "Net Income from Continuing Operation Net Minority Interest": "-19,298", "Total Unusual Items Excluding Goodwill": "0", "Total Unusual Items": "0", "Normalized EBITDA": "-16,601", "Tax Rate for Calcs": "0", "Tax Effect of Unusual Items": "0"}, "12/31/2018": {"Duration": "12/31/2018", "Total Revenue": "21,504", "Cost of Revenue": "5,090", "Gross Profit": "16,413", "Operating Expense": "32,573", "Operating Income": "-16,159", "Net Non Operating Interest Income Expense": "-186.097", "Other Income Expense": "-105.064", "Pretax Income": "-16,450", "Tax Provision": "3.526", "Net Income Common Stockholders": "-16,454", "Diluted NI Available to Com Stockholders": "-16,454", "Basic EPS": "-9.00", "Diluted EPS": "-9.00", "Basic Average Shares": "1,835", "Diluted Average Shares": "1,835", "Total Operating Income as Reported": "-16,159", "Total Expenses": "37,663", "Net Income from Continuing & Discontinued Operation": "-16,454", "Normalized Income": "-16,377", "Interest Income": "715.723", "Interest Expense": "901.82", "Net Interest Income": "-186.097", "EBIT": "-15,549", "EBITDA": "-", "Reconciled Cost of Revenue": "5,090", "Reconciled Depreciation": "1,468", "Net Income from Continuing Operation Net Minority Interest": "-16,454", "Total Unusual Items Excluding Goodwill": "-105.064", "Total Unusual Items": "-105.064", "Normalized EBITDA": "-13,975", "Tax Rate for Calcs": "0", "Tax Effect of Unusual Items": "-28.3673"}}, "bs": {"12/31/2020": {"Duration": "12/31/2020", "Total Assets": "35,198", "Total Liabilities Net Minority Interest": "20,713", "Total Equity Gross Minority Interest": "14,485", "Total Capitalization": "23,053", "Preferred Stock Equity": "0.024", "Common Stock Equity": "14,485", "Capital Lease Obligations": "1,054", "Net Tangible Assets": "14,485", "Working Capital": "25,635", "Invested Capital": "26,075", "Tangible Book Value": "14,485", "Total Debt": "12,644", "Net Debt": "-", "Share Issued": "5,200", "Ordinary Shares Number": "5,200"}, "12/31/2019": {"Duration": "12/31/2019", "Total Assets": "45,119", "Total Liabilities Net Minority Interest": "21,150", "Total Equity Gross Minority Interest": "23,970", "Total Capitalization": "30,841", "Preferred Stock Equity": "-", "Common Stock Equity": "23,970", "Capital Lease Obligations": "1,395", "Net Tangible Assets": "23,970", "Working Capital": "32,469", "Invested Capital": "33,829", "Tangible Book Value": "23,970", "Total Debt": "11,254", "Net Debt": "2,239", "Share Issued": "3,873", "Ordinary Shares Number": "3,873"}, "12/31/2018": {"Duration": "12/31/2018", "Total Assets": "43,771", "Total Liabilities Net Minority Interest": "22,679", "Total Equity Gross Minority Interest": "21,092", "Total Capitalization": "30,771", "Preferred Stock Equity": "-", "Common Stock Equity": "21,092", "Capital Lease Obligations": "-", "Net Tangible Assets": "21,092", "Working Capital": "30,984", "Invested Capital": "30,771", "Tangible Book Value": "21,092", "Total Debt": "9,679", "Net Debt": "1,246", "Share Issued": "1,906", "Ordinary Shares Number": "1,906"}}, "cf": {"TTM": {"Duration": "TTM", "Operating Cash Flow": "-16,292", "Investing Cash Flow": "18,731", "Financing Cash Flow": "9,049", "End Cash Position": "22,398", "Income Tax Paid Supplemental Data": "17.514", "Interest Paid Supplemental Data": "869.857", "Capital Expenditure": "-453.552", "Issuance of Capital Stock": "8,150", "Issuance of Debt": "11,717", "Repayment of Debt": "-611.23", "Free Cash Flow": "-16,746"}, "12/31/2020": {"Duration": "12/31/2020", "Operating Cash Flow": "-16,292", "Investing Cash Flow": "18,731", "Financing Cash Flow": "9,049", "End Cash Position": "22,398", "Income Tax Paid Supplemental Data": "17.514", "Interest Paid Supplemental Data": "869.857", "Capital Expenditure": "-453.552", "Issuance of Capital Stock": "8,150", "Issuance of Debt": "11,717", "Repayment of Debt": "-611.23", "Free Cash Flow": "-16,746"}, "12/31/2019": {"Duration": "12/31/2019", "Operating Cash Flow": "-16,696", "Investing Cash Flow": "-3,504", "Financing Cash Flow": "19,392", "End Cash Position": "10,890", "Income Tax Paid Supplemental Data": "3.379", "Interest Paid Supplemental Data": "686.042", "Capital Expenditure": "-1,103", "Issuance of Capital Stock": "20,864", "Issuance of Debt": "0", "Repayment of Debt": "-44.043", "Free Cash Flow": "-17,799"}, "12/31/2018": {"Duration": "12/31/2018", "Operating Cash Flow": "-13,174", "Investing Cash Flow": "-23,220", "Financing Cash Flow": "38,130", "End Cash Position": "11,703", "Income Tax Paid Supplemental Data": "3.545", "Interest Paid Supplemental Data": "553.07", "Capital Expenditure": "-949.514", "Issuance of Capital Stock": "38,281", "Issuance of Debt": "7,000", "Repayment of Debt": "-6,024", "Free Cash Flow": "-14,123"}}}}, {"MDIT": {"quote": {"05/11/2021": {"value": "0.0278", "Market Cap": "520,343", "Beta (5Y Monthly)": "1.44", "PE Ratio (TTM)": "N/A", "EPS (TTM)": "-0.1100", "Earnings Date": "N/A", "Forward Dividend & Yield": "N/A (N/A)", "Ex-Dividend Date": "N/A", "1y Target Est": "N/A"}}, "fin": {"TTM": {"Duration": "TTM", "Total Revenue": "8,133", "Cost of Revenue": "6,205", "Gross Profit": "1,928", "Operating Expense": "5,941", "Operating Income": "-4,013", "Net Non Operating Interest Income Expense": "-2,033", "Other Income Expense": "233", "Pretax Income": "-5,813", "Tax Provision": "-487", "Net Income Common Stockholders": "-5,417", "Diluted NI Available to Com Stockholders": "-5,417", "Basic EPS": "-", "Diluted EPS": "-", "Basic Average Shares": "-", "Diluted Average Shares": "-", "Total Operating Income as Reported": "-4,013", "Total Expenses": "12,146", "Net Income from Continuing & Discontinued Operation": "-5,326", "Normalized Income": "-5,326", "Net Interest Income": "-2,033", "EBIT": "-3,811", "EBITDA": "-3,530", "Reconciled Cost of Revenue": "6,205", "Reconciled Depreciation": "281", "Net Income from Continuing Operation Net Minority Interest": "-5,326", "Total Unusual Items Excluding Goodwill": "0", "Total Unusual Items": "0", "Normalized EBITDA": "-3,530", "Tax Rate for Calcs": "0", "Tax Effect of Unusual Items": "0"}}, "bs": {}, "cf": {"TTM": {"Duration": "TTM", "Operating Cash Flow": "-5,191", "Investing Cash Flow": "-106", "Financing Cash Flow": "2,623", "End Cash Position": "-627", "Income Tax Paid Supplemental Data": "-34", "Interest Paid Supplemental Data": "473", "Capital Expenditure": "-106", "Issuance of Capital Stock": "0", "Issuance of Debt": "3,640", "Repayment of Debt": "-547", "Free Cash Flow": "-5,297"}}}}, {"TMO": {"quote": {"05/11/2021": {"value": "464.00", "Market Cap": "182.365B", "Beta (5Y Monthly)": "0.76", "PE Ratio (TTM)": "23.35", "EPS (TTM)": "19.87", "Earnings Date": "Jul 20, 2021 - Jul 26, 2021", "Forward Dividend & Yield": "1.04 (0.22%)", "Ex-Dividend Date": "Mar 15, 2021", "1y Target Est": "560.31"}}, "fin": {"TTM": {"Duration": "TTM", "Total Revenue": "32,218,000", "Cost of Revenue": "16,214,000", "Gross Profit": "16,004,000", "Operating Expense": "8,111,000", "Operating Income": "7,893,000", "Net Non Operating Interest Income Expense": "-488,000", "Other Income Expense": "-180,000", "Pretax Income": "7,225,000", "Tax Provision": "850,000", "Net Income Common Stockholders": "6,375,000", "Diluted NI Available to Com Stockholders": "6,375,000", "Basic EPS": "-", "Diluted EPS": "-", "Basic Average Shares": "-", "Diluted Average Shares": "-", "Total Operating Income as Reported": "7,794,000", "Total Expenses": "24,325,000", "Net Income from Continuing & Discontinued Operation": "6,375,000", "Normalized Income": "6,462,318", "Interest Income": "65,000", "Interest Expense": "553,000", "Net Interest Income": "-488,000", "EBIT": "7,778,000", "EBITDA": "10,103,000", "Reconciled Cost of Revenue": "16,214,000", "Reconciled Depreciation": "2,325,000", "Net Income from Continuing Operation Net Minority Interest": "6,375,000", "Total Unusual Items Excluding Goodwill": "-99,000", "Total Unusual Items": "-99,000", "Normalized EBITDA": "10,202,000", "Tax Rate for Calcs": "0", "Tax Effect of Unusual Items": "-11,682"}, "12/31/2020": {"Duration": "12/31/2020", "Total Revenue": "32,218,000", "Cost of Revenue": "16,214,000", "Gross Profit": "16,004,000", "Operating Expense": "8,111,000", "Operating Income": "7,893,000", "Net Non Operating Interest Income Expense": "-488,000", "Other Income Expense": "-180,000", "Pretax Income": "7,225,000", "Tax Provision": "850,000", "Net Income Common Stockholders": "6,375,000", "Diluted NI Available to Com Stockholders": "6,375,000", "Basic EPS": "-", "Diluted EPS": "-", "Basic Average Shares": "-", "Diluted Average Shares": "-", "Total Operating Income as Reported": "7,794,000", "Total Expenses": "24,325,000", "Net Income from Continuing & Discontinued Operation": "6,375,000", "Normalized Income": "6,462,318", "Interest Income": "65,000", "Interest Expense": "553,000", "Net Interest Income": "-488,000", "EBIT": "7,778,000", "EBITDA": "-", "Reconciled Cost of Revenue": "16,214,000", "Reconciled Depreciation": "2,325,000", "Net Income from Continuing Operation Net Minority Interest": "6,375,000", "Total Unusual Items Excluding Goodwill": "-99,000", "Total Unusual Items": "-99,000", "Normalized EBITDA": "10,202,000", "Tax Rate for Calcs": "0", "Tax Effect of Unusual Items": "-11,682"}, "12/31/2019": {"Duration": "12/31/2019", "Total Revenue": "25,542,000", "Cost of Revenue": "14,214,000", "Gross Profit": "11,328,000", "Operating Expense": "7,147,000", "Operating Income": "4,181,000", "Net Non Operating Interest Income Expense": "-452,000", "Other Income Expense": "341,000", "Pretax Income": "4,070,000", "Tax Provision": "374,000", "Net Income Common Stockholders": "3,696,000", "Diluted NI Available to Com Stockholders": "3,696,000", "Basic EPS": "9.24", "Diluted EPS": "9.17", "Basic Average Shares": "400,000", "Diluted Average Shares": "403,000", "Total Operating Income as Reported": "4,594,000", "Total Expenses": "21,361,000", "Net Income from Continuing & Discontinued Operation": "3,696,000", "Normalized Income": "3,320,951", "Interest Income": "224,000", "Interest Expense": "676,000", "Net Interest Income": "-452,000", "EBIT": "4,746,000", "EBITDA": "-", "Reconciled Cost of Revenue": "14,214,000", "Reconciled Depreciation": "2,277,000", "Net Income from Continuing Operation Net Minority Interest": "3,696,000", "Total Unusual Items Excluding Goodwill": "413,000", "Total Unusual Items": "413,000", "Normalized EBITDA": "6,610,000", "Tax Rate for Calcs": "0", "Tax Effect of Unusual Items": "37,951"}, "12/31/2018": {"Duration": "12/31/2018", "Total Revenue": "24,358,000", "Cost of Revenue": "13,501,000", "Gross Profit": "10,857,000", "Operating Expense": "7,024,000", "Operating Income": "3,833,000", "Net Non Operating Interest Income Expense": "-530,000", "Other Income Expense": "-41,000", "Pretax Income": "3,262,000", "Tax Provision": "324,000", "Net Income Common Stockholders": "2,938,000", "Diluted NI Available to Com Stockholders": "2,938,000", "Basic EPS": "7.31", "Diluted EPS": "7.24", "Basic Average Shares": "402,000", "Diluted Average Shares": "406,000", "Total Operating Income as Reported": "3,783,000", "Total Expenses": "20,525,000", "Net Income from Continuing & Discontinued Operation": "2,938,000", "Normalized Income": "2,983,034", "Interest Income": "137,000", "Interest Expense": "667,000", "Net Interest Income": "-530,000", "EBIT": "3,929,000", "EBITDA": "-", "Reconciled Cost of Revenue": "13,501,000", "Reconciled Depreciation": "2,267,000", "Net Income from Continuing Operation Net Minority Interest": "2,938,000", "Total Unusual Items Excluding Goodwill": "-50,000", "Total Unusual Items": "-50,000", "Normalized EBITDA": "6,246,000", "Tax Rate for Calcs": "0", "Tax Effect of Unusual Items": "-4,966"}}, "bs": {"12/31/2020": {"Duration": "12/31/2020", "Total Assets": "69,052,000", "Total Liabilities Net Minority Interest": "34,545,000", "Total Equity Gross Minority Interest": "34,507,000", "Total Capitalization": "53,614,000", "Common Stock Equity": "34,507,000", "Net Tangible Assets": "-4,219,000", "Working Capital": "11,653,000", "Invested Capital": "56,242,000", "Tangible Book Value": "-4,219,000", "Total Debt": "21,735,000", "Net Debt": "11,410,000", "Share Issued": "437,088", "Ordinary Shares Number": "396,671", "Treasury Shares Number": "40,418"}, "12/31/2019": {"Duration": "12/31/2019", "Total Assets": "58,381,000", "Total Liabilities Net Minority Interest": "28,706,000", "Total Equity Gross Minority Interest": "29,675,000", "Total Capitalization": "46,751,000", "Common Stock Equity": "29,675,000", "Net Tangible Assets": "-10,053,000", "Working Capital": "5,696,000", "Invested Capital": "47,427,000", "Tangible Book Value": "-10,053,000", "Total Debt": "17,752,000", "Net Debt": "15,353,000", "Share Issued": "434,417", "Ordinary Shares Number": "398,740", "Treasury Shares Number": "35,676"}, "12/31/2018": {"Duration": "12/31/2018", "Total Assets": "56,232,000", "Total Liabilities Net Minority Interest": "28,646,000", "Total Equity Gross Minority Interest": "27,586,000", "Total Capitalization": "45,305,000", "Common Stock Equity": "27,586,000", "Net Tangible Assets": "-12,739,000", "Working Capital": "4,478,000", "Invested Capital": "46,576,000", "Tangible Book Value": "-12,739,000", "Total Debt": "18,990,000", "Net Debt": "16,887,000", "Share Issued": "431,567", "Ordinary Shares Number": "402,122", "Treasury Shares Number": "29,445"}}, "cf": {"TTM": {"Duration": "TTM", "Operating Cash Flow": "8,289,000", "Investing Cash Flow": "-1,510,000", "Financing Cash Flow": "959,000", "End Cash Position": "10,336,000", "Income Tax Paid Supplemental Data": "1,324,000", "Interest Paid Supplemental Data": "471,000", "Capital Expenditure": "-1,474,000", "Issuance of Capital Stock": "-", "Issuance of Debt": "3,847,000", "Repayment of Debt": "-1,100,000", "Repurchase of Capital Stock": "-1,500,000", "Free Cash Flow": "6,815,000"}, "12/31/2020": {"Duration": "12/31/2020", "Operating Cash Flow": "8,289,000", "Investing Cash Flow": "-1,510,000", "Financing Cash Flow": "959,000", "End Cash Position": "10,336,000", "Income Tax Paid Supplemental Data": "1,324,000", "Interest Paid Supplemental Data": "471,000", "Capital Expenditure": "-1,474,000", "Issuance of Capital Stock": "-", "Issuance of Debt": "3,847,000", "Repayment of Debt": "-1,100,000", "Repurchase of Capital Stock": "-1,500,000", "Free Cash Flow": "6,815,000"}, "12/31/2019": {"Duration": "12/31/2019", "Operating Cash Flow": "4,973,000", "Investing Cash Flow": "-1,487,000", "Financing Cash Flow": "-3,118,000", "End Cash Position": "2,422,000", "Income Tax Paid Supplemental Data": "-", "Interest Paid Supplemental Data": "-", "Capital Expenditure": "-926,000", "Issuance of Capital Stock": "0", "Issuance of Debt": "8,419,000", "Repayment of Debt": "-9,824,000", "Repurchase of Capital Stock": "-1,500,000", "Free Cash Flow": "4,047,000"}, "12/31/2018": {"Duration": "12/31/2018", "Operating Cash Flow": "4,543,000", "Investing Cash Flow": "-1,253,000", "Financing Cash Flow": "-2,237,000", "End Cash Position": "2,117,000", "Income Tax Paid Supplemental Data": "-", "Interest Paid Supplemental Data": "-", "Capital Expenditure": "-758,000", "Issuance of Capital Stock": "0", "Issuance of Debt": "5,750,000", "Repayment of Debt": "-7,306,000", "Repurchase of Capital Stock": "-500,000", "Free Cash Flow": "3,785,000"}}}}, {"FMI": {"quote": {"05/11/2021": {"value": "", "Net Assets": "N/A", "Beta (5Y Monthly)": "N/A", "Yield": "N/A", "5y Average Return": "N/A", "Holdings Turnover": "N/A", "Last Dividend": "N/A", "Average for Category": "N/A", "Inception Date": "N/A"}}, "fin": {}, "bs": {}, "cf": {}}}, {"ROSG": {"quote": {"05/11/2021": {"value": "", "Net Assets": "N/A", "Beta (5Y Monthly)": "N/A", "Yield": "N/A", "5y Average Return": "N/A", "Holdings Turnover": "N/A", "Last Dividend": "N/A", "Average for Category": "N/A", "Inception Date": "N/A"}}, "fin": {}, "bs": {}, "cf": {}}}, {"KANG": {"quote": {"05/11/2021": {"value": "", "Net Assets": "N/A", "Beta (5Y Monthly)": "N/A", "Yield": "N/A", "5y Average Return": "N/A", "Holdings Turnover": "N/A", "Last Dividend": "N/A", "Average for Category": "N/A", "Inception Date": "N/A"}}, "fin": {}, "bs": {}, "cf": {}}}, {"Q": {"quote": {"05/11/2021": {"value": "", "Net Assets": "N/A", "Beta (5Y Monthly)": "N/A", "Yield": "N/A", "5y Average Return": "N/A", "Holdings Turnover": "N/A", "Last Dividend": "N/A", "Average for Category": "N/A", "Inception Date": "N/A"}}, "fin": {}, "bs": {}, "cf": {}}}, {"PRAH": {"quote": {"05/11/2021": {"value": "170.80", "Market Cap": "11.067B", "Beta (5Y Monthly)": "1.33", "PE Ratio (TTM)": "52.23", "EPS (TTM)": "3.27", "Earnings Date": "Aug 04, 2021 - Aug 09, 2021", "Forward Dividend & Yield": "N/A (N/A)", "Ex-Dividend Date": "N/A", "1y Target Est": "167.38"}}, "fin": {"TTM": {"Duration": "TTM", "Total Revenue": "3,183,365", "Cost of Revenue": "2,314,762", "Gross Profit": "868,603", "Operating Expense": "584,662", "Operating Income": "283,941", "Net Non Operating Interest Income Expense": "-43,130", "Other Income Expense": "18,198", "Pretax Income": "259,009", "Tax Provision": "61,966", "Earnings from Equity Interest Net of Tax": "0", "Net Income Common Stockholders": "197,043", "Diluted NI Available to Com Stockholders": "197,043", "Basic EPS": "-", "Diluted EPS": "-", "Basic Average Shares": "-", "Diluted Average Shares": "-", "Total Operating Income as Reported": "328,089", "Total Expenses": "2,899,424", "Net Income from Continuing & Discontinued Operation": "197,043", "Normalized Income": "183,194", "Interest Expense": "43,130", "Net Interest Income": "-43,130", "EBIT": "302,139", "EBITDA": "433,769", "Reconciled Cost of Revenue": "2,314,762", "Reconciled Depreciation": "131,630", "Net Income from Continuing Operation Net Minority Interest": "197,043", "Total Unusual Items Excluding Goodwill": "18,199", "Total Unusual Items": "18,199", "Normalized EBITDA": "415,570", "Tax Rate for Calcs": "0", "Tax Effect of Unusual Items": "4,350"}, "12/31/2020": {"Duration": "12/31/2020", "Total Revenue": "3,183,365", "Cost of Revenue": "2,314,762", "Gross Profit": "868,603", "Operating Expense": "584,662", "Operating Income": "283,941", "Net Non Operating Interest Income Expense": "-43,130", "Other Income Expense": "18,198", "Pretax Income": "259,009", "Tax Provision": "61,966", "Earnings from Equity Interest Net of Tax": "0", "Net Income Common Stockholders": "197,043", "Diluted NI Available to Com Stockholders": "197,043", "Basic EPS": "-", "Diluted EPS": "-", "Basic Average Shares": "-", "Diluted Average Shares": "-", "Total Operating Income as Reported": "328,089", "Total Expenses": "2,899,424", "Net Income from Continuing & Discontinued Operation": "197,043", "Normalized Income": "183,194", "Interest Expense": "43,130", "Net Interest Income": "-43,130", "EBIT": "302,139", "EBITDA": "-", "Reconciled Cost of Revenue": "2,314,762", "Reconciled Depreciation": "131,630", "Net Income from Continuing Operation Net Minority Interest": "197,043", "Total Unusual Items Excluding Goodwill": "18,199", "Total Unusual Items": "18,199", "Normalized EBITDA": "415,570", "Tax Rate for Calcs": "0", "Tax Effect of Unusual Items": "4,350"}, "12/31/2019": {"Duration": "12/31/2019", "Total Revenue": "3,066,262", "Cost of Revenue": "2,189,621", "Gross Profit": "876,641", "Operating Expense": "509,823", "Operating Income": "366,818", "Net Non Operating Interest Income Expense": "-51,987", "Other Income Expense": "-8,904", "Pretax Income": "305,927", "Tax Provision": "62,808", "Earnings from Equity Interest Net of Tax": "0", "Net Income Common Stockholders": "243,020", "Diluted NI Available to Com Stockholders": "243,020", "Basic EPS": "3.77", "Diluted EPS": "3.68", "Basic Average Shares": "64,506", "Diluted Average Shares": "66,004", "Total Operating Income as Reported": "363,925", "Total Expenses": "2,699,444", "Net Income from Continuing & Discontinued Operation": "243,020", "Normalized Income": "250,237", "Interest Expense": "51,987", "Net Interest Income": "-51,987", "EBIT": "357,914", "EBITDA": "-", "Reconciled Cost of Revenue": "2,189,621", "Reconciled Depreciation": "114,898", "Net Income from Continuing Operation Net Minority Interest": "243,020", "Total Unusual Items Excluding Goodwill": "-9,078", "Total Unusual Items": "-9,078", "Normalized EBITDA": "481,890", "Tax Rate for Calcs": "0", "Tax Effect of Unusual Items": "-1,861"}, "12/31/2018": {"Duration": "12/31/2018", "Total Revenue": "2,871,922", "Cost of Revenue": "2,070,631", "Gross Profit": "801,291", "Operating Expense": "484,042", "Operating Income": "317,249", "Net Non Operating Interest Income Expense": "-57,399", "Other Income Expense": "-38,303", "Pretax Income": "221,547", "Tax Provision": "67,232", "Earnings from Equity Interest Net of Tax": "143", "Net Income Common Stockholders": "153,905", "Diluted NI Available to Com Stockholders": "153,905", "Basic EPS": "2.40", "Diluted EPS": "2.32", "Basic Average Shares": "64,123", "Diluted Average Shares": "66,341", "Total Operating Income as Reported": "281,312", "Total Expenses": "2,554,673", "Net Income from Continuing & Discontinued Operation": "153,905", "Normalized Income": "180,344", "Interest Expense": "57,399", "Net Interest Income": "-57,399", "EBIT": "278,946", "EBITDA": "-", "Reconciled Cost of Revenue": "2,070,631", "Reconciled Depreciation": "112,247", "Net Income from Continuing Operation Net Minority Interest": "153,905", "Total Unusual Items Excluding Goodwill": "-37,932", "Total Unusual Items": "-37,932", "Normalized EBITDA": "429,125", "Tax Rate for Calcs": "0", "Tax Effect of Unusual Items": "-11,493"}}, "bs": {"12/31/2020": {"Duration": "12/31/2020", "Total Assets": "4,178,501", "Total Liabilities Net Minority Interest": "2,699,316", "Total Equity Gross Minority Interest": "1,479,185", "Total Capitalization": "2,637,853", "Common Stock Equity": "1,479,185", "Capital Lease Obligations": "198,614", "Net Tangible Assets": "-811,707", "Working Capital": "194,491", "Invested Capital": "2,754,153", "Tangible Book Value": "-811,707", "Total Debt": "1,473,582", "Net Debt": "768,665", "Share Issued": "64,539", "Ordinary Shares Number": "64,539"}, "12/31/2019": {"Duration": "12/31/2019", "Total Assets": "3,544,430", "Total Liabilities Net Minority Interest": "2,454,439", "Total Equity Gross Minority Interest": "1,089,991", "Total Capitalization": "2,230,169", "Common Stock Equity": "1,089,991", "Capital Lease Obligations": "209,973", "Net Tangible Assets": "-1,051,342", "Working Capital": "-31,642", "Invested Capital": "2,343,969", "Tangible Book Value": "-1,051,342", "Total Debt": "1,463,951", "Net Debt": "1,017,746", "Share Issued": "63,492", "Ordinary Shares Number": "63,492"}, "12/31/2018": {"Duration": "12/31/2018", "Total Assets": "3,186,467", "Total Liabilities Net Minority Interest": "2,135,047", "Total Equity Gross Minority Interest": "1,051,420", "Total Capitalization": "2,127,414", "Common Stock Equity": "1,045,030", "Capital Lease Obligations": "-", "Net Tangible Assets": "-1,154,178", "Working Capital": "-116,519", "Invested Capital": "2,127,414", "Tangible Book Value": "-1,154,178", "Total Debt": "1,082,384", "Net Debt": "938,163", "Share Issued": "65,395", "Ordinary Shares Number": "65,395"}}, "cf": {"TTM": {"Duration": "TTM", "Operating Cash Flow": "427,178", "Investing Cash Flow": "-233,900", "Financing Cash Flow": "77,429", "End Cash Position": "506,303", "Income Tax Paid Supplemental Data": "-", "Interest Paid Supplemental Data": "-", "Capital Expenditure": "-66,808", "Issuance of Debt": "142,500", "Repayment of Debt": "-122,500", "Repurchase of Capital Stock": "0", "Free Cash Flow": "360,370"}, "12/31/2020": {"Duration": "12/31/2020", "Operating Cash Flow": "427,178", "Investing Cash Flow": "-233,900", "Financing Cash Flow": "77,429", "End Cash Position": "506,303", "Income Tax Paid Supplemental Data": "-", "Interest Paid Supplemental Data": "-", "Capital Expenditure": "-66,808", "Issuance of Debt": "142,500", "Repayment of Debt": "-122,500", "Repurchase of Capital Stock": "0", "Free Cash Flow": "360,370"}, "12/31/2019": {"Duration": "12/31/2019", "Operating Cash Flow": "253,567", "Investing Cash Flow": "-73,183", "Financing Cash Flow": "-90,707", "End Cash Position": "236,270", "Income Tax Paid Supplemental Data": "-", "Interest Paid Supplemental Data": "-", "Capital Expenditure": "-74,294", "Issuance of Debt": "1,563,800", "Repayment of Debt": "-1,391,533", "Repurchase of Capital Stock": "-300,000", "Free Cash Flow": "179,273"}, "12/31/2018": {"Duration": "12/31/2018", "Operating Cash Flow": "329,792", "Investing Cash Flow": "-55,473", "Financing Cash Flow": "-319,512", "End Cash Position": "144,709", "Income Tax Paid Supplemental Data": "43,127", "Interest Paid Supplemental Data": "48,911", "Capital Expenditure": "-55,880", "Issuance of Debt": "60,000", "Repayment of Debt": "-325,894", "Repurchase of Capital Stock": "-", "Free Cash Flow": "273,912"}}}}, {"PKI": {"quote": {"05/11/2021": {"value": "139.44", "Market Cap": "15.626B", "Beta (5Y Monthly)": "1.12", "PE Ratio (TTM)": "14.58", "EPS (TTM)": "9.56", "Earnings Date": "Jul 26, 2021 - Jul 30, 2021", "Forward Dividend & Yield": "0.28 (0.20%)", "Ex-Dividend Date": "Jul 15, 2021", "1y Target Est": "157.93"}}, "fin": {"TTM": {"Duration": "TTM", "Total Revenue": "3,782,745", "Cost of Revenue": "1,672,868", "Gross Profit": "2,109,877", "Operating Expense": "1,123,283", "Operating Income": "986,594", "Net Non Operating Interest Income Expense": "-48,702", "Other Income Expense": "-31,528", "Pretax Income": "906,364", "Tax Provision": "178,266", "Net Income Common Stockholders": "727,887", "Diluted NI Available to Com Stockholders": "727,887", "Basic EPS": "-", "Diluted EPS": "-", "Basic Average Shares": "-", "Diluted Average Shares": "-", "Total Operating Income as Reported": "978,581", "Total Expenses": "2,796,151", "Net Income from Continuing & Discontinued Operation": "727,887", "Normalized Income": "734,532", "Interest Income": "1,010", "Interest Expense": "49,712", "Net Interest Income": "-48,702", "EBIT": "956,076", "EBITDA": "1,202,583", "Reconciled Cost of Revenue": "1,672,868", "Reconciled Depreciation": "246,507", "Net Income from Continuing Operation Net Minority Interest": "728,098", "Total Unusual Items Excluding Goodwill": "-8,013", "Total Unusual Items": "-8,013", "Normalized EBITDA": "1,210,596", "Tax Rate for Calcs": "0", "Tax Effect of Unusual Items": "-1,579"}, "12/31/2020": {"Duration": "12/31/2020", "Total Revenue": "3,782,745", "Cost of Revenue": "1,672,868", "Gross Profit": "2,109,877", "Operating Expense": "1,123,283", "Operating Income": "986,594", "Net Non Operating Interest Income Expense": "-48,702", "Other Income Expense": "-31,528", "Pretax Income": "906,364", "Tax Provision": "178,266", "Net Income Common Stockholders": "727,887", "Diluted NI Available to Com Stockholders": "727,887", "Basic EPS": "6.53", "Diluted EPS": "6.49", "Basic Average Shares": "111,514", "Diluted Average Shares": "112,085", "Total Operating Income as Reported": "978,581", "Total Expenses": "2,796,151", "Net Income from Continuing & Discontinued Operation": "727,887", "Normalized Income": "734,532", "Interest Income": "1,010", "Interest Expense": "49,712", "Net Interest Income": "-48,702", "EBIT": "956,076", "EBITDA": "-", "Reconciled Cost of Revenue": "1,672,868", "Reconciled Depreciation": "246,507", "Net Income from Continuing Operation Net Minority Interest": "728,098", "Total Unusual Items Excluding Goodwill": "-8,013", "Total Unusual Items": "-8,013", "Normalized EBITDA": "1,210,596", "Tax Rate for Calcs": "0", "Tax Effect of Unusual Items": "-1,579"}, "12/31/2019": {"Duration": "12/31/2019", "Total Revenue": "2,883,673", "Cost of Revenue": "1,487,618", "Gross Profit": "1,396,055", "Operating Expense": "1,004,654", "Operating Income": "391,401", "Net Non Operating Interest Income Expense": "-62,132", "Other Income Expense": "-92,127", "Pretax Income": "237,142", "Tax Provision": "9,389", "Net Income Common Stockholders": "227,558", "Diluted NI Available to Com Stockholders": "227,558", "Basic EPS": "2.05", "Diluted EPS": "2.04", "Basic Average Shares": "111,140", "Diluted Average Shares": "111,501", "Total Operating Income as Reported": "361,973", "Total Expenses": "2,492,272", "Net Income from Continuing & Discontinued Operation": "227,558", "Normalized Income": "289,613", "Interest Income": "1,495", "Interest Expense": "63,627", "Net Interest Income": "-62,132", "EBIT": "300,769", "EBITDA": "-", "Reconciled Cost of Revenue": "1,487,618", "Reconciled Depreciation": "214,025", "Net Income from Continuing Operation Net Minority Interest": "227,753", "Total Unusual Items Excluding Goodwill": "-64,438", "Total Unusual Items": "-64,438", "Normalized EBITDA": "579,232", "Tax Rate for Calcs": "0", "Tax Effect of Unusual Items": "-2,578"}, "12/31/2018": {"Duration": "12/31/2018", "Total Revenue": "2,777,996", "Cost of Revenue": "1,437,057", "Gross Profit": "1,340,939", "Operating Expense": "1,005,911", "Operating Income": "335,028", "Net Non Operating Interest Income Expense": "-65,835", "Other Income Expense": "-11,510", "Pretax Income": "257,683", "Tax Provision": "20,208", "Net Income Common Stockholders": "237,927", "Diluted NI Available to Com Stockholders": "237,927", "Basic EPS": "2.15", "Diluted EPS": "2.13", "Basic Average Shares": "110,597", "Diluted Average Shares": "111,534", "Total Operating Income as Reported": "323,884", "Total Expenses": "2,442,968", "Net Income from Continuing & Discontinued Operation": "237,927", "Normalized Income": "235,908", "Interest Income": "1,141", "Interest Expense": "66,976", "Net Interest Income": "-65,835", "EBIT": "324,659", "EBITDA": "-", "Reconciled Cost of Revenue": "1,437,057", "Reconciled Depreciation": "180,588", "Net Income from Continuing Operation Net Minority Interest": "237,475", "Total Unusual Items Excluding Goodwill": "1,700", "Total Unusual Items": "1,700", "Normalized EBITDA": "503,547", "Tax Rate for Calcs": "0", "Tax Effect of Unusual Items": "132.6"}}, "bs": {"12/31/2020": {"Duration": "12/31/2020", "Total Assets": "7,960,315", "Total Liabilities Net Minority Interest": "4,224,823", "Total Equity Gross Minority Interest": "3,735,492", "Total Capitalization": "5,345,193", "Common Stock Equity": "3,735,492", "Capital Lease Obligations": "228,732", "Net Tangible Assets": "-1,077,315", "Working Capital": "586,731", "Invested Capital": "5,726,141", "Tangible Book Value": "-1,077,315", "Total Debt": "2,219,381", "Net Debt": "1,588,613", "Share Issued": "112,090", "Ordinary Shares Number": "112,090"}, "12/31/2019": {"Duration": "12/31/2019", "Total Assets": "6,538,564", "Total Liabilities Net Minority Interest": "3,724,740", "Total Equity Gross Minority Interest": "2,813,824", "Total Capitalization": "4,877,865", "Common Stock Equity": "2,813,824", "Capital Lease Obligations": "146,399", "Net Tangible Assets": "-1,580,689", "Working Capital": "611,547", "Invested Capital": "4,887,839", "Tangible Book Value": "-1,580,689", "Total Debt": "2,220,414", "Net Debt": "1,882,138", "Share Issued": "111,140", "Ordinary Shares Number": "111,140"}, "12/31/2018": {"Duration": "12/31/2018", "Total Assets": "5,975,522", "Total Liabilities Net Minority Interest": "3,390,567", "Total Equity Gross Minority Interest": "2,584,955", "Total Capitalization": "4,461,579", "Common Stock Equity": "2,584,955", "Capital Lease Obligations": "1,532", "Net Tangible Assets": "-1,567,320", "Working Capital": "463,003", "Invested Capital": "4,474,903", "Tangible Book Value": "-1,567,320", "Total Debt": "1,891,480", "Net Debt": "1,726,837", "Share Issued": "110,597", "Ordinary Shares Number": "110,597"}}, "cf": {"TTM": {"Duration": "TTM", "Operating Cash Flow": "892,177", "Investing Cash Flow": "-504,498", "Financing Cash Flow": "-202,872", "End Cash Position": "402,614", "Income Tax Paid Supplemental Data": "162,454", "Interest Paid Supplemental Data": "42,142", "Capital Expenditure": "-77,506", "Issuance of Debt": "714,698", "Repayment of Debt": "-902,168", "Repurchase of Capital Stock": "-6,944", "Free Cash Flow": "814,671"}, "12/31/2020": {"Duration": "12/31/2020", "Operating Cash Flow": "892,177", "Investing Cash Flow": "-504,498", "Financing Cash Flow": "-202,872", "End Cash Position": "402,614", "Income Tax Paid Supplemental Data": "162,454", "Interest Paid Supplemental Data": "42,142", "Capital Expenditure": "-77,506", "Issuance of Debt": "714,698", "Repayment of Debt": "-902,168", "Repurchase of Capital Stock": "-6,944", "Free Cash Flow": "814,671"}, "12/31/2019": {"Duration": "12/31/2019", "Operating Cash Flow": "363,469", "Investing Cash Flow": "-487,573", "Financing Cash Flow": "150,130", "End Cash Position": "191,894", "Income Tax Paid Supplemental Data": "77,059", "Interest Paid Supplemental Data": "82,693", "Capital Expenditure": "-81,331", "Issuance of Debt": "2,446,611", "Repayment of Debt": "-2,237,740", "Repurchase of Capital Stock": "-6,313", "Free Cash Flow": "282,138"}, "12/31/2018": {"Duration": "12/31/2018", "Operating Cash Flow": "311,038", "Investing Cash Flow": "-159,859", "Financing Cash Flow": "-179,230", "End Cash Position": "166,315", "Income Tax Paid Supplemental Data": "59,844", "Interest Paid Supplemental Data": "56,451", "Capital Expenditure": "-93,253", "Issuance of Debt": "1,226,340", "Repayment of Debt": "-1,292,383", "Repurchase of Capital Stock": "-57,445", "Free Cash Flow": "217,785"}}}}, {"RDNT": {"quote": {"05/11/2021": {"value": "23.96", "Market Cap": "1.254B", "Beta (5Y Monthly)": "N/A", "PE Ratio (TTM)": "111.96", "EPS (TTM)": "0.21", "Earnings Date": "Aug 09, 2021 - Aug 13, 2021", "Forward Dividend & Yield": "N/A (N/A)", "Ex-Dividend Date": "N/A", "1y Target Est": "28.67"}}, "fin": {"TTM": {"Duration": "TTM", "Total Revenue": "1,071,840", "Cost of Revenue": "965,902", "Gross Profit": "105,938", "Operating Expense": "60,531", "Operating Income": "45,407", "Net Non Operating Interest Income Expense": "-45,882", "Other Income Expense": "-379", "Pretax Income": "-854", "Tax Provision": "895", "Net Income Common Stockholders": "-14,840", "Diluted NI Available to Com Stockholders": "-14,840", "Basic EPS": "-", "Diluted EPS": "-", "Basic Average Shares": "-", "Diluted Average Shares": "-", "Total Operating Income as Reported": "35,684", "Rent Expense Supplemental": "108,202", "Total Expenses": "1,026,433", "Net Income from Continuing & Discontinued Operation": "-14,840", "Normalized Income": "-8,851", "Interest Income": "-", "Interest Expense": "45,882", "Net Interest Income": "-45,882", "EBIT": "45,028", "EBITDA": "199,738", "Reconciled Cost of Revenue": "897,987", "Reconciled Depreciation": "154,710", "Net Income from Continuing Operation Net Minority Interest": "-14,840", "Total Unusual Items Excluding Goodwill": "-8,204", "Total Unusual Items": "-8,204", "Normalized EBITDA": "207,942", "Tax Rate for Calcs": "0", "Tax Effect of Unusual Items": "-2,215"}, "12/31/2020": {"Duration": "12/31/2020", "Total Revenue": "1,071,840", "Cost of Revenue": "965,902", "Gross Profit": "105,938", "Operating Expense": "60,531", "Operating Income": "45,407", "Net Non Operating Interest Income Expense": "-45,882", "Other Income Expense": "-379", "Pretax Income": "-854", "Tax Provision": "895", "Net Income Common Stockholders": "-14,840", "Diluted NI Available to Com Stockholders": "-14,840", "Basic EPS": "-", "Diluted EPS": "-", "Basic Average Shares": "-", "Diluted Average Shares": "-", "Total Operating Income as Reported": "35,684", "Rent Expense Supplemental": "108,202", "Total Expenses": "1,026,433", "Net Income from Continuing & Discontinued Operation": "-14,840", "Normalized Income": "-8,851", "Interest Income": "-", "Interest Expense": "45,882", "Net Interest Income": "-45,882", "EBIT": "45,028", "EBITDA": "-", "Reconciled Cost of Revenue": "897,987", "Reconciled Depreciation": "154,710", "Net Income from Continuing Operation Net Minority Interest": "-14,840", "Total Unusual Items Excluding Goodwill": "-8,204", "Total Unusual Items": "-8,204", "Normalized EBITDA": "207,942", "Tax Rate for Calcs": "0", "Tax Effect of Unusual Items": "-2,215"}, "12/31/2019": {"Duration": "12/31/2019", "Total Revenue": "1,154,179", "Cost of Revenue": "999,692", "Gross Profit": "154,487", "Operating Expense": "80,607", "Operating Income": "73,880", "Net Non Operating Interest Income Expense": "-48,044", "Other Income Expense": "3,833", "Pretax Income": "29,669", "Tax Provision": "6,229", "Net Income Common Stockholders": "14,756", "Diluted NI Available to Com Stockholders": "14,756", "Basic EPS": "0.30", "Diluted EPS": "0.29", "Basic Average Shares": "49,675", "Diluted Average Shares": "50,244", "Total Operating Income as Reported": "69,878", "Rent Expense Supplemental": "106,495", "Total Expenses": "1,080,299", "Net Income from Continuing & Discontinued Operation": "14,756", "Normalized Income": "17,918", "Interest Income": "-", "Interest Expense": "48,044", "Net Interest Income": "-48,044", "EBIT": "77,713", "EBITDA": "-", "Reconciled Cost of Revenue": "932,850", "Reconciled Depreciation": "147,449", "Net Income from Continuing Operation Net Minority Interest": "14,756", "Total Unusual Items Excluding Goodwill": "-4,002", "Total Unusual Items": "-4,002", "Normalized EBITDA": "229,164", "Tax Rate for Calcs": "0", "Tax Effect of Unusual Items": "-840.42"}, "12/31/2018": {"Duration": "12/31/2018", "Total Revenue": "975,146", "Cost of Revenue": "867,547", "Gross Profit": "107,599", "Operating Expense": "72,899", "Operating Income": "34,700", "Net Non Operating Interest Income Expense": "-43,456", "Other Income Expense": "47,283", "Pretax Income": "38,527", "Tax Provision": "394", "Net Income Common Stockholders": "32,243", "Diluted NI Available to Com Stockholders": "32,243", "Basic EPS": "0.67", "Diluted EPS": "0.66", "Basic Average Shares": "48,114", "Diluted Average Shares": "48,679", "Total Operating Income as Reported": "30,886", "Rent Expense Supplemental": "89,851", "Total Expenses": "940,446", "Net Income from Continuing & Discontinued Operation": "32,243", "Normalized Income": "36,019", "Interest Income": "39,539", "Interest Expense": "43,456", "Net Interest Income": "-43,456", "EBIT": "81,983", "EBITDA": "-", "Reconciled Cost of Revenue": "867,547", "Reconciled Depreciation": "72,899", "Net Income from Continuing Operation Net Minority Interest": "32,243", "Total Unusual Items Excluding Goodwill": "-3,814", "Total Unusual Items": "-3,814", "Normalized EBITDA": "158,696", "Tax Rate for Calcs": "0", "Tax Effect of Unusual Items": "-38.14"}}, "bs": {"12/31/2020": {"Duration": "12/31/2020", "Total Assets": "1,786,657", "Total Liabilities Net Minority Interest": "1,528,354", "Total Equity Gross Minority Interest": "258,303", "Total Capitalization": "778,656", "Common Stock Equity": "165,743", "Capital Lease Obligations": "532,211", "Net Tangible Assets": "-359,529", "Working Capital": "-127,690", "Invested Capital": "818,447", "Tangible Book Value": "-359,529", "Total Debt": "1,184,915", "Net Debt": "550,686", "Share Issued": "51,641", "Ordinary Shares Number": "51,641"}, "12/31/2019": {"Duration": "12/31/2019", "Total Assets": "1,646,986", "Total Liabilities Net Minority Interest": "1,413,847", "Total Equity Gross Minority Interest": "233,139", "Total Capitalization": "804,389", "Common Stock Equity": "151,685", "Capital Lease Obligations": "488,675", "Net Tangible Assets": "-332,290", "Working Capital": "-84,213", "Invested Capital": "844,080", "Tangible Book Value": "-332,290", "Total Debt": "1,181,070", "Net Debt": "652,230", "Share Issued": "50,314", "Ordinary Shares Number": "50,314"}, "12/31/2018": {"Duration": "12/31/2018", "Total Assets": "1,109,330", "Total Liabilities Net Minority Interest": "909,077", "Total Equity Gross Minority Interest": "200,253", "Total Capitalization": "753,691", "Common Stock Equity": "127,184", "Capital Lease Obligations": "12,119", "Net Tangible Assets": "-332,309", "Working Capital": "-30,827", "Invested Capital": "787,344", "Tangible Book Value": "-332,309", "Total Debt": "672,279", "Net Debt": "649,771", "Share Issued": "48,977", "Ordinary Shares Number": "48,977"}}, "cf": {"TTM": {"Duration": "TTM", "Operating Cash Flow": "233,759", "Investing Cash Flow": "-126,244", "Financing Cash Flow": "-45,561", "End Cash Position": "102,018", "Income Tax Paid Supplemental Data": "5,069", "Interest Paid Supplemental Data": "39,521", "Capital Expenditure": "-125,437", "Issuance of Debt": "254,923", "Repayment of Debt": "-297,758", "Free Cash Flow": "108,322"}, "12/31/2020": {"Duration": "12/31/2020", "Operating Cash Flow": "233,759", "Investing Cash Flow": "-126,244", "Financing Cash Flow": "-45,561", "End Cash Position": "102,018", "Income Tax Paid Supplemental Data": "5,069", "Interest Paid Supplemental Data": "39,521", "Capital Expenditure": "-125,437", "Issuance of Debt": "254,923", "Repayment of Debt": "-297,758", "Free Cash Flow": "108,322"}, "12/31/2019": {"Duration": "12/31/2019", "Operating Cash Flow": "104,322", "Investing Cash Flow": "-99,465", "Financing Cash Flow": "24,951", "End Cash Position": "40,165", "Income Tax Paid Supplemental Data": "5,884", "Interest Paid Supplemental Data": "46,254", "Capital Expenditure": "-101,303", "Issuance of Debt": "358,344", "Repayment of Debt": "-336,436", "Free Cash Flow": "3,019"}, "12/31/2018": {"Duration": "12/31/2018", "Operating Cash Flow": "116,754", "Investing Cash Flow": "-146,749", "Financing Cash Flow": "-10,869", "End Cash Position": "10,389", "Income Tax Paid Supplemental Data": "4,933", "Interest Paid Supplemental Data": "37,016", "Capital Expenditure": "-145,372", "Issuance of Debt": "204,300", "Repayment of Debt": "-216,202", "Free Cash Flow": "-28,618"}}}}, {"NEO": {"quote": {"05/11/2021": {"value": "39.01", "Market Cap": "4.6B", "Beta (5Y Monthly)": "0.68", "PE Ratio (TTM)": "N/A", "EPS (TTM)": "-0.10", "Earnings Date": "Jul 26, 2021 - Jul 30, 2021", "Forward Dividend & Yield": "N/A (N/A)", "Ex-Dividend Date": "N/A", "1y Target Est": "60.00"}}, "fin": {"TTM": {"Duration": "TTM", "Total Revenue": "444,448", "Cost of Revenue": "258,555", "Gross Profit": "185,893", "Operating Expense": "199,885", "Operating Income": "-13,992", "Net Non Operating Interest Income Expense": "-7,019", "Other Income Expense": "6,955", "Pretax Income": "-14,056", "Tax Provision": "-18,228", "Net Income Common Stockholders": "4,172", "Diluted NI Available to Com Stockholders": "4,172", "Basic EPS": "-", "Diluted EPS": "-", "Basic Average Shares": "-", "Diluted Average Shares": "-", "Total Operating Income as Reported": "-13,992", "Total Expenses": "458,440", "Net Income from Continuing & Discontinued Operation": "4,172", "Normalized Income": "7,753", "Interest Expense": "7,019", "Net Interest Income": "-7,019", "EBIT": "-7,037", "EBITDA": "28,684", "Reconciled Cost of Revenue": "258,555", "Reconciled Depreciation": "35,721", "Net Income from Continuing Operation Net Minority Interest": "4,172", "Total Unusual Items Excluding Goodwill": "-4,906", "Total Unusual Items": "-4,906", "Normalized EBITDA": "33,590", "Tax Rate for Calcs": "0", "Tax Effect of Unusual Items": "-1,325"}, "12/31/2020": {"Duration": "12/31/2020", "Total Revenue": "444,448", "Cost of Revenue": "258,555", "Gross Profit": "185,893", "Operating Expense": "199,885", "Operating Income": "-13,992", "Net Non Operating Interest Income Expense": "-7,019", "Other Income Expense": "6,955", "Pretax Income": "-14,056", "Tax Provision": "-18,228", "Net Income Common Stockholders": "4,172", "Diluted NI Available to Com Stockholders": "4,172", "Basic EPS": "-", "Diluted EPS": "-", "Basic Average Shares": "-", "Diluted Average Shares": "-", "Total Operating Income as Reported": "-13,992", "Total Expenses": "458,440", "Net Income from Continuing & Discontinued Operation": "4,172", "Normalized Income": "7,753", "Interest Expense": "7,019", "Net Interest Income": "-7,019", "EBIT": "-7,037", "EBITDA": "-", "Reconciled Cost of Revenue": "258,555", "Reconciled Depreciation": "35,721", "Net Income from Continuing Operation Net Minority Interest": "4,172", "Total Unusual Items Excluding Goodwill": "-4,906", "Total Unusual Items": "-4,906", "Normalized EBITDA": "33,590", "Tax Rate for Calcs": "0", "Tax Effect of Unusual Items": "-1,325"}, "12/31/2019": {"Duration": "12/31/2019", "Total Revenue": "408,830", "Cost of Revenue": "211,994", "Gross Profit": "196,836", "Operating Expense": "183,830", "Operating Income": "13,006", "Net Non Operating Interest Income Expense": "-3,713", "Other Income Expense": "-5,648", "Pretax Income": "3,645", "Tax Provision": "-4,361", "Net Income Common Stockholders": "8,006", "Diluted NI Available to Com Stockholders": "8,006", "Basic EPS": "0.08", "Diluted EPS": "0.08", "Basic Average Shares": "100,470", "Diluted Average Shares": "103,615", "Total Operating Income as Reported": "13,006", "Total Expenses": "395,824", "Net Income from Continuing & Discontinued Operation": "8,006", "Normalized Income": "8,749", "Interest Expense": "3,713", "Net Interest Income": "-3,713", "EBIT": "7,358", "EBITDA": "-", "Reconciled Cost of Revenue": "211,994", "Reconciled Depreciation": "30,271", "Net Income from Continuing Operation Net Minority Interest": "8,006", "Total Unusual Items Excluding Goodwill": "-1,018", "Total Unusual Items": "-1,018", "Normalized EBITDA": "38,647", "Tax Rate for Calcs": "0", "Tax Effect of Unusual Items": "-274.86"}, "12/31/2018": {"Duration": "12/31/2018", "Total Revenue": "276,741", "Cost of Revenue": "149,476", "Gross Profit": "127,265", "Operating Expense": "117,225", "Operating Income": "10,040", "Net Non Operating Interest Income Expense": "-6,230", "Other Income Expense": "14", "Pretax Income": "3,824", "Tax Provision": "1,184", "Net Income Common Stockholders": "6,088", "Diluted NI Available to Com Stockholders": "6,088", "Basic EPS": "0.07", "Diluted EPS": "0.07", "Basic Average Shares": "85,618", "Diluted Average Shares": "91,568", "Total Operating Income as Reported": "10,040", "Total Expenses": "266,701", "Net Income from Continuing & Discontinued Operation": "2,640", "Normalized Income": "2,640", "Interest Expense": "6,230", "Net Interest Income": "-6,230", "EBIT": "10,054", "EBITDA": "-", "Reconciled Cost of Revenue": "149,476", "Reconciled Depreciation": "21,732", "Net Income from Continuing Operation Net Minority Interest": "2,640", "Total Unusual Items Excluding Goodwill": "0", "Total Unusual Items": "0", "Normalized EBITDA": "31,786", "Tax Rate for Calcs": "0", "Tax Effect of Unusual Items": "0"}}, "bs": {"12/31/2020": {"Duration": "12/31/2020", "Total Assets": "988,331", "Total Liabilities Net Minority Interest": "294,037", "Total Equity Gross Minority Interest": "694,294", "Total Capitalization": "862,414", "Preferred Stock Equity": "-", "Common Stock Equity": "694,294", "Capital Lease Obligations": "51,071", "Net Tangible Assets": "362,558", "Working Capital": "375,547", "Invested Capital": "862,414", "Tangible Book Value": "362,558", "Total Debt": "219,191", "Net Debt": "-", "Share Issued": "112,075", "Ordinary Shares Number": "112,075"}, "12/31/2019": {"Duration": "12/31/2019", "Total Assets": "709,506", "Total Liabilities Net Minority Interest": "202,098", "Total Equity Gross Minority Interest": "507,408", "Total Capitalization": "599,237", "Preferred Stock Equity": "-", "Common Stock Equity": "507,408", "Capital Lease Obligations": "36,046", "Net Tangible Assets": "182,167", "Working Capital": "226,834", "Invested Capital": "604,237", "Tangible Book Value": "182,167", "Total Debt": "132,875", "Net Debt": "-", "Share Issued": "104,781", "Ordinary Shares Number": "104,781"}, "12/31/2018": {"Duration": "12/31/2018", "Total Assets": "505,015", "Total Liabilities Net Minority Interest": "184,572", "Total Equity Gross Minority Interest": "320,443", "Total Capitalization": "413,323", "Preferred Stock Equity": "-", "Common Stock Equity": "320,443", "Capital Lease Obligations": "11,548", "Net Tangible Assets": "-17,478", "Working Capital": "42,743", "Invested Capital": "421,196", "Tangible Book Value": "-17,478", "Total Debt": "112,301", "Net Debt": "90,942", "Share Issued": "94,465", "Ordinary Shares Number": "94,465"}}, "cf": {"TTM": {"Duration": "TTM", "Operating Cash Flow": "1,460", "Investing Cash Flow": "-159,441", "Financing Cash Flow": "235,597", "End Cash Position": "250,632", "Income Tax Paid Supplemental Data": "246", "Interest Paid Supplemental Data": "2,926", "Capital Expenditure": "-29,096", "Issuance of Capital Stock": "147,603", "Issuance of Debt": "194,466", "Repayment of Debt": "-103,155", "Repurchase of Capital Stock": "0", "Free Cash Flow": "-27,636"}, "12/31/2020": {"Duration": "12/31/2020", "Operating Cash Flow": "1,460", "Investing Cash Flow": "-159,441", "Financing Cash Flow": "235,597", "End Cash Position": "250,632", "Income Tax Paid Supplemental Data": "246", "Interest Paid Supplemental Data": "2,926", "Capital Expenditure": "-29,096", "Issuance of Capital Stock": "147,603", "Issuance of Debt": "194,466", "Repayment of Debt": "-103,155", "Repurchase of Capital Stock": "0", "Free Cash Flow": "-27,636"}, "12/31/2019": {"Duration": "12/31/2019", "Operating Cash Flow": "23,369", "Investing Cash Flow": "-19,630", "Financing Cash Flow": "159,466", "End Cash Position": "173,016", "Income Tax Paid Supplemental Data": "319", "Interest Paid Supplemental Data": "4,775", "Capital Expenditure": "-20,029", "Issuance of Capital Stock": "171,976", "Issuance of Debt": "100,000", "Repayment of Debt": "-111,451", "Repurchase of Capital Stock": "0", "Free Cash Flow": "3,340"}, "12/31/2018": {"Duration": "12/31/2018", "Operating Cash Flow": "44,786", "Investing Cash Flow": "-139,687", "Financing Cash Flow": "91,959", "End Cash Position": "9,811", "Income Tax Paid Supplemental Data": "-", "Interest Paid Supplemental Data": "6,511", "Capital Expenditure": "-14,310", "Issuance of Capital Stock": "144,094", "Issuance of Debt": "9,600", "Repayment of Debt": "-11,063", "Repurchase of Capital Stock": "-50,096", "Free Cash Flow": "30,476"}}}}, {"VNRX": {"quote": {"05/11/2021": {"value": "3.1300", "Market Cap": "165.554M", "Beta (5Y Monthly)": "1.78", "PE Ratio (TTM)": "N/A", "EPS (TTM)": "-0.4490", "Earnings Date": "Aug 11, 2021 - Aug 16, 2021", "Forward Dividend & Yield": "N/A (N/A)", "Ex-Dividend Date": "N/A", "1y Target Est": "8.00"}}, "fin": {"TTM": {"Duration": "TTM", "Total Revenue": "13.433", "Operating Expense": "20,626", "Operating Income": "-20,612", "Net Non Operating Interest Income Expense": "-80.304", "Other Income Expense": "293.312", "Pretax Income": "-20,399", "Tax Provision": "-", "Net Income Common Stockholders": "-20,352", "Diluted NI Available to Com Stockholders": "-20,352", "Basic EPS": "-", "Diluted EPS": "-", "Basic Average Shares": "-", "Diluted Average Shares": "-", "Total Operating Income as Reported": "-21,248", "Total Expenses": "20,626", "Interest Income": "49.495", "Interest Expense": "129.799", "Net Interest Income": "-80.304", "Net Income from Continuing & Discontinued Operation": "-20,352", "Normalized Income": "-20,645", "EBIT": "-20,269", "EBITDA": "-19,228", "Reconciled Depreciation": "1,041", "Net Income from Continuing Operation Net Minority Interest": "-20,352", "Total Unusual Items Excluding Goodwill": "293.312", "Total Unusual Items": "293.312", "Normalized EBITDA": "-19,521", "Tax Rate for Calcs": "0", "Tax Effect of Unusual Items": "0"}, "12/31/2020": {"Duration": "12/31/2020", "Total Revenue": "13.433", "Operating Expense": "20,626", "Operating Income": "-20,612", "Net Non Operating Interest Income Expense": "-80.304", "Other Income Expense": "293.312", "Pretax Income": "-20,399", "Tax Provision": "-", "Net Income Common Stockholders": "-20,352", "Diluted NI Available to Com Stockholders": "-20,352", "Basic EPS": "-", "Diluted EPS": "-", "Basic Average Shares": "-", "Diluted Average Shares": "-", "Total Operating Income as Reported": "-21,248", "Total Expenses": "20,626", "Interest Income": "49.495", "Interest Expense": "129.799", "Net Interest Income": "-80.304", "Net Income from Continuing & Discontinued Operation": "-20,352", "Normalized Income": "-20,645", "EBIT": "-20,269", "EBITDA": "-", "Reconciled Depreciation": "1,041", "Net Income from Continuing Operation Net Minority Interest": "-20,352", "Total Unusual Items Excluding Goodwill": "293.312", "Total Unusual Items": "293.312", "Normalized EBITDA": "-19,521", "Tax Rate for Calcs": "0", "Tax Effect of Unusual Items": "0"}, "12/31/2019": {"Duration": "12/31/2019", "Total Revenue": "17.096", "Operating Expense": "15,905", "Operating Income": "-15,888", "Net Non Operating Interest Income Expense": "-14.205", "Other Income Expense": "-196.957", "Pretax Income": "-16,099", "Tax Provision": "-", "Net Income Common Stockholders": "-16,099", "Diluted NI Available to Com Stockholders": "-16,099", "Basic EPS": "-0.41", "Diluted EPS": "-0.41", "Basic Average Shares": "39,180", "Diluted Average Shares": "39,180", "Total Operating Income as Reported": "-16,043", "Total Expenses": "15,905", "Interest Income": "112.367", "Interest Expense": "126.572", "Net Interest Income": "-14.205", "Net Income from Continuing & Discontinued Operation": "-16,099", "Normalized Income": "-16,099", "EBIT": "-15,972", "EBITDA": "-", "Reconciled Depreciation": "902.412", "Net Income from Continuing Operation Net Minority Interest": "-16,099", "Total Unusual Items Excluding Goodwill": "-", "Total Unusual Items": "-", "Normalized EBITDA": "-15,070", "Tax Rate for Calcs": "0", "Tax Effect of Unusual Items": "0"}, "12/31/2018": {"Duration": "12/31/2018", "Total Revenue": "0", "Operating Expense": "17,898", "Operating Income": "-17,898", "Net Non Operating Interest Income Expense": "-110.924", "Other Income Expense": "-", "Pretax Income": "-18,009", "Tax Provision": "-", "Net Income Common Stockholders": "-18,009", "Diluted NI Available to Com Stockholders": "-18,009", "Basic EPS": "-0.57", "Diluted EPS": "-0.57", "Basic Average Shares": "31,389", "Diluted Average Shares": "31,389", "Total Operating Income as Reported": "-17,898", "Total Expenses": "17,898", "Interest Income": "-", "Interest Expense": "110.924", "Net Interest Income": "-110.924", "Net Income from Continuing & Discontinued Operation": "-18,009", "Normalized Income": "-18,009", "EBIT": "-17,898", "EBITDA": "-", "Reconciled Depreciation": "636.38", "Net Income from Continuing Operation Net Minority Interest": "-18,009", "Total Unusual Items Excluding Goodwill": "-", "Total Unusual Items": "-", "Normalized EBITDA": "-17,261", "Tax Rate for Calcs": "0", "Tax Effect of Unusual Items": "0"}}, "bs": {"12/31/2020": {"Duration": "12/31/2020", "Total Assets": "26,151", "Total Liabilities Net Minority Interest": "9,857", "Total Equity Gross Minority Interest": "16,294", "Total Capitalization": "18,948", "Common Stock Equity": "16,341", "Capital Lease Obligations": "993.349", "Net Tangible Assets": "16,019", "Working Capital": "14,095", "Invested Capital": "19,789", "Tangible Book Value": "16,019", "Total Debt": "4,442", "Share Issued": "48,607", "Ordinary Shares Number": "48,607"}, "12/31/2019": {"Duration": "12/31/2019", "Total Assets": "21,291", "Total Liabilities Net Minority Interest": "7,093", "Total Equity Gross Minority Interest": "14,199", "Total Capitalization": "16,394", "Common Stock Equity": "14,199", "Capital Lease Obligations": "1,095", "Net Tangible Assets": "13,826", "Working Capital": "13,696", "Invested Capital": "17,041", "Tangible Book Value": "13,826", "Total Debt": "3,938", "Share Issued": "41,125", "Ordinary Shares Number": "41,125"}, "12/31/2018": {"Duration": "12/31/2018", "Total Assets": "17,489", "Total Liabilities Net Minority Interest": "5,349", "Total Equity Gross Minority Interest": "12,140", "Total Capitalization": "14,125", "Common Stock Equity": "12,140", "Capital Lease Obligations": "865.163", "Net Tangible Assets": "11,674", "Working Capital": "11,569", "Invested Capital": "14,541", "Tangible Book Value": "11,674", "Total Debt": "3,266", "Share Issued": "35,335", "Ordinary Shares Number": "35,335"}}, "cf": {"TTM": {"Duration": "TTM", "Operating Cash Flow": "-16,464", "Investing Cash Flow": "-1,648", "Financing Cash Flow": "20,621", "End Cash Position": "19,445", "Income Tax Paid Supplemental Data": "0", "Interest Paid Supplemental Data": "129.799", "Capital Expenditure": "-1,941", "Issuance of Capital Stock": "21,197", "Issuance of Debt": "346.465", "Repayment of Debt": "-642.806", "Repurchase of Capital Stock": "-54.434", "Free Cash Flow": "-18,405"}, "12/31/2020": {"Duration": "12/31/2020", "Operating Cash Flow": "-16,464", "Investing Cash Flow": "-1,648", "Financing Cash Flow": "20,621", "End Cash Position": "19,445", "Income Tax Paid Supplemental Data": "0", "Interest Paid Supplemental Data": "129.799", "Capital Expenditure": "-1,941", "Issuance of Capital Stock": "21,197", "Issuance of Debt": "346.465", "Repayment of Debt": "-642.806", "Repurchase of Capital Stock": "-54.434", "Free Cash Flow": "-18,405"}, "12/31/2019": {"Duration": "12/31/2019", "Operating Cash Flow": "-12,739", "Investing Cash Flow": "-511.266", "Financing Cash Flow": "16,930", "End Cash Position": "16,966", "Income Tax Paid Supplemental Data": "0", "Interest Paid Supplemental Data": "126.572", "Capital Expenditure": "-511.266", "Issuance of Capital Stock": "16,591", "Issuance of Debt": "838.039", "Repayment of Debt": "-493.048", "Repurchase of Capital Stock": "-", "Free Cash Flow": "-13,251"}, "12/31/2018": {"Duration": "12/31/2018", "Operating Cash Flow": "-14,733", "Investing Cash Flow": "-301.805", "Financing Cash Flow": "17,967", "End Cash Position": "13,427", "Income Tax Paid Supplemental Data": "0", "Interest Paid Supplemental Data": "110.924", "Capital Expenditure": "-301.805", "Issuance of Capital Stock": "17,245", "Issuance of Debt": "1,160", "Repayment of Debt": "-574.297", "Repurchase of Capital Stock": "-", "Free Cash Flow": "-15,035"}}}}, {"CHEK": {"quote": {"05/11/2021": {"value": "1.4400", "Market Cap": "101.446M", "Beta (5Y Monthly)": "0.25", "PE Ratio (TTM)": "N/A", "EPS (TTM)": "-0.4560", "Earnings Date": "Mar 19, 2021", "Forward Dividend & Yield": "N/A (N/A)", "Ex-Dividend Date": "N/A", "1y Target Est": "3.00"}}, "fin": {"TTM": {"Duration": "TTM", "Total Revenue": "0", "Operating Expense": "13,932", "Operating Income": "-13,932", "Net Non Operating Interest Income Expense": "85", "Other Income Expense": "1", "Pretax Income": "-13,846", "Tax Provision": "0", "Net Income Common Stockholders": "-13,846", "Diluted NI Available to Com Stockholders": "-13,846", "Basic EPS": "-", "Diluted EPS": "-", "Basic Average Shares": "-", "Diluted Average Shares": "-", "Total Operating Income as Reported": "-13,932", "Rent Expense Supplemental": "174", "Total Expenses": "13,932", "Net Income from Continuing & Discontinued Operation": "-13,846", "Normalized Income": "-13,847", "Interest Income": "69", "Interest Expense": "12", "Net Interest Income": "85", "EBIT": "-13,834", "EBITDA": "-13,686", "Reconciled Depreciation": "148", "Net Income from Continuing Operation Net Minority Interest": "-13,846", "Total Unusual Items Excluding Goodwill": "1", "Total Unusual Items": "1", "Normalized EBITDA": "-13,687", "Tax Rate for Calcs": "0", "Tax Effect of Unusual Items": "0"}, "12/31/2020": {"Duration": "12/31/2020", "Total Revenue": "0", "Operating Expense": "13,932", "Operating Income": "-13,932", "Net Non Operating Interest Income Expense": "85", "Other Income Expense": "1", "Pretax Income": "-13,846", "Tax Provision": "0", "Net Income Common Stockholders": "-13,846", "Diluted NI Available to Com Stockholders": "-13,846", "Basic EPS": "-", "Diluted EPS": "-", "Basic Average Shares": "-", "Diluted Average Shares": "-", "Total Operating Income as Reported": "-13,932", "Rent Expense Supplemental": "174", "Total Expenses": "13,932", "Net Income from Continuing & Discontinued Operation": "-13,846", "Normalized Income": "-13,847", "Interest Income": "69", "Interest Expense": "12", "Net Interest Income": "85", "EBIT": "-13,834", "EBITDA": "-", "Reconciled Depreciation": "148", "Net Income from Continuing Operation Net Minority Interest": "-13,846", "Total Unusual Items Excluding Goodwill": "1", "Total Unusual Items": "1", "Normalized EBITDA": "-13,687", "Tax Rate for Calcs": "0", "Tax Effect of Unusual Items": "0"}, "12/31/2019": {"Duration": "12/31/2019", "Total Revenue": "0", "Operating Expense": "14,069", "Operating Income": "-14,069", "Net Non Operating Interest Income Expense": "240", "Other Income Expense": "-7", "Pretax Income": "-13,836", "Tax Provision": "0", "Net Income Common Stockholders": "-13,836", "Diluted NI Available to Com Stockholders": "-13,836", "Basic EPS": "-1.73", "Diluted EPS": "-1.73", "Basic Average Shares": "7,986", "Diluted Average Shares": "7,986", "Total Operating Income as Reported": "-14,069", "Rent Expense Supplemental": "180", "Total Expenses": "14,069", "Net Income from Continuing & Discontinued Operation": "-13,836", "Normalized Income": "-13,829", "Interest Income": "245", "Interest Expense": "8", "Net Interest Income": "240", "EBIT": "-13,828", "EBITDA": "-", "Reconciled Depreciation": "115", "Net Income from Continuing Operation Net Minority Interest": "-13,836", "Total Unusual Items Excluding Goodwill": "-7", "Total Unusual Items": "-7", "Normalized EBITDA": "-13,706", "Tax Rate for Calcs": "0", "Tax Effect of Unusual Items": "0"}, "12/31/2018": {"Duration": "12/31/2018", "Total Revenue": "0", "Operating Expense": "11,063", "Operating Income": "-11,063", "Net Non Operating Interest Income Expense": "491", "Other Income Expense": "-18", "Pretax Income": "-10,590", "Tax Provision": "-1", "Net Income Common Stockholders": "-10,589", "Diluted NI Available to Com Stockholders": "-10,589", "Basic EPS": "-2.61", "Diluted EPS": "-2.61", "Basic Average Shares": "4,058", "Diluted Average Shares": "4,058", "Total Operating Income as Reported": "-11,063", "Rent Expense Supplemental": "163", "Total Expenses": "11,063", "Net Income from Continuing & Discontinued Operation": "-10,589", "Normalized Income": "-10,571", "Interest Income": "243", "Interest Expense": "7", "Net Interest Income": "491", "EBIT": "-10,583", "EBITDA": "-", "Reconciled Depreciation": "147", "Net Income from Continuing Operation Net Minority Interest": "-10,589", "Total Unusual Items Excluding Goodwill": "-18", "Total Unusual Items": "-18", "Normalized EBITDA": "-10,418", "Tax Rate for Calcs": "0", "Tax Effect of Unusual Items": "-0.0017"}}, "bs": {"12/31/2020": {"Duration": "12/31/2020", "Total Assets": "19,638", "Total Liabilities Net Minority Interest": "3,260", "Total Equity Gross Minority Interest": "16,378", "Total Capitalization": "16,378", "Common Stock Equity": "16,378", "Capital Lease Obligations": "389", "Net Tangible Assets": "16,378", "Working Capital": "15,436", "Invested Capital": "16,378", "Tangible Book Value": "16,378", "Total Debt": "389", "Share Issued": "46,239", "Ordinary Shares Number": "46,239"}, "12/31/2019": {"Duration": "12/31/2019", "Total Assets": "9,429", "Total Liabilities Net Minority Interest": "3,195", "Total Equity Gross Minority Interest": "6,234", "Total Capitalization": "6,234", "Common Stock Equity": "6,234", "Capital Lease Obligations": "433", "Net Tangible Assets": "6,234", "Working Capital": "5,633", "Invested Capital": "6,234", "Tangible Book Value": "6,234", "Total Debt": "433", "Share Issued": "8,273", "Ordinary Shares Number": "8,273"}, "12/31/2018": {"Duration": "12/31/2018", "Total Assets": "15,436", "Total Liabilities Net Minority Interest": "2,406", "Total Equity Gross Minority Interest": "13,030", "Total Capitalization": "13,030", "Common Stock Equity": "13,030", "Capital Lease Obligations": "-", "Net Tangible Assets": "13,030", "Working Capital": "12,763", "Invested Capital": "13,030", "Tangible Book Value": "13,030", "Total Debt": "-", "Share Issued": "5,329", "Ordinary Shares Number": "5,329"}}, "cf": {"TTM": {"Duration": "TTM", "Operating Cash Flow": "-13,113", "Investing Cash Flow": "-10,451", "Financing Cash Flow": "23,582", "End Cash Position": "8,053", "Income Tax Paid Supplemental Data": "5", "Interest Paid Supplemental Data": "-", "Capital Expenditure": "-379", "Issuance of Capital Stock": "14,870", "Issuance of Debt": "-", "Repayment of Debt": "-", "Repurchase of Capital Stock": "-", "Free Cash Flow": "-13,492"}, "12/31/2020": {"Duration": "12/31/2020", "Operating Cash Flow": "-13,113", "Investing Cash Flow": "-10,451", "Financing Cash Flow": "23,582", "End Cash Position": "8,053", "Income Tax Paid Supplemental Data": "5", "Interest Paid Supplemental Data": "-", "Capital Expenditure": "-379", "Issuance of Capital Stock": "14,870", "Issuance of Debt": "-", "Repayment of Debt": "-", "Repurchase of Capital Stock": "-", "Free Cash Flow": "-13,492"}, "12/31/2019": {"Duration": "12/31/2019", "Operating Cash Flow": "-12,843", "Investing Cash Flow": "5,445", "Financing Cash Flow": "6,511", "End Cash Position": "8,035", "Income Tax Paid Supplemental Data": "-", "Interest Paid Supplemental Data": "-", "Capital Expenditure": "-167", "Issuance of Capital Stock": "6,511", "Issuance of Debt": "-", "Repayment of Debt": "-", "Repurchase of Capital Stock": "-", "Free Cash Flow": "-13,010"}, "12/31/2018": {"Duration": "12/31/2018", "Operating Cash Flow": "-10,034", "Investing Cash Flow": "-5,723", "Financing Cash Flow": "17,762", "End Cash Position": "8,922", "Income Tax Paid Supplemental Data": "5", "Interest Paid Supplemental Data": "-", "Capital Expenditure": "-94", "Issuance of Capital Stock": "17,762", "Issuance of Debt": "-", "Repayment of Debt": "-", "Repurchase of Capital Stock": "-30", "Free Cash Flow": "-10,128"}}}}, {"NVDQ": {"quote": {"05/11/2021": {"value": "", "Net Assets": "N/A", "Beta (5Y Monthly)": "N/A", "Yield": "N/A", "5y Average Return": "N/A", "Holdings Turnover": "N/A", "Last Dividend": "N/A", "Average for Category": "N/A", "Inception Date": "N/A"}}, "fin": {}, "bs": {}, "cf": {}}}, {"NTRA": {"quote": {"05/11/2021": {"value": "90.25", "Market Cap": "7.937B", "Beta (5Y Monthly)": "1.29", "PE Ratio (TTM)": "N/A", "EPS (TTM)": "-3.11", "Earnings Date": "Aug 03, 2021 - Aug 09, 2021", "Forward Dividend & Yield": "N/A (N/A)", "Ex-Dividend Date": "N/A", "1y Target Est": "137.67"}}, "fin": {"TTM": {"Duration": "TTM", "Total Revenue": "391,005", "Cost of Revenue": "203,620", "Gross Profit": "187,385", "Operating Expense": "403,662", "Operating Income": "-216,277", "Net Non Operating Interest Income Expense": "-7,520", "Other Income Expense": "-5,848", "Pretax Income": "-229,645", "Tax Provision": "98", "Net Income Common Stockholders": "-229,743", "Average Dilution Earnings": "-", "Diluted NI Available to Com Stockholders": "-229,743", "Basic EPS": "-", "Diluted EPS": "-", "Basic Average Shares": "-", "Diluted Average Shares": "-", "Total Operating Income as Reported": "-216,277", "Total Expenses": "607,282", "Net Income from Continuing & Discontinued Operation": "-229,743", "Normalized Income": "-225,474", "Interest Income": "7,562", "Interest Expense": "15,082", "Net Interest Income": "-7,520", "EBIT": "-214,563", "EBITDA": "-205,950", "Reconciled Cost of Revenue": "203,620", "Reconciled Depreciation": "8,613", "Net Income from Continuing Operation Net Minority Interest": "-229,743", "Total Unusual Items Excluding Goodwill": "-5,848", "Total Unusual Items": "-5,848", "Normalized EBITDA": "-200,102", "Tax Rate for Calcs": "0", "Tax Effect of Unusual Items": "-1,579"}, "12/31/2020": {"Duration": "12/31/2020", "Total Revenue": "391,005", "Cost of Revenue": "203,620", "Gross Profit": "187,385", "Operating Expense": "403,662", "Operating Income": "-216,277", "Net Non Operating Interest Income Expense": "-7,520", "Other Income Expense": "-5,848", "Pretax Income": "-229,645", "Tax Provision": "98", "Net Income Common Stockholders": "-229,743", "Average Dilution Earnings": "-", "Diluted NI Available to Com Stockholders": "-229,743", "Basic EPS": "-", "Diluted EPS": "-", "Basic Average Shares": "-", "Diluted Average Shares": "-", "Total Operating Income as Reported": "-216,277", "Total Expenses": "607,282", "Net Income from Continuing & Discontinued Operation": "-229,743", "Normalized Income": "-225,474", "Interest Income": "7,562", "Interest Expense": "15,082", "Net Interest Income": "-7,520", "EBIT": "-214,563", "EBITDA": "-", "Reconciled Cost of Revenue": "203,620", "Reconciled Depreciation": "8,613", "Net Income from Continuing Operation Net Minority Interest": "-229,743", "Total Unusual Items Excluding Goodwill": "-5,848", "Total Unusual Items": "-5,848", "Normalized EBITDA": "-200,102", "Tax Rate for Calcs": "0", "Tax Effect of Unusual Items": "-1,579"}, "12/31/2019": {"Duration": "12/31/2019", "Total Revenue": "302,328", "Cost of Revenue": "175,470", "Gross Profit": "126,858", "Operating Expense": "257,533", "Operating Income": "-130,675", "Net Non Operating Interest Income Expense": "-6,541", "Other Income Expense": "14,388", "Pretax Income": "-122,828", "Tax Provision": "1,999", "Net Income Common Stockholders": "-124,827", "Average Dilution Earnings": "-", "Diluted NI Available to Com Stockholders": "-124,827", "Basic EPS": "-1.79", "Diluted EPS": "-1.79", "Basic Average Shares": "69,555", "Diluted Average Shares": "69,555", "Total Operating Income as Reported": "-116,287", "Total Expenses": "433,003", "Net Income from Continuing & Discontinued Operation": "-124,827", "Normalized Income": "-138,980", "Interest Income": "4,152", "Interest Expense": "10,693", "Net Interest Income": "-6,541", "EBIT": "-112,135", "EBITDA": "-", "Reconciled Cost of Revenue": "175,470", "Reconciled Depreciation": "7,730", "Net Income from Continuing Operation Net Minority Interest": "-124,827", "Total Unusual Items Excluding Goodwill": "14,388", "Total Unusual Items": "14,388", "Normalized EBITDA": "-118,793", "Tax Rate for Calcs": "0", "Tax Effect of Unusual Items": "234.5244"}, "12/31/2018": {"Duration": "12/31/2018", "Total Revenue": "257,654", "Cost of Revenue": "166,055", "Gross Profit": "91,599", "Operating Expense": "206,227", "Operating Income": "-114,628", "Net Non Operating Interest Income Expense": "-10,476", "Other Income Expense": "-2,729", "Pretax Income": "-127,833", "Tax Provision": "321", "Net Income Common Stockholders": "-128,154", "Average Dilution Earnings": "-", "Diluted NI Available to Com Stockholders": "-128,154", "Basic EPS": "-2.22", "Diluted EPS": "-2.22", "Basic Average Shares": "57,848", "Diluted Average Shares": "57,848", "Total Operating Income as Reported": "-114,628", "Total Expenses": "372,282", "Net Income from Continuing & Discontinued Operation": "-128,154", "Normalized Income": "-128,154", "Interest Income": "-2,729", "Interest Expense": "10,476", "Net Interest Income": "-10,476", "EBIT": "-117,357", "EBITDA": "-", "Reconciled Cost of Revenue": "166,055", "Reconciled Depreciation": "7,501", "Net Income from Continuing Operation Net Minority Interest": "-128,154", "Total Unusual Items Excluding Goodwill": "-", "Total Unusual Items": "-", "Normalized EBITDA": "-109,856", "Tax Rate for Calcs": "0", "Tax Effect of Unusual Items": "0"}}, "bs": {"12/31/2020": {"Duration": "12/31/2020", "Total Assets": "932,153", "Total Liabilities Net Minority Interest": "445,917", "Total Equity Gross Minority Interest": "486,236", "Total Capitalization": "688,729", "Common Stock Equity": "486,236", "Capital Lease Obligations": "28,546", "Net Tangible Assets": "486,236", "Working Capital": "663,610", "Invested Capital": "738,783", "Tangible Book Value": "486,236", "Total Debt": "281,093", "Net Debt": "203,879", "Share Issued": "86,223", "Ordinary Shares Number": "86,223"}, "12/31/2019": {"Duration": "12/31/2019", "Total Assets": "582,656", "Total Liabilities Net Minority Interest": "303,945", "Total Equity Gross Minority Interest": "278,711", "Total Capitalization": "352,367", "Common Stock Equity": "278,711", "Capital Lease Obligations": "32,036", "Net Tangible Assets": "278,711", "Working Capital": "343,293", "Invested Capital": "402,490", "Tangible Book Value": "278,711", "Total Debt": "155,815", "Net Debt": "61,853", "Share Issued": "78,005", "Ordinary Shares Number": "78,005"}, "12/31/2018": {"Duration": "12/31/2018", "Total Assets": "268,171", "Total Liabilities Net Minority Interest": "236,009", "Total Equity Gross Minority Interest": "32,162", "Total Capitalization": "105,519", "Common Stock Equity": "32,162", "Capital Lease Obligations": "-", "Net Tangible Assets": "32,162", "Working Capital": "126,537", "Invested Capital": "155,672", "Tangible Book Value": "32,162", "Total Debt": "123,510", "Net Debt": "77,103", "Share Issued": "62,083", "Ordinary Shares Number": "62,083"}}, "cf": {"TTM": {"Duration": "TTM", "Operating Cash Flow": "-182,512", "Investing Cash Flow": "-331,461", "Financing Cash Flow": "500,847", "End Cash Position": "48,855", "Income Tax Paid Supplemental Data": "67", "Interest Paid Supplemental Data": "3,296", "Capital Expenditure": "-19,604", "Issuance of Capital Stock": "270,650", "Issuance of Debt": "278,316", "Repayment of Debt": "-78,757", "Free Cash Flow": "-202,116"}, "12/31/2020": {"Duration": "12/31/2020", "Operating Cash Flow": "-182,512", "Investing Cash Flow": "-331,461", "Financing Cash Flow": "500,847", "End Cash Position": "48,855", "Income Tax Paid Supplemental Data": "67", "Interest Paid Supplemental Data": "3,296", "Capital Expenditure": "-19,604", "Issuance of Capital Stock": "270,650", "Issuance of Debt": "278,316", "Repayment of Debt": "-78,757", "Free Cash Flow": "-202,116"}, "12/31/2019": {"Duration": "12/31/2019", "Operating Cash Flow": "-63,444", "Investing Cash Flow": "-266,353", "Financing Cash Flow": "340,774", "End Cash Position": "61,981", "Income Tax Paid Supplemental Data": "2,154", "Interest Paid Supplemental Data": "12,455", "Capital Expenditure": "-4,968", "Issuance of Capital Stock": "323,410", "Issuance of Debt": "0", "Repayment of Debt": "0", "Free Cash Flow": "-68,412"}, "12/31/2018": {"Duration": "12/31/2018", "Operating Cash Flow": "-70,581", "Investing Cash Flow": "-5,161", "Financing Cash Flow": "113,725", "End Cash Position": "51,004", "Income Tax Paid Supplemental Data": "332", "Interest Paid Supplemental Data": "7,914", "Capital Expenditure": "-3,880", "Issuance of Capital Stock": "96,777", "Issuance of Debt": "0", "Repayment of Debt": "0", "Free Cash Flow": "-74,461"}}}}, {"NVTA": {"quote": {"05/11/2021": {"value": "27.98", "Market Cap": "5.591B", "Beta (5Y Monthly)": "1.89", "PE Ratio (TTM)": "N/A", "EPS (TTM)": "-3.88", "Earnings Date": "Aug 02, 2021 - Aug 06, 2021", "Forward Dividend & Yield": "N/A (N/A)", "Ex-Dividend Date": "N/A", "1y Target Est": "47.40"}}, "fin": {"TTM": {"Duration": "TTM", "Total Revenue": "279,598", "Cost of Revenue": "198,275", "Gross Profit": "81,323", "Operating Expense": "733,495", "Operating Income": "-652,172", "Net Non Operating Interest Income Expense": "-29,766", "Other Income Expense": "-32,332", "Pretax Income": "-714,270", "Tax Provision": "-112,100", "Net Income Common Stockholders": "-602,170", "Diluted NI Available to Com Stockholders": "-602,170", "Basic EPS": "-", "Diluted EPS": "-", "Basic Average Shares": "-", "Diluted Average Shares": "-", "Total Operating Income as Reported": "-652,172", "Total Expenses": "931,770", "Net Income from Continuing & Discontinued Operation": "-602,170", "Normalized Income": "-602,170", "Interest Expense": "29,766", "Net Interest Income": "-29,766", "EBIT": "-684,504", "EBITDA": "-645,454", "Reconciled Cost of Revenue": "198,275", "Reconciled Depreciation": "39,050", "Net Income from Continuing Operation Net Minority Interest": "-602,170", "Normalized EBITDA": "-645,454", "Tax Rate for Calcs": "0", "Tax Effect of Unusual Items": "0"}, "12/31/2020": {"Duration": "12/31/2020", "Total Revenue": "279,598", "Cost of Revenue": "198,275", "Gross Profit": "81,323", "Operating Expense": "733,495", "Operating Income": "-652,172", "Net Non Operating Interest Income Expense": "-29,766", "Other Income Expense": "-32,332", "Pretax Income": "-714,270", "Tax Provision": "-112,100", "Net Income Common Stockholders": "-602,170", "Diluted NI Available to Com Stockholders": "-602,170", "Basic EPS": "-", "Diluted EPS": "-", "Basic Average Shares": "-", "Diluted Average Shares": "-", "Total Operating Income as Reported": "-652,172", "Total Expenses": "931,770", "Net Income from Continuing & Discontinued Operation": "-602,170", "Normalized Income": "-602,170", "Interest Expense": "29,766", "Net Interest Income": "-29,766", "EBIT": "-684,504", "EBITDA": "-", "Reconciled Cost of Revenue": "198,275", "Reconciled Depreciation": "39,050", "Net Income from Continuing Operation Net Minority Interest": "-602,170", "Normalized EBITDA": "-645,454", "Tax Rate for Calcs": "0", "Tax Effect of Unusual Items": "0"}, "12/31/2019": {"Duration": "12/31/2019", "Total Revenue": "216,824", "Cost of Revenue": "118,103", "Gross Profit": "98,721", "Operating Expense": "342,833", "Operating Income": "-244,112", "Net Non Operating Interest Income Expense": "-12,412", "Other Income Expense": "-3,891", "Pretax Income": "-260,415", "Tax Provision": "-18,450", "Net Income Common Stockholders": "-241,965", "Diluted NI Available to Com Stockholders": "-241,965", "Basic EPS": "-2.66", "Diluted EPS": "-2.66", "Basic Average Shares": "90,859", "Diluted Average Shares": "90,859", "Total Operating Income as Reported": "-244,112", "Total Expenses": "460,936", "Net Income from Continuing & Discontinued Operation": "-241,965", "Normalized Income": "-241,965", "Interest Expense": "12,412", "Net Interest Income": "-12,412", "EBIT": "-248,003", "EBITDA": "-", "Reconciled Cost of Revenue": "118,103", "Reconciled Depreciation": "16,206", "Net Income from Continuing Operation Net Minority Interest": "-241,965", "Normalized EBITDA": "-231,797", "Tax Rate for Calcs": "0", "Tax Effect of Unusual Items": "0"}, "12/31/2018": {"Duration": "12/31/2018", "Total Revenue": "147,699", "Cost of Revenue": "80,105", "Gross Profit": "67,594", "Operating Expense": "190,151", "Operating Income": "-122,557", "Net Non Operating Interest Income Expense": "-7,030", "Other Income Expense": "-2,568", "Pretax Income": "-132,155", "Tax Provision": "-2,800", "Net Income Common Stockholders": "-129,355", "Diluted NI Available to Com Stockholders": "-129,355", "Basic EPS": "-1.94", "Diluted EPS": "-1.94", "Basic Average Shares": "66,747", "Diluted Average Shares": "66,747", "Total Operating Income as Reported": "-122,557", "Total Expenses": "270,256", "Net Income from Continuing & Discontinued Operation": "-129,355", "Normalized Income": "-129,355", "Interest Expense": "7,030", "Net Interest Income": "-7,030", "EBIT": "-125,125", "EBITDA": "-", "Reconciled Cost of Revenue": "80,105", "Reconciled Depreciation": "13,540", "Net Income from Continuing Operation Net Minority Interest": "-129,355", "Normalized EBITDA": "-111,585", "Tax Rate for Calcs": "0", "Tax Effect of Unusual Items": "0"}}, "bs": {"12/31/2020": {"Duration": "12/31/2020", "Total Assets": "3,430,485", "Total Liabilities Net Minority Interest": "1,454,192", "Total Equity Gross Minority Interest": "1,976,293", "Total Capitalization": "2,364,466", "Common Stock Equity": "1,976,293", "Capital Lease Obligations": "61,964", "Net Tangible Assets": "-869,175", "Working Capital": "332,187", "Invested Capital": "2,364,466", "Tangible Book Value": "-869,175", "Total Debt": "450,137", "Net Debt": "263,379", "Share Issued": "185,886", "Ordinary Shares Number": "185,886"}, "12/31/2019": {"Duration": "12/31/2019", "Total Assets": "781,601", "Total Liabilities Net Minority Interest": "401,961", "Total Equity Gross Minority Interest": "379,640", "Total Capitalization": "648,395", "Common Stock Equity": "379,640", "Capital Lease Obligations": "50,071", "Net Tangible Assets": "127,688", "Working Capital": "360,538", "Invested Capital": "648,395", "Tangible Book Value": "127,688", "Total Debt": "318,826", "Net Debt": "117,366", "Share Issued": "98,796", "Ordinary Shares Number": "98,796"}, "12/31/2018": {"Duration": "12/31/2018", "Total Assets": "282,959", "Total Liabilities Net Minority Interest": "121,120", "Total Equity Gross Minority Interest": "161,839", "Total Capitalization": "236,316", "Common Stock Equity": "161,839", "Capital Lease Obligations": "3,312", "Net Tangible Assets": "81,275", "Working Capital": "129,127", "Invested Capital": "236,316", "Tangible Book Value": "81,275", "Total Debt": "77,789", "Net Debt": "-", "Share Issued": "75,481", "Ordinary Shares Number": "75,481"}}, "cf": {"TTM": {"Duration": "TTM", "Operating Cash Flow": "-298,502", "Investing Cash Flow": "-400,583", "Financing Cash Flow": "672,993", "End Cash Position": "131,480", "Interest Paid Supplemental Data": "12,130", "Capital Expenditure": "-22,865", "Issuance of Capital Stock": "547,891", "Issuance of Debt": "129,214", "Repayment of Debt": "0", "Free Cash Flow": "-321,367"}, "12/31/2020": {"Duration": "12/31/2020", "Operating Cash Flow": "-298,502", "Investing Cash Flow": "-400,583", "Financing Cash Flow": "672,993", "End Cash Position": "131,480", "Interest Paid Supplemental Data": "12,130", "Capital Expenditure": "-22,865", "Issuance of Capital Stock": "547,891", "Issuance of Debt": "129,214", "Repayment of Debt": "0", "Free Cash Flow": "-321,367"}, "12/31/2019": {"Duration": "12/31/2019", "Operating Cash Flow": "-145,053", "Investing Cash Flow": "-280,310", "Financing Cash Flow": "464,771", "End Cash Position": "157,572", "Interest Paid Supplemental Data": "4,731", "Capital Expenditure": "-20,047", "Issuance of Capital Stock": "213,494", "Issuance of Debt": "339,900", "Repayment of Debt": "-77,075", "Free Cash Flow": "-165,100"}, "12/31/2018": {"Duration": "12/31/2018", "Operating Cash Flow": "-92,220", "Investing Cash Flow": "35,773", "Financing Cash Flow": "157,152", "End Cash Position": "118,164", "Interest Paid Supplemental Data": "6,231", "Capital Expenditure": "-5,970", "Issuance of Capital Stock": "129,952", "Issuance of Debt": "93,909", "Repayment of Debt": "-62,100", "Free Cash Flow": "-98,190"}}}}, {"OPGN": {"quote": {"05/11/2021": {"value": "2.2700", "Market Cap": "86.865M", "Beta (5Y Monthly)": "-0.46", "PE Ratio (TTM)": "N/A", "EPS (TTM)": "-1.6590", "Earnings Date": "May 13, 2021", "Forward Dividend & Yield": "N/A (N/A)", "Ex-Dividend Date": "N/A", "1y Target Est": "5.50"}}, "fin": {"TTM": {"Duration": "TTM", "Total Revenue": "4,214", "Cost of Revenue": "3,848", "Gross Profit": "365.95", "Operating Expense": "21,860", "Operating Income": "-21,495", "Net Non Operating Interest Income Expense": "-3,294", "Other Income Expense": "-1,290", "Pretax Income": "-26,078", "Tax Provision": "132.403", "Net Income Common Stockholders": "-26,211", "Diluted NI Available to Com Stockholders": "-26,211", "Basic EPS": "-", "Diluted EPS": "-", "Basic Average Shares": "-", "Diluted Average Shares": "-", "Total Operating Income as Reported": "-22,718", "Total Expenses": "25,709", "Net Income from Continuing & Discontinued Operation": "-26,211", "Normalized Income": "-25,269", "Interest Income": "105.627", "Interest Expense": "3,399", "Net Interest Income": "-3,294", "EBIT": "-22,679", "EBITDA": "-20,344", "Reconciled Cost of Revenue": "3,848", "Reconciled Depreciation": "2,335", "Net Income from Continuing Operation Net Minority Interest": "-26,211", "Total Unusual Items Excluding Goodwill": "-1,290", "Total Unusual Items": "-1,290", "Normalized EBITDA": "-19,054", "Tax Rate for Calcs": "0", "Tax Effect of Unusual Items": "-348.3435"}, "12/31/2020": {"Duration": "12/31/2020", "Total Revenue": "4,214", "Cost of Revenue": "3,848", "Gross Profit": "365.95", "Operating Expense": "21,860", "Operating Income": "-21,495", "Net Non Operating Interest Income Expense": "-3,294", "Other Income Expense": "-1,290", "Pretax Income": "-26,078", "Tax Provision": "132.403", "Net Income Common Stockholders": "-26,211", "Diluted NI Available to Com Stockholders": "-26,211", "Basic EPS": "-", "Diluted EPS": "-", "Basic Average Shares": "-", "Diluted Average Shares": "-", "Total Operating Income as Reported": "-22,718", "Total Expenses": "25,709", "Net Income from Continuing & Discontinued Operation": "-26,211", "Normalized Income": "-25,269", "Interest Income": "105.627", "Interest Expense": "3,399", "Net Interest Income": "-3,294", "EBIT": "-22,679", "EBITDA": "-", "Reconciled Cost of Revenue": "3,848", "Reconciled Depreciation": "2,335", "Net Income from Continuing Operation Net Minority Interest": "-26,211", "Total Unusual Items Excluding Goodwill": "-1,290", "Total Unusual Items": "-1,290", "Normalized EBITDA": "-19,054", "Tax Rate for Calcs": "0", "Tax Effect of Unusual Items": "-348.3435"}, "12/31/2019": {"Duration": "12/31/2019", "Total Revenue": "3,499", "Cost of Revenue": "1,632", "Gross Profit": "1,867", "Operating Expense": "12,838", "Operating Income": "-10,971", "Net Non Operating Interest Income Expense": "-177.69", "Other Income Expense": "-1,297", "Pretax Income": "-12,446", "Tax Provision": "0", "Net Income Common Stockholders": "-12,446", "Diluted NI Available to Com Stockholders": "-12,446", "Basic EPS": "-7.70", "Diluted EPS": "-7.70", "Basic Average Shares": "1,617", "Diluted Average Shares": "1,617", "Total Operating Income as Reported": "-12,271", "Total Expenses": "14,470", "Net Income from Continuing & Discontinued Operation": "-12,446", "Normalized Income": "-11,149", "Interest Income": "9.859", "Interest Expense": "187.549", "Net Interest Income": "-177.69", "EBIT": "-12,259", "EBITDA": "-", "Reconciled Cost of Revenue": "1,632", "Reconciled Depreciation": "921.379", "Net Income from Continuing Operation Net Minority Interest": "-12,446", "Total Unusual Items Excluding Goodwill": "-1,297", "Total Unusual Items": "-1,297", "Normalized EBITDA": "-10,040", "Tax Rate for Calcs": "0", "Tax Effect of Unusual Items": "0"}, "12/31/2018": {"Duration": "12/31/2018", "Total Revenue": "2,946", "Cost of Revenue": "1,848", "Gross Profit": "1,098", "Operating Expense": "14,278", "Operating Income": "-13,180", "Net Non Operating Interest Income Expense": "-185.811", "Other Income Expense": "-2.045", "Pretax Income": "-13,368", "Tax Provision": "0", "Net Income Common Stockholders": "-13,368", "Diluted NI Available to Com Stockholders": "-13,368", "Basic EPS": "-44.40", "Diluted EPS": "-44.40", "Basic Average Shares": "300.453", "Diluted Average Shares": "300.453", "Total Operating Income as Reported": "-13,180", "Total Expenses": "16,127", "Net Income from Continuing & Discontinued Operation": "-13,368", "Normalized Income": "-13,366", "Interest Income": "5.384", "Interest Expense": "191.195", "Net Interest Income": "-185.811", "EBIT": "-13,177", "EBITDA": "-", "Reconciled Cost of Revenue": "1,848", "Reconciled Depreciation": "730.884", "Net Income from Continuing Operation Net Minority Interest": "-13,368", "Total Unusual Items Excluding Goodwill": "-2.045", "Total Unusual Items": "-2.045", "Normalized EBITDA": "-12,444", "Tax Rate for Calcs": "0", "Tax Effect of Unusual Items": "0"}}, "bs": {"12/31/2020": {"Duration": "12/31/2020", "Total Assets": "49,751", "Total Liabilities Net Minority Interest": "28,560", "Total Equity Gross Minority Interest": "21,191", "Total Capitalization": "40,570", "Common Stock Equity": "21,191", "Capital Lease Obligations": "2,770", "Net Tangible Assets": "-3,414", "Working Capital": "9,516", "Invested Capital": "41,269", "Tangible Book Value": "-3,414", "Total Debt": "22,848", "Net Debt": "6,717", "Share Issued": "25,086", "Ordinary Shares Number": "25,086"}, "12/31/2019": {"Duration": "12/31/2019", "Total Assets": "10,422", "Total Liabilities Net Minority Interest": "6,128", "Total Equity Gross Minority Interest": "4,293", "Total Capitalization": "4,623", "Common Stock Equity": "4,293", "Capital Lease Obligations": "2,457", "Net Tangible Assets": "2,875", "Working Capital": "1,729", "Invested Capital": "4,996", "Tangible Book Value": "2,875", "Total Debt": "3,160", "Net Debt": "-", "Share Issued": "5,582", "Ordinary Shares Number": "5,582"}, "12/31/2018": {"Duration": "12/31/2018", "Total Assets": "8,950", "Total Liabilities Net Minority Interest": "5,642", "Total Equity Gross Minority Interest": "3,309", "Total Capitalization": "3,969", "Common Stock Equity": "3,309", "Capital Lease Obligations": "836.534", "Net Tangible Assets": "1,623", "Working Capital": "1,402", "Invested Capital": "4,368", "Tangible Book Value": "1,623", "Total Debt": "1,895", "Net Debt": "-", "Share Issued": "432.286", "Ordinary Shares Number": "432.286"}}, "cf": {"TTM": {"Duration": "TTM", "Operating Cash Flow": "-23,397", "Investing Cash Flow": "-1,064", "Financing Cash Flow": "34,087", "End Cash Position": "14,107", "Interest Paid Supplemental Data": "952.05", "Capital Expenditure": "-130.354", "Issuance of Capital Stock": "25,111", "Issuance of Debt": "1,871", "Repayment of Debt": "-1,577", "Free Cash Flow": "-23,527"}, "12/31/2020": {"Duration": "12/31/2020", "Operating Cash Flow": "-23,397", "Investing Cash Flow": "-1,064", "Financing Cash Flow": "34,087", "End Cash Position": "14,107", "Interest Paid Supplemental Data": "952.05", "Capital Expenditure": "-130.354", "Issuance of Capital Stock": "25,111", "Issuance of Debt": "1,871", "Repayment of Debt": "-1,577", "Free Cash Flow": "-23,527"}, "12/31/2019": {"Duration": "12/31/2019", "Operating Cash Flow": "-11,505", "Investing Cash Flow": "-2,503", "Financing Cash Flow": "12,168", "End Cash Position": "2,894", "Interest Paid Supplemental Data": "187.359", "Capital Expenditure": "-31.826", "Issuance of Capital Stock": "13,062", "Issuance of Debt": "470.519", "Repayment of Debt": "-1,365", "Free Cash Flow": "-11,537"}, "12/31/2018": {"Duration": "12/31/2018", "Operating Cash Flow": "-11,074", "Investing Cash Flow": "-137.327", "Financing Cash Flow": "13,845", "End Cash Position": "4,737", "Interest Paid Supplemental Data": "57.393", "Capital Expenditure": "-147.767", "Issuance of Capital Stock": "14,128", "Issuance of Debt": "381.253", "Repayment of Debt": "-664.295", "Free Cash Flow": "-11,222"}}}}, {"VRTT": {"quote": {"05/11/2021": {"value": "0.0145", "Market Cap": "6.823M", "Beta (5Y Monthly)": "9.71", "PE Ratio (TTM)": "N/A", "EPS (TTM)": "-0.4100", "Earnings Date": "N/A", "Forward Dividend & Yield": "N/A (N/A)", "Ex-Dividend Date": "N/A", "1y Target Est": "4.94"}}, "fin": {}, "bs": {}, "cf": {}}}, {"CANL": {"quote": {"05/11/2021": {"value": "0.1441", "Market Cap": "14.911M", "Beta (5Y Monthly)": "1.06", "PE Ratio (TTM)": "N/A", "EPS (TTM)": "-0.0270", "Earnings Date": "N/A", "Forward Dividend & Yield": "N/A (N/A)", "Ex-Dividend Date": "N/A", "1y Target Est": "N/A"}}, "fin": {}, "bs": {}, "cf": {}}}, {"CTSO": {"quote": {"05/11/2021": {"value": "7.89", "Market Cap": "341.789M", "Beta (5Y Monthly)": "0.27", "PE Ratio (TTM)": "N/A", "EPS (TTM)": "-0.21", "Earnings Date": "Aug 02, 2021 - Aug 06, 2021", "Forward Dividend & Yield": "N/A (N/A)", "Ex-Dividend Date": "N/A", "1y Target Est": "14.88"}}, "fin": {"TTM": {"Duration": "TTM", "Total Revenue": "41,005", "Cost of Revenue": "11,052", "Gross Profit": "29,952", "Operating Expense": "40,323", "Operating Income": "-10,370", "Net Non Operating Interest Income Expense": "-1,201", "Other Income Expense": "2,607", "Pretax Income": "-8,964", "Tax Provision": "-1,127", "Net Income Common Stockholders": "-7,837", "Diluted NI Available to Com Stockholders": "-7,837", "Basic EPS": "-", "Diluted EPS": "-", "Basic Average Shares": "-", "Diluted Average Shares": "-", "Total Operating Income as Reported": "-10,370", "Total Expenses": "51,375", "Net Income from Continuing & Discontinued Operation": "-7,837", "Normalized Income": "-10,116", "Interest Income": "-", "Interest Expense": "1,201", "Net Interest Income": "-1,201", "EBIT": "-7,763", "EBITDA": "-7,102", "Reconciled Cost of Revenue": "11,052", "Reconciled Depreciation": "660.788", "Net Income from Continuing Operation Net Minority Interest": "-7,837", "Total Unusual Items Excluding Goodwill": "2,607", "Total Unusual Items": "2,607", "Normalized EBITDA": "-9,710", "Tax Rate for Calcs": "0", "Tax Effect of Unusual Items": "328.4995"}, "12/31/2020": {"Duration": "12/31/2020", "Total Revenue": "41,005", "Cost of Revenue": "11,052", "Gross Profit": "29,952", "Operating Expense": "40,323", "Operating Income": "-10,370", "Net Non Operating Interest Income Expense": "-1,201", "Other Income Expense": "2,607", "Pretax Income": "-8,964", "Tax Provision": "-1,127", "Net Income Common Stockholders": "-7,837", "Diluted NI Available to Com Stockholders": "-7,837", "Basic EPS": "-", "Diluted EPS": "-", "Basic Average Shares": "-", "Diluted Average Shares": "-", "Total Operating Income as Reported": "-10,370", "Total Expenses": "51,375", "Net Income from Continuing & Discontinued Operation": "-7,837", "Normalized Income": "-10,116", "Interest Income": "-", "Interest Expense": "1,201", "Net Interest Income": "-1,201", "EBIT": "-7,763", "EBITDA": "-", "Reconciled Cost of Revenue": "11,052", "Reconciled Depreciation": "660.788", "Net Income from Continuing Operation Net Minority Interest": "-7,837", "Total Unusual Items Excluding Goodwill": "2,607", "Total Unusual Items": "2,607", "Normalized EBITDA": "-9,710", "Tax Rate for Calcs": "0", "Tax Effect of Unusual Items": "328.4995"}, "12/31/2019": {"Duration": "12/31/2019", "Total Revenue": "24,949", "Cost of Revenue": "7,364", "Gross Profit": "17,586", "Operating Expense": "36,560", "Operating Income": "-18,974", "Net Non Operating Interest Income Expense": "-1,034", "Other Income Expense": "-350.365", "Pretax Income": "-20,358", "Tax Provision": "-1,092", "Net Income Common Stockholders": "-19,266", "Diluted NI Available to Com Stockholders": "-19,266", "Basic EPS": "-0.60", "Diluted EPS": "-0.60", "Basic Average Shares": "32,255", "Diluted Average Shares": "32,255", "Total Operating Income as Reported": "-18,974", "Total Expenses": "43,924", "Net Income from Continuing & Discontinued Operation": "-19,266", "Normalized Income": "-18,934", "Interest Income": "-", "Interest Expense": "1,034", "Net Interest Income": "-1,034", "EBIT": "-19,324", "EBITDA": "-", "Reconciled Cost of Revenue": "7,364", "Reconciled Depreciation": "581.532", "Net Income from Continuing Operation Net Minority Interest": "-19,266", "Total Unusual Items Excluding Goodwill": "-350.365", "Total Unusual Items": "-350.365", "Normalized EBITDA": "-18,393", "Tax Rate for Calcs": "0", "Tax Effect of Unusual Items": "-18.9197"}, "12/31/2018": {"Duration": "12/31/2018", "Total Revenue": "22,504", "Cost of Revenue": "7,489", "Gross Profit": "15,015", "Operating Expense": "30,599", "Operating Income": "-15,585", "Net Non Operating Interest Income Expense": "-1,461", "Other Income Expense": "-784.752", "Pretax Income": "-17,831", "Tax Provision": "-619.546", "Net Income Common Stockholders": "-17,211", "Diluted NI Available to Com Stockholders": "-17,211", "Basic EPS": "-0.56", "Diluted EPS": "-0.56", "Basic Average Shares": "30,719", "Diluted Average Shares": "30,719", "Total Operating Income as Reported": "-15,585", "Total Expenses": "38,089", "Net Income from Continuing & Discontinued Operation": "-17,211", "Normalized Income": "-16,452", "Interest Income": "-", "Interest Expense": "1,461", "Net Interest Income": "-1,461", "EBIT": "-16,370", "EBITDA": "-", "Reconciled Cost of Revenue": "7,489", "Reconciled Depreciation": "390.551", "Net Income from Continuing Operation Net Minority Interest": "-17,211", "Total Unusual Items Excluding Goodwill": "-784.752", "Total Unusual Items": "-784.752", "Normalized EBITDA": "-15,194", "Tax Rate for Calcs": "0", "Tax Effect of Unusual Items": "-25.1121"}}, "bs": {"12/31/2020": {"Duration": "12/31/2020", "Total Assets": "89,950", "Total Liabilities Net Minority Interest": "10,735", "Total Equity Gross Minority Interest": "79,216", "Total Capitalization": "79,216", "Common Stock Equity": "79,216", "Capital Lease Obligations": "1,029", "Net Tangible Assets": "74,993", "Working Capital": "72,300", "Invested Capital": "79,216", "Tangible Book Value": "74,993", "Total Debt": "1,029", "Net Debt": "-", "Share Issued": "43,222", "Ordinary Shares Number": "43,222"}, "12/31/2019": {"Duration": "12/31/2019", "Total Assets": "27,383", "Total Liabilities Net Minority Interest": "23,964", "Total Equity Gross Minority Interest": "3,418", "Total Capitalization": "16,804", "Common Stock Equity": "3,418", "Capital Lease Obligations": "1,071", "Net Tangible Assets": "56.63", "Working Capital": "10,965", "Invested Capital": "18,470", "Tangible Book Value": "56.63", "Total Debt": "16,123", "Net Debt": "2,820", "Share Issued": "32,616", "Ordinary Shares Number": "32,616"}, "12/31/2018": {"Duration": "12/31/2018", "Total Assets": "32,747", "Total Liabilities Net Minority Interest": "15,813", "Total Equity Gross Minority Interest": "16,935", "Total Capitalization": "26,209", "Common Stock Equity": "16,935", "Capital Lease Obligations": "-", "Net Tangible Assets": "14,309", "Working Capital": "21,726", "Invested Capital": "26,876", "Tangible Book Value": "14,309", "Total Debt": "9,941", "Net Debt": "-", "Share Issued": "31,774", "Ordinary Shares Number": "31,774"}}, "cf": {"TTM": {"Duration": "TTM", "Operating Cash Flow": "-5,613", "Investing Cash Flow": "-1,676", "Financing Cash Flow": "66,348", "End Cash Position": "71,422", "Interest Paid Supplemental Data": "1,128", "Capital Expenditure": "-1,676", "Issuance of Capital Stock": "80,214", "Issuance of Debt": "1,411", "Repayment of Debt": "-16,411", "Free Cash Flow": "-7,290"}, "12/31/2020": {"Duration": "12/31/2020", "Operating Cash Flow": "-5,613", "Investing Cash Flow": "-1,676", "Financing Cash Flow": "66,348", "End Cash Position": "71,422", "Interest Paid Supplemental Data": "1,128", "Capital Expenditure": "-1,676", "Issuance of Capital Stock": "80,214", "Issuance of Debt": "1,411", "Repayment of Debt": "-16,411", "Free Cash Flow": "-7,290"}, "12/31/2019": {"Duration": "12/31/2019", "Operating Cash Flow": "-16,759", "Investing Cash Flow": "-1,520", "Financing Cash Flow": "8,178", "End Cash Position": "12,232", "Interest Paid Supplemental Data": "1,060", "Capital Expenditure": "-1,520", "Issuance of Capital Stock": "673.653", "Issuance of Debt": "5,000", "Repayment of Debt": "0", "Free Cash Flow": "-18,279"}, "12/31/2018": {"Duration": "12/31/2018", "Operating Cash Flow": "-10,840", "Investing Cash Flow": "-1,520", "Financing Cash Flow": "17,466", "End Cash Position": "22,369", "Interest Paid Supplemental Data": "891.386", "Capital Expenditure": "-1,520", "Issuance of Capital Stock": "14,127", "Issuance of Debt": "666.667", "Repayment of Debt": "-666.667", "Free Cash Flow": "-12,360"}}}}, {"MMTC": {"quote": {"05/11/2021": {"value": "0.5500", "Market Cap": "4.507M", "Beta (5Y Monthly)": "-0.53", "PE Ratio (TTM)": "N/A", "EPS (TTM)": "-0.1520", "Earnings Date": "N/A", "Forward Dividend & Yield": "N/A (N/A)", "Ex-Dividend Date": "N/A", "1y Target Est": "N/A"}}, "fin": {}, "bs": {}, "cf": {}}}, {"INIS": {"quote": {"05/11/2021": {"value": "0.1140", "Market Cap": "52.535M", "Beta (5Y Monthly)": "-0.33", "PE Ratio (TTM)": "22.80", "EPS (TTM)": "0.0050", "Earnings Date": "Nov 17, 2020", "Forward Dividend & Yield": "N/A (N/A)", "Ex-Dividend Date": "N/A", "1y Target Est": "0.12"}}, "fin": {"TTM": {"Duration": "TTM", "Total Revenue": "9,365", "Cost of Revenue": "3,905", "Gross Profit": "5,460", "Operating Expense": "5,876", "Operating Income": "-415.673", "Net Non Operating Interest Income Expense": "-778.645", "Other Income Expense": "3,637", "Pretax Income": "2,443", "Net Income Common Stockholders": "2,203", "Diluted NI Available to Com Stockholders": "2,203", "Basic EPS": "-", "Diluted EPS": "-", "Basic Average Shares": "-", "Diluted Average Shares": "-", "Total Operating Income as Reported": "-415.673", "Total Expenses": "9,781", "Net Income from Continuing & Discontinued Operation": "2,203", "Normalized Income": "2,203", "Interest Income": "3.192", "Interest Expense": "781.837", "Net Interest Income": "-778.645", "EBIT": "3,225", "EBITDA": "3,556", "Reconciled Cost of Revenue": "3,905", "Reconciled Depreciation": "331.393", "Net Income from Continuing Operation Net Minority Interest": "2,203", "Total Unusual Items Excluding Goodwill": "-", "Total Unusual Items": "-", "Normalized EBITDA": "3,556", "Tax Rate for Calcs": "0", "Tax Effect of Unusual Items": "0"}, "12/31/2020": {"Duration": "12/31/2020", "Total Revenue": "9,365", "Cost of Revenue": "3,905", "Gross Profit": "5,460", "Operating Expense": "5,876", "Operating Income": "-415.673", "Net Non Operating Interest Income Expense": "-778.645", "Other Income Expense": "3,637", "Pretax Income": "2,443", "Net Income Common Stockholders": "2,203", "Diluted NI Available to Com Stockholders": "2,203", "Basic EPS": "-", "Diluted EPS": "-", "Basic Average Shares": "-", "Diluted Average Shares": "-", "Total Operating Income as Reported": "-415.673", "Total Expenses": "9,781", "Net Income from Continuing & Discontinued Operation": "2,203", "Normalized Income": "2,203", "Interest Income": "3.192", "Interest Expense": "781.837", "Net Interest Income": "-778.645", "EBIT": "3,225", "EBITDA": "-", "Reconciled Cost of Revenue": "3,905", "Reconciled Depreciation": "331.393", "Net Income from Continuing Operation Net Minority Interest": "2,203", "Total Unusual Items Excluding Goodwill": "-", "Total Unusual Items": "-", "Normalized EBITDA": "3,556", "Tax Rate for Calcs": "0", "Tax Effect of Unusual Items": "0"}, "12/31/2019": {"Duration": "12/31/2019", "Total Revenue": "8,955", "Cost of Revenue": "4,289", "Gross Profit": "4,666", "Operating Expense": "5,224", "Operating Income": "-558.297", "Net Non Operating Interest Income Expense": "-528.184", "Other Income Expense": "-114.509", "Pretax Income": "-1,201", "Net Income Common Stockholders": "-1,523", "Diluted NI Available to Com Stockholders": "-1,523", "Basic EPS": "-0.00", "Diluted EPS": "-0.00", "Basic Average Shares": "418,077", "Diluted Average Shares": "418,077", "Total Operating Income as Reported": "-558.297", "Total Expenses": "9,514", "Net Income from Continuing & Discontinued Operation": "-1,523", "Normalized Income": "-1,523", "Interest Income": "13.09", "Interest Expense": "541.274", "Net Interest Income": "-528.184", "EBIT": "-659.716", "EBITDA": "-", "Reconciled Cost of Revenue": "4,289", "Reconciled Depreciation": "268.033", "Net Income from Continuing Operation Net Minority Interest": "-1,523", "Total Unusual Items Excluding Goodwill": "-", "Total Unusual Items": "-", "Normalized EBITDA": "-391.683", "Tax Rate for Calcs": "0", "Tax Effect of Unusual Items": "0"}, "12/31/2018": {"Duration": "12/31/2018", "Total Revenue": "10,369", "Cost of Revenue": "5,679", "Gross Profit": "4,690", "Operating Expense": "4,980", "Operating Income": "-290.064", "Net Non Operating Interest Income Expense": "-460.678", "Other Income Expense": "86.796", "Pretax Income": "-663.946", "Net Income Common Stockholders": "-844.576", "Diluted NI Available to Com Stockholders": "-844.576", "Basic EPS": "-0.00", "Diluted EPS": "-0.00", "Basic Average Shares": "411,072", "Diluted Average Shares": "411,072", "Total Operating Income as Reported": "-290.064", "Total Expenses": "10,659", "Net Income from Continuing & Discontinued Operation": "-844.576", "Normalized Income": "-844.576", "Interest Income": "9.428", "Interest Expense": "470.106", "Net Interest Income": "-460.678", "EBIT": "-193.84", "EBITDA": "-", "Reconciled Cost of Revenue": "5,679", "Reconciled Depreciation": "267.719", "Net Income from Continuing Operation Net Minority Interest": "-844.576", "Total Unusual Items Excluding Goodwill": "-", "Total Unusual Items": "-", "Normalized EBITDA": "73.879", "Tax Rate for Calcs": "0", "Tax Effect of Unusual Items": "0"}}, "bs": {"12/31/2020": {"Duration": "12/31/2020", "Total Assets": "17,097", "Total Liabilities Net Minority Interest": "14,209", "Total Equity Gross Minority Interest": "2,887", "Total Capitalization": "1,118", "Common Stock Equity": "573.546", "Capital Lease Obligations": "2,596", "Net Tangible Assets": "-4,836", "Working Capital": "-1,668", "Invested Capital": "2,206", "Tangible Book Value": "-4,836", "Total Debt": "4,228", "Net Debt": "519.118", "Share Issued": "424,344", "Ordinary Shares Number": "424,344"}, "12/31/2019": {"Duration": "12/31/2019", "Total Assets": "15,257", "Total Liabilities Net Minority Interest": "15,369", "Total Equity Gross Minority Interest": "-112.15", "Total Capitalization": "-956.649", "Common Stock Equity": "-2,186", "Capital Lease Obligations": "723.22", "Net Tangible Assets": "-7,761", "Working Capital": "-1,869", "Invested Capital": "562.847", "Tangible Book Value": "-7,761", "Total Debt": "3,472", "Net Debt": "2,173", "Share Issued": "419,842", "Ordinary Shares Number": "419,842"}, "12/31/2018": {"Duration": "12/31/2018", "Total Assets": "12,990", "Total Liabilities Net Minority Interest": "12,836", "Total Equity Gross Minority Interest": "154.134", "Total Capitalization": "-1,137", "Common Stock Equity": "-1,604", "Capital Lease Obligations": "-", "Net Tangible Assets": "-7,336", "Working Capital": "-2,467", "Invested Capital": "-948.643", "Tangible Book Value": "-7,336", "Total Debt": "655.098", "Net Debt": "-", "Share Issued": "413,168", "Ordinary Shares Number": "413,168"}}, "cf": {"TTM": {"Duration": "TTM", "Operating Cash Flow": "1,150", "Investing Cash Flow": "28.256", "Financing Cash Flow": "-637.109", "End Cash Position": "1,752", "Interest Paid Supplemental Data": "71.091", "Capital Expenditure": "-7.744", "Issuance of Capital Stock": "16.475", "Issuance of Debt": "871.1", "Repayment of Debt": "-1,525", "Free Cash Flow": "1,142"}, "12/31/2020": {"Duration": "12/31/2020", "Operating Cash Flow": "1,150", "Investing Cash Flow": "28.256", "Financing Cash Flow": "-637.109", "End Cash Position": "1,752", "Interest Paid Supplemental Data": "71.091", "Capital Expenditure": "-7.744", "Issuance of Capital Stock": "16.475", "Issuance of Debt": "871.1", "Repayment of Debt": "-1,525", "Free Cash Flow": "1,142"}, "12/31/2019": {"Duration": "12/31/2019", "Operating Cash Flow": "-53.557", "Investing Cash Flow": "-206.402", "Financing Cash Flow": "20.412", "End Cash Position": "1,211", "Interest Paid Supplemental Data": "139.828", "Capital Expenditure": "-208.102", "Issuance of Capital Stock": "90.913", "Issuance of Debt": "675", "Repayment of Debt": "-739.301", "Free Cash Flow": "-261.659"}, "12/31/2018": {"Duration": "12/31/2018", "Operating Cash Flow": "97.159", "Investing Cash Flow": "-86.32", "Financing Cash Flow": "189.26", "End Cash Position": "1,450", "Interest Paid Supplemental Data": "55.359", "Capital Expenditure": "-86.32", "Issuance of Capital Stock": "76.697", "Issuance of Debt": "120", "Repayment of Debt": "-7.437", "Free Cash Flow": "10.839"}}}}, {"CBAI": {"fin": {}, "bs": {}, "cf": {}}}, {"BEAT": {"fin": {}, "bs": {}, "cf": {}}}, {"TEAR": {"fin": {}, "bs": {}, "cf": {}}}, {"CBIS": {"fin": {}, "bs": {}, "cf": {}}}, {"PSID": {"fin": {}, "bs": {}, "cf": {}}}, {"GHDX": {"fin": {}, "bs": {}, "cf": {}}}, {"TROV": {"fin": {}, "bs": {}, "cf": {}}}]