[{"BDX": {"quote": {"03/28/2021": {"value": "245.12", "Market Cap": "71.222B", "Beta (5Y Monthly)": "0.77", "PE Ratio (TTM)": "46.64", "EPS (TTM)": "5.26", "Earnings Date": "May 05, 2021 - May 10, 2021", "Forward Dividend & Yield": "3.32 (1.35%)", "Ex-Dividend Date": "Mar 09, 2021", "1y Target Est": "281.57"}}, "fin": {"TTM": {"Duration": "TTM", "Total Revenue": "18,207,000", "Cost of Revenue": "9,876,000", "Gross Profit": "8,331,000", "Operating Expense": "5,826,000", "Operating Income": "2,505,000", "Net Non Operating Interest Income Expense": "-502,000", "Other Income Expense": "-251,000", "Pretax Income": "1,748,000", "Tax Provision": "148,000", "Net Income Common Stockholders": "1,507,000", "Diluted NI Available to Com Stockholders": "1,507,000", "Basic EPS": "-", "Diluted EPS": "-", "Basic Average Shares": "-", "Diluted Average Shares": "-", "Total Operating Income as Reported": "2,224,000", "Total Expenses": "15,702,000", "Net Income from Continuing & Discontinued Operation": "1,599,000", "Normalized Income": "1,856,208", "Interest Income": "8,000", "Interest Expense": "510,000", "Net Interest Income": "-502,000", "EBIT": "2,258,000", "EBITDA": "4,437,000", "Reconciled Cost of Revenue": "9,876,000", "Reconciled Depreciation": "2,179,000", "Net Income from Continuing Operation Net Minority Interest": "1,599,000", "Total Unusual Items Excluding Goodwill": "-281,000", "Total Unusual Items": "-281,000", "Normalized EBITDA": "4,718,000", "Tax Rate for Calcs": "0", "Tax Effect of Unusual Items": "-23,792"}, "9/30/2020": {"Duration": "9/30/2020", "Total Revenue": "17,117,000", "Cost of Revenue": "9,540,000", "Gross Profit": "7,577,000", "Operating Expense": "5,777,000", "Operating Income": "1,800,000", "Net Non Operating Interest Income Expense": "-521,000", "Other Income Expense": "-292,000", "Pretax Income": "985,000", "Tax Provision": "111,000", "Net Income Common Stockholders": "767,000", "Diluted NI Available to Com Stockholders": "767,000", "Basic EPS": "2.75", "Diluted EPS": "2.71", "Basic Average Shares": "278,971", "Diluted Average Shares": "282,402", "Total Operating Income as Reported": "1,484,000", "Total Expenses": "15,317,000", "Net Income from Continuing & Discontinued Operation": "874,000", "Normalized Income": "1,158,727", "Interest Income": "7,000", "Interest Expense": "528,000", "Net Interest Income": "-521,000", "EBIT": "1,513,000", "EBITDA": "-", "Reconciled Cost of Revenue": "9,540,000", "Reconciled Depreciation": "2,154,000", "Net Income from Continuing Operation Net Minority Interest": "874,000", "Total Unusual Items Excluding Goodwill": "-321,000", "Total Unusual Items": "-321,000", "Normalized EBITDA": "3,988,000", "Tax Rate for Calcs": "0", "Tax Effect of Unusual Items": "-36,273"}, "9/30/2019": {"Duration": "9/30/2019", "Total Revenue": "17,290,000", "Cost of Revenue": "9,002,000", "Gross Profit": "8,288,000", "Operating Expense": "6,050,000", "Operating Income": "2,238,000", "Net Non Operating Interest Income Expense": "-627,000", "Other Income Expense": "-435,000", "Pretax Income": "1,176,000", "Tax Provision": "-57,000", "Net Income Common Stockholders": "1,082,000", "Diluted NI Available to Com Stockholders": "1,082,000", "Basic EPS": "3.96", "Diluted EPS": "3.89", "Basic Average Shares": "269,943", "Diluted Average Shares": "274,775", "Total Operating Income as Reported": "1,760,000", "Total Expenses": "15,052,000", "Net Income from Continuing & Discontinued Operation": "1,233,000", "Normalized Income": "1,600,190", "Interest Income": "12,000", "Interest Expense": "639,000", "Net Interest Income": "-627,000", "EBIT": "1,815,000", "EBITDA": "-", "Reconciled Cost of Revenue": "9,002,000", "Reconciled Depreciation": "2,253,000", "Net Income from Continuing Operation Net Minority Interest": "1,233,000", "Total Unusual Items Excluding Goodwill": "-503,000", "Total Unusual Items": "-503,000", "Normalized EBITDA": "4,571,000", "Tax Rate for Calcs": "0", "Tax Effect of Unusual Items": "-135,810"}, "9/30/2018": {"Duration": "9/30/2018", "Total Revenue": "15,983,000", "Cost of Revenue": "8,721,000", "Gross Profit": "7,262,000", "Operating Expense": "5,021,000", "Operating Income": "2,241,000", "Net Non Operating Interest Income Expense": "-641,000", "Other Income Expense": "-427,000", "Pretax Income": "1,173,000", "Tax Provision": "862,000", "Net Income Common Stockholders": "159,000", "Diluted NI Available to Com Stockholders": "159,000", "Basic EPS": "0.62", "Diluted EPS": "0.60", "Basic Average Shares": "258,354", "Diluted Average Shares": "264,621", "Total Operating Income as Reported": "1,497,000", "Total Expenses": "13,742,000", "Net Income from Continuing & Discontinued Operation": "311,000", "Normalized Income": "876,020", "Interest Income": "65,000", "Interest Expense": "706,000", "Net Interest Income": "-641,000", "EBIT": "1,879,000", "EBITDA": "-", "Reconciled Cost of Revenue": "8,721,000", "Reconciled Depreciation": "1,978,000", "Net Income from Continuing Operation Net Minority Interest": "311,000", "Total Unusual Items Excluding Goodwill": "-774,000", "Total Unusual Items": "-774,000", "Normalized EBITDA": "4,631,000", "Tax Rate for Calcs": "0", "Tax Effect of Unusual Items": "-208,980"}}, "bs": {"9/30/2020": {"Duration": "9/30/2020", "Total Assets": "54,012,000", "Total Liabilities Net Minority Interest": "30,247,000", "Total Equity Gross Minority Interest": "23,765,000", "Total Capitalization": "40,989,000", "Preferred Stock Equity": "2,000", "Common Stock Equity": "23,763,000", "Net Tangible Assets": "-13,668,000", "Working Capital": "3,133,000", "Invested Capital": "41,693,000", "Tangible Book Value": "-13,670,000", "Total Debt": "17,930,000", "Net Debt": "15,105,000", "Share Issued": "364,640", "Ordinary Shares Number": "290,017", "Treasury Shares Number": "74,623"}, "9/30/2019": {"Duration": "9/30/2019", "Total Assets": "51,765,000", "Total Liabilities Net Minority Interest": "30,683,000", "Total Equity Gross Minority Interest": "21,082,000", "Total Capitalization": "39,163,000", "Preferred Stock Equity": "2,000", "Common Stock Equity": "21,080,000", "Net Tangible Assets": "-17,271,000", "Working Capital": "1,009,000", "Invested Capital": "40,470,000", "Tangible Book Value": "-17,273,000", "Total Debt": "19,390,000", "Net Debt": "18,854,000", "Share Issued": "346,687", "Ordinary Shares Number": "270,427", "Treasury Shares Number": "76,260"}, "9/30/2018": {"Duration": "9/30/2018", "Total Assets": "53,904,000", "Total Liabilities Net Minority Interest": "32,910,000", "Total Equity Gross Minority Interest": "20,994,000", "Total Capitalization": "39,888,000", "Preferred Stock Equity": "2,000", "Common Stock Equity": "20,992,000", "Net Tangible Assets": "-19,047,000", "Working Capital": "195,000", "Invested Capital": "42,487,000", "Tangible Book Value": "-19,049,000", "Total Debt": "21,495,000", "Net Debt": "20,355,000", "Share Issued": "346,687", "Ordinary Shares Number": "268,224", "Treasury Shares Number": "78,463"}}, "cf": {"TTM": {"Duration": "TTM", "Operating Cash Flow": "4,359,000", "Investing Cash Flow": "-1,375,000", "Financing Cash Flow": "-157,000", "End Cash Position": "3,438,000", "Capital Expenditure": "-883,000", "Issuance of Capital Stock": "-", "Issuance of Debt": "-", "Repayment of Debt": "-4,628,000", "Repurchase of Capital Stock": "-", "Free Cash Flow": "3,476,000"}, "9/30/2020": {"Duration": "9/30/2020", "Operating Cash Flow": "3,539,000", "Investing Cash Flow": "-1,232,000", "Financing Cash Flow": "22,000", "End Cash Position": "2,917,000", "Capital Expenditure": "-810,000", "Issuance of Capital Stock": "2,917,000", "Issuance of Debt": "2,904,000", "Repayment of Debt": "-4,664,000", "Repurchase of Capital Stock": "-", "Free Cash Flow": "2,729,000"}, "9/30/2019": {"Duration": "9/30/2019", "Operating Cash Flow": "3,328,000", "Investing Cash Flow": "-741,000", "Financing Cash Flow": "-3,223,000", "End Cash Position": "590,000", "Capital Expenditure": "-957,000", "Issuance of Capital Stock": "485,000", "Issuance of Debt": "2,224,000", "Repayment of Debt": "-4,744,000", "Repurchase of Capital Stock": "0", "Free Cash Flow": "2,371,000"}, "9/30/2018": {"Duration": "9/30/2018", "Operating Cash Flow": "2,865,000", "Investing Cash Flow": "-15,829,000", "Financing Cash Flow": "-58,000", "End Cash Position": "1,140,000", "Capital Expenditure": "-895,000", "Issuance of Capital Stock": "-", "Issuance of Debt": "5,086,000", "Repayment of Debt": "-3,996,000", "Repurchase of Capital Stock": "-", "Free Cash Flow": "1,970,000"}}}}, {"ATRS": {"quote": {"03/28/2021": {"value": "4.0400", "Market Cap": "679.37M", "Beta (5Y Monthly)": "1.41", "PE Ratio (TTM)": "12.24", "EPS (TTM)": "0.3300", "Earnings Date": "Mar 02, 2021", "Forward Dividend & Yield": "N/A (N/A)", "Ex-Dividend Date": "N/A", "1y Target Est": "6.42"}}, "fin": {"TTM": {"Duration": "TTM", "Total Revenue": "149,599", "Cost of Revenue": "63,100", "Gross Profit": "86,499", "Operating Expense": "72,880", "Operating Income": "13,619", "Net Non Operating Interest Income Expense": "-3,787", "Other Income Expense": "89", "Pretax Income": "9,921", "Tax Provision": "-46,280", "Net Income Common Stockholders": "56,201", "Diluted NI Available to Com Stockholders": "56,201", "Basic EPS": "-", "Diluted EPS": "-", "Basic Average Shares": "-", "Diluted Average Shares": "-", "Total Operating Income as Reported": "13,619", "Total Expenses": "135,980", "Net Income from Continuing & Discontinued Operation": "56,201", "Normalized Income": "56,201", "Interest Expense": "3,787", "Net Interest Income": "-3,787", "EBIT": "13,708", "EBITDA": "16,335", "Reconciled Cost of Revenue": "63,100", "Reconciled Depreciation": "2,627", "Net Income from Continuing Operation Net Minority Interest": "56,201", "Total Unusual Items Excluding Goodwill": "0", "Total Unusual Items": "0", "Normalized EBITDA": "16,335", "Tax Rate for Calcs": "0", "Tax Effect of Unusual Items": "0"}, "12/31/2020": {"Duration": "12/31/2020", "Total Revenue": "149,599", "Cost of Revenue": "63,100", "Gross Profit": "86,499", "Operating Expense": "72,880", "Operating Income": "13,619", "Net Non Operating Interest Income Expense": "-3,787", "Other Income Expense": "89", "Pretax Income": "9,921", "Tax Provision": "-46,280", "Net Income Common Stockholders": "56,201", "Diluted NI Available to Com Stockholders": "56,201", "Basic EPS": "-", "Diluted EPS": "-", "Basic Average Shares": "-", "Diluted Average Shares": "-", "Total Operating Income as Reported": "13,619", "Total Expenses": "135,980", "Net Income from Continuing & Discontinued Operation": "56,201", "Normalized Income": "56,201", "Interest Expense": "3,787", "Net Interest Income": "-3,787", "EBIT": "13,708", "EBITDA": "-", "Reconciled Cost of Revenue": "63,100", "Reconciled Depreciation": "2,627", "Net Income from Continuing Operation Net Minority Interest": "56,201", "Total Unusual Items Excluding Goodwill": "0", "Total Unusual Items": "0", "Normalized EBITDA": "16,335", "Tax Rate for Calcs": "0", "Tax Effect of Unusual Items": "0"}, "12/31/2019": {"Duration": "12/31/2019", "Total Revenue": "123,864", "Cost of Revenue": "50,475", "Gross Profit": "73,389", "Operating Expense": "72,397", "Operating Income": "992", "Net Non Operating Interest Income Expense": "-3,549", "Other Income Expense": "530", "Pretax Income": "-2,027", "Tax Provision": "0", "Net Income Common Stockholders": "-2,027", "Diluted NI Available to Com Stockholders": "-2,027", "Basic EPS": "-0.01", "Diluted EPS": "-0.01", "Basic Average Shares": "202,700", "Diluted Average Shares": "202,700", "Total Operating Income as Reported": "992", "Total Expenses": "122,872", "Net Income from Continuing & Discontinued Operation": "-2,027", "Normalized Income": "-2,027", "Interest Expense": "3,549", "Net Interest Income": "-3,549", "EBIT": "1,522", "EBITDA": "-", "Reconciled Cost of Revenue": "50,475", "Reconciled Depreciation": "2,557", "Net Income from Continuing Operation Net Minority Interest": "-2,027", "Total Unusual Items Excluding Goodwill": "0", "Total Unusual Items": "0", "Normalized EBITDA": "4,079", "Tax Rate for Calcs": "0", "Tax Effect of Unusual Items": "0"}, "12/31/2018": {"Duration": "12/31/2018", "Total Revenue": "63,554", "Cost of Revenue": "31,065", "Gross Profit": "32,489", "Operating Expense": "49,090", "Operating Income": "-16,601", "Net Non Operating Interest Income Expense": "-2,675", "Other Income Expense": "12,761", "Pretax Income": "-6,515", "Tax Provision": "0", "Net Income Common Stockholders": "-6,515", "Diluted NI Available to Com Stockholders": "-6,515", "Basic EPS": "-0.04", "Diluted EPS": "-0.04", "Basic Average Shares": "162,875", "Diluted Average Shares": "162,875", "Total Operating Income as Reported": "-4,101", "Total Expenses": "80,155", "Net Income from Continuing & Discontinued Operation": "-6,515", "Normalized Income": "-19,015", "Interest Expense": "2,675", "Net Interest Income": "-2,675", "EBIT": "-3,840", "EBITDA": "-", "Reconciled Cost of Revenue": "31,065", "Reconciled Depreciation": "2,724", "Net Income from Continuing Operation Net Minority Interest": "-6,515", "Total Unusual Items Excluding Goodwill": "12,500", "Total Unusual Items": "12,500", "Normalized EBITDA": "-13,616", "Tax Rate for Calcs": "0", "Tax Effect of Unusual Items": "0"}}, "bs": {"12/31/2020": {"Duration": "12/31/2020", "Total Assets": "212,531", "Total Liabilities Net Minority Interest": "93,416", "Total Equity Gross Minority Interest": "119,115", "Total Capitalization": "143,784", "Common Stock Equity": "119,115", "Capital Lease Obligations": "6,019", "Net Tangible Assets": "110,327", "Working Capital": "63,386", "Invested Capital": "160,014", "Tangible Book Value": "110,327", "Total Debt": "46,918", "Net Debt": "40,899", "Share Issued": "166,836", "Ordinary Shares Number": "166,836"}, "12/31/2019": {"Duration": "12/31/2019", "Total Assets": "132,751", "Total Liabilities Net Minority Interest": "78,251", "Total Equity Gross Minority Interest": "54,500", "Total Capitalization": "94,895", "Common Stock Equity": "54,500", "Capital Lease Obligations": "6,690", "Net Tangible Assets": "52,927", "Working Capital": "76,031", "Invested Capital": "94,895", "Tangible Book Value": "52,927", "Total Debt": "47,085", "Net Debt": "17,194", "Share Issued": "165,221", "Ordinary Shares Number": "165,221"}, "12/31/2018": {"Duration": "12/31/2018", "Total Assets": "88,277", "Total Liabilities Net Minority Interest": "49,276", "Total Equity Gross Minority Interest": "39,001", "Total Capitalization": "61,084", "Common Stock Equity": "39,001", "Capital Lease Obligations": "-", "Net Tangible Assets": "37,075", "Working Capital": "44,115", "Invested Capital": "64,127", "Tangible Book Value": "37,075", "Total Debt": "25,126", "Net Debt": "25,126", "Share Issued": "159,721", "Ordinary Shares Number": "159,721"}}, "cf": {"TTM": {"Duration": "TTM", "Operating Cash Flow": "21,320", "Investing Cash Flow": "8,167", "Financing Cash Flow": "447", "End Cash Position": "53,137", "Interest Paid Supplemental Data": "3,538", "Capital Expenditure": "-14,615", "Issuance of Capital Stock": "0", "Issuance of Debt": "0", "Free Cash Flow": "6,705"}, "12/31/2020": {"Duration": "12/31/2020", "Operating Cash Flow": "21,320", "Investing Cash Flow": "8,167", "Financing Cash Flow": "447", "End Cash Position": "53,137", "Interest Paid Supplemental Data": "3,538", "Capital Expenditure": "-14,615", "Issuance of Capital Stock": "0", "Issuance of Debt": "0", "Free Cash Flow": "6,705"}, "12/31/2019": {"Duration": "12/31/2019", "Operating Cash Flow": "-10,615", "Investing Cash Flow": "-19,995", "Financing Cash Flow": "25,919", "End Cash Position": "23,201", "Interest Paid Supplemental Data": "3,025", "Capital Expenditure": "-2,350", "Issuance of Capital Stock": "7,781", "Issuance of Debt": "15,000", "Free Cash Flow": "-12,965"}, "12/31/2018": {"Duration": "12/31/2018", "Operating Cash Flow": "-17,322", "Investing Cash Flow": "11,606", "Financing Cash Flow": "7,045", "End Cash Position": "27,892", "Interest Paid Supplemental Data": "-", "Capital Expenditure": "-894", "Issuance of Capital Stock": "7,114", "Issuance of Debt": "0", "Free Cash Flow": "-18,216"}}}}, {"ATRC": {"quote": {"03/28/2021": {"value": "63.40", "Market Cap": "2.889B", "Beta (5Y Monthly)": "1.02", "PE Ratio (TTM)": "N/A", "EPS (TTM)": "-1.14", "Earnings Date": "Apr 27, 2021 - May 03, 2021", "Forward Dividend & Yield": "N/A (N/A)", "Ex-Dividend Date": "N/A", "1y Target Est": "70.14"}}, "fin": {"TTM": {"Duration": "TTM", "Total Revenue": "206,531", "Cost of Revenue": "57,222", "Gross Profit": "149,309", "Operating Expense": "193,542", "Operating Income": "-44,233", "Net Non Operating Interest Income Expense": "-3,784", "Other Income Expense": "-24", "Pretax Income": "-48,041", "Tax Provision": "114", "Net Income Common Stockholders": "-48,155", "Diluted NI Available to Com Stockholders": "-48,155", "Basic EPS": "-", "Diluted EPS": "-", "Basic Average Shares": "-", "Diluted Average Shares": "-", "Total Operating Income as Reported": "-44,233", "Total Expenses": "250,764", "Net Income from Continuing & Discontinued Operation": "-48,155", "Normalized Income": "-48,155", "Interest Income": "1,101", "Interest Expense": "4,885", "Net Interest Income": "-3,784", "EBIT": "-43,156", "EBITDA": "-33,608", "Reconciled Cost of Revenue": "57,222", "Reconciled Depreciation": "9,548", "Net Income from Continuing Operation Net Minority Interest": "-48,155", "Normalized EBITDA": "-33,608", "Tax Rate for Calcs": "0", "Tax Effect of Unusual Items": "0"}, "12/31/2020": {"Duration": "12/31/2020", "Total Revenue": "206,531", "Cost of Revenue": "57,222", "Gross Profit": "149,309", "Operating Expense": "193,542", "Operating Income": "-44,233", "Net Non Operating Interest Income Expense": "-3,784", "Other Income Expense": "-24", "Pretax Income": "-48,041", "Tax Provision": "114", "Net Income Common Stockholders": "-48,155", "Diluted NI Available to Com Stockholders": "-48,155", "Basic EPS": "-", "Diluted EPS": "-", "Basic Average Shares": "-", "Diluted Average Shares": "-", "Total Operating Income as Reported": "-44,233", "Total Expenses": "250,764", "Net Income from Continuing & Discontinued Operation": "-48,155", "Normalized Income": "-48,155", "Interest Income": "1,101", "Interest Expense": "4,885", "Net Interest Income": "-3,784", "EBIT": "-43,156", "EBITDA": "-", "Reconciled Cost of Revenue": "57,222", "Reconciled Depreciation": "9,548", "Net Income from Continuing Operation Net Minority Interest": "-48,155", "Normalized EBITDA": "-33,608", "Tax Rate for Calcs": "0", "Tax Effect of Unusual Items": "0"}, "12/31/2019": {"Duration": "12/31/2019", "Total Revenue": "230,807", "Cost of Revenue": "60,472", "Gross Profit": "170,335", "Operating Expense": "203,457", "Operating Income": "-33,122", "Net Non Operating Interest Income Expense": "-1,713", "Other Income Expense": "-160", "Pretax Income": "-34,995", "Tax Provision": "199", "Net Income Common Stockholders": "-35,194", "Diluted NI Available to Com Stockholders": "-35,194", "Basic EPS": "-0.94", "Diluted EPS": "-0.94", "Basic Average Shares": "37,589", "Diluted Average Shares": "37,589", "Total Operating Income as Reported": "-33,122", "Total Expenses": "263,929", "Net Income from Continuing & Discontinued Operation": "-35,194", "Normalized Income": "-35,194", "Interest Income": "2,398", "Interest Expense": "4,111", "Net Interest Income": "-1,713", "EBIT": "-30,884", "EBITDA": "-", "Reconciled Cost of Revenue": "60,472", "Reconciled Depreciation": "9,366", "Net Income from Continuing Operation Net Minority Interest": "-35,194", "Normalized EBITDA": "-21,518", "Tax Rate for Calcs": "0", "Tax Effect of Unusual Items": "0"}, "12/31/2018": {"Duration": "12/31/2018", "Total Revenue": "201,630", "Cost of Revenue": "54,510", "Gross Profit": "147,120", "Operating Expense": "164,247", "Operating Income": "-17,127", "Net Non Operating Interest Income Expense": "-3,601", "Other Income Expense": "-183", "Pretax Income": "-20,911", "Tax Provision": "226", "Net Income Common Stockholders": "-21,137", "Diluted NI Available to Com Stockholders": "-21,137", "Basic EPS": "-0.62", "Diluted EPS": "-0.62", "Basic Average Shares": "34,087", "Diluted Average Shares": "34,087", "Total Operating Income as Reported": "-17,127", "Total Expenses": "218,757", "Net Income from Continuing & Discontinued Operation": "-21,137", "Normalized Income": "-21,137", "Interest Income": "1,006", "Interest Expense": "4,607", "Net Interest Income": "-3,601", "EBIT": "-16,304", "EBITDA": "-", "Reconciled Cost of Revenue": "54,510", "Reconciled Depreciation": "8,754", "Net Income from Continuing Operation Net Minority Interest": "-21,137", "Normalized EBITDA": "-7,550", "Tax Rate for Calcs": "0", "Tax Effect of Unusual Items": "0"}}, "bs": {"12/31/2020": {"Duration": "12/31/2020", "Total Assets": "714,539", "Total Liabilities Net Minority Interest": "302,145", "Total Equity Gross Minority Interest": "412,394", "Total Capitalization": "465,829", "Common Stock Equity": "412,394", "Capital Lease Obligations": "12,149", "Net Tangible Assets": "49,414", "Working Capital": "257,600", "Invested Capital": "474,246", "Tangible Book Value": "49,414", "Total Debt": "74,001", "Net Debt": "19,908", "Share Issued": "45,346", "Ordinary Shares Number": "45,346"}, "12/31/2019": {"Duration": "12/31/2019", "Total Assets": "557,880", "Total Liabilities Net Minority Interest": "310,537", "Total Equity Gross Minority Interest": "247,343", "Total Capitalization": "306,977", "Common Stock Equity": "247,343", "Capital Lease Obligations": "14,570", "Net Tangible Assets": "-117,319", "Working Capital": "93,244", "Invested Capital": "309,195", "Tangible Book Value": "-117,319", "Total Debt": "76,422", "Net Debt": "33,369", "Share Issued": "39,655", "Ordinary Shares Number": "39,655"}, "12/31/2018": {"Duration": "12/31/2018", "Total Assets": "356,759", "Total Liabilities Net Minority Interest": "107,378", "Total Equity Gross Minority Interest": "249,381", "Total Capitalization": "284,952", "Common Stock Equity": "249,381", "Capital Lease Obligations": "12,172", "Net Tangible Assets": "94,870", "Working Capital": "134,457", "Invested Capital": "289,669", "Tangible Book Value": "94,870", "Total Debt": "52,460", "Net Debt": "8,057", "Share Issued": "38,604", "Ordinary Shares Number": "38,604"}}, "cf": {"TTM": {"Duration": "TTM", "Operating Cash Flow": "-19,869", "Investing Cash Flow": "-156,198", "Financing Cash Flow": "189,392", "End Cash Position": "41,944", "Income Tax Paid Supplemental Data": "217", "Interest Paid Supplemental Data": "4,366", "Capital Expenditure": "-5,259", "Issuance of Capital Stock": "188,958", "Issuance of Debt": "0", "Repayment of Debt": "-667", "Repurchase of Capital Stock": "-13,029", "Free Cash Flow": "-25,128"}, "12/31/2020": {"Duration": "12/31/2020", "Operating Cash Flow": "-19,869", "Investing Cash Flow": "-156,198", "Financing Cash Flow": "189,392", "End Cash Position": "41,944", "Income Tax Paid Supplemental Data": "217", "Interest Paid Supplemental Data": "4,366", "Capital Expenditure": "-5,259", "Issuance of Capital Stock": "188,958", "Issuance of Debt": "0", "Repayment of Debt": "-667", "Repurchase of Capital Stock": "-13,029", "Free Cash Flow": "-25,128"}, "12/31/2019": {"Duration": "12/31/2019", "Operating Cash Flow": "-15,811", "Investing Cash Flow": "-2,147", "Financing Cash Flow": "14,373", "End Cash Position": "28,483", "Income Tax Paid Supplemental Data": "259", "Interest Paid Supplemental Data": "3,719", "Capital Expenditure": "-12,182", "Issuance of Capital Stock": "0", "Issuance of Debt": "20,500", "Repayment of Debt": "-629", "Repurchase of Capital Stock": "-9,033", "Free Cash Flow": "-27,993"}, "12/31/2018": {"Duration": "12/31/2018", "Operating Cash Flow": "-4,171", "Investing Cash Flow": "-85,404", "Financing Cash Flow": "100,176", "End Cash Position": "32,231", "Income Tax Paid Supplemental Data": "65", "Interest Paid Supplemental Data": "3,870", "Capital Expenditure": "-6,211", "Issuance of Capital Stock": "82,873", "Issuance of Debt": "17,381", "Repayment of Debt": "-1,755", "Repurchase of Capital Stock": "-4,457", "Free Cash Flow": "-10,382"}}}}, {"ANGO": {"quote": {"03/28/2021": {"value": "21.12", "Market Cap": "801.795M", "Beta (5Y Monthly)": "0.83", "PE Ratio (TTM)": "N/A", "EPS (TTM)": "-4.49", "Earnings Date": "Mar 30, 2021", "Forward Dividend & Yield": "N/A (N/A)", "Ex-Dividend Date": "N/A", "1y Target Est": "21.00"}}, "fin": {"TTM": {"Duration": "TTM", "Total Revenue": "272,500", "Cost of Revenue": "127,820", "Gross Profit": "144,680", "Operating Expense": "163,761", "Operating Income": "-19,081", "Net Non Operating Interest Income Expense": "-911", "Other Income Expense": "-151,030", "Pretax Income": "-171,022", "Tax Provision": "-1,875", "Net Income Common Stockholders": "-169,147", "Diluted NI Available to Com Stockholders": "-169,147", "Basic EPS": "-", "Diluted EPS": "-", "Basic Average Shares": "-", "Diluted Average Shares": "-", "Total Operating Income as Reported": "-170,307", "Total Expenses": "291,581", "Net Income from Continuing & Discontinued Operation": "-169,147", "Normalized Income": "-19,579", "Interest Expense": "911", "Net Interest Income": "-911", "EBIT": "-170,111", "EBITDA": "-144,464", "Reconciled Cost of Revenue": "120,715", "Reconciled Depreciation": "25,647", "Net Income from Continuing Operation Net Minority Interest": "-169,147", "Total Unusual Items Excluding Goodwill": "-151,226", "Total Unusual Items": "-151,226", "Normalized EBITDA": "6,762", "Tax Rate for Calcs": "0", "Tax Effect of Unusual Items": "-1,658"}, "5/31/2020": {"Duration": "5/31/2020", "Total Revenue": "264,157", "Cost of Revenue": "113,885", "Gross Profit": "150,272", "Operating Expense": "164,309", "Operating Income": "-14,037", "Net Non Operating Interest Income Expense": "-907", "Other Income Expense": "-153,191", "Pretax Income": "-168,135", "Tax Provision": "-1,348", "Net Income Common Stockholders": "-166,787", "Diluted NI Available to Com Stockholders": "-166,787", "Basic EPS": "-4.37", "Diluted EPS": "-4.37", "Basic Average Shares": "37,961", "Diluted Average Shares": "37,961", "Total Operating Income as Reported": "-167,098", "Total Expenses": "278,194", "Net Income from Continuing & Discontinued Operation": "-166,787", "Normalized Income": "-15,257", "Interest Expense": "907", "Net Interest Income": "-907", "EBIT": "-167,228", "EBITDA": "-", "Reconciled Cost of Revenue": "108,201", "Reconciled Depreciation": "23,805", "Net Income from Continuing Operation Net Minority Interest": "-166,787", "Total Unusual Items Excluding Goodwill": "-153,061", "Total Unusual Items": "-153,061", "Normalized EBITDA": "9,638", "Tax Rate for Calcs": "0", "Tax Effect of Unusual Items": "-1,531"}, "5/31/2019": {"Duration": "5/31/2019", "Total Revenue": "270,634", "Cost of Revenue": "114,634", "Gross Profit": "156,000", "Operating Expense": "157,045", "Operating Income": "-1,045", "Net Non Operating Interest Income Expense": "-5,099", "Other Income Expense": "-8,558", "Pretax Income": "-14,702", "Tax Provision": "-3,556", "Net Income Common Stockholders": "-11,146", "Diluted NI Available to Com Stockholders": "-11,146", "Basic EPS": "1.64", "Diluted EPS": "1.61", "Basic Average Shares": "37,485", "Diluted Average Shares": "38,147", "Total Operating Income as Reported": "-9,396", "Total Expenses": "271,679", "Net Income from Continuing & Discontinued Operation": "-11,146", "Normalized Income": "-4,799", "Interest Expense": "5,099", "Net Interest Income": "-5,099", "EBIT": "-9,603", "EBITDA": "-", "Reconciled Cost of Revenue": "105,810", "Reconciled Depreciation": "25,880", "Net Income from Continuing Operation Net Minority Interest": "-11,146", "Total Unusual Items Excluding Goodwill": "-8,351", "Total Unusual Items": "-8,351", "Normalized EBITDA": "24,628", "Tax Rate for Calcs": "0", "Tax Effect of Unusual Items": "-2,004"}, "5/31/2018": {"Duration": "5/31/2018", "Total Revenue": "344,285", "Cost of Revenue": "167,410", "Gross Profit": "176,875", "Operating Expense": "150,635", "Operating Income": "26,240", "Net Non Operating Interest Income Expense": "-3,062", "Other Income Expense": "-15,713", "Pretax Income": "7,465", "Tax Provision": "-8,870", "Net Income Common Stockholders": "16,335", "Diluted NI Available to Com Stockholders": "16,335", "Basic EPS": "0.44", "Diluted EPS": "0.44", "Basic Average Shares": "37,075", "Diluted Average Shares": "37,539", "Total Operating Income as Reported": "10,558", "Total Expenses": "318,045", "Net Income from Continuing & Discontinued Operation": "16,335", "Normalized Income": "27,783", "Interest Expense": "3,062", "Net Interest Income": "-3,062", "EBIT": "10,527", "EBITDA": "-", "Reconciled Cost of Revenue": "160,882", "Reconciled Depreciation": "23,163", "Net Income from Continuing Operation Net Minority Interest": "16,335", "Total Unusual Items Excluding Goodwill": "-15,682", "Total Unusual Items": "-15,682", "Normalized EBITDA": "49,372", "Tax Rate for Calcs": "0", "Tax Effect of Unusual Items": "-4,234"}}, "bs": {"5/31/2020": {"Duration": "5/31/2020", "Total Assets": "594,214", "Total Liabilities Net Minority Interest": "139,342", "Total Equity Gross Minority Interest": "454,872", "Total Capitalization": "494,872", "Common Stock Equity": "454,872", "Net Tangible Assets": "57,221", "Working Capital": "101,468", "Invested Capital": "494,872", "Tangible Book Value": "57,221", "Total Debt": "40,000", "Net Debt": "-", "Share Issued": "38,449", "Ordinary Shares Number": "38,079", "Treasury Shares Number": "370"}, "5/31/2019": {"Duration": "5/31/2019", "Total Assets": "836,438", "Total Liabilities Net Minority Interest": "221,623", "Total Equity Gross Minority Interest": "614,815", "Total Capitalization": "739,222", "Common Stock Equity": "614,815", "Net Tangible Assets": "121,762", "Working Capital": "241,990", "Invested Capital": "746,722", "Tangible Book Value": "121,762", "Total Debt": "131,907", "Net Debt": "-", "Share Issued": "37,984", "Ordinary Shares Number": "37,614", "Treasury Shares Number": "370"}, "5/31/2018": {"Duration": "5/31/2018", "Total Assets": "705,472", "Total Liabilities Net Minority Interest": "162,877", "Total Equity Gross Minority Interest": "542,595", "Total Capitalization": "629,216", "Common Stock Equity": "542,595", "Net Tangible Assets": "51,033", "Working Capital": "110,731", "Invested Capital": "634,216", "Tangible Book Value": "51,033", "Total Debt": "91,621", "Net Debt": "17,525", "Share Issued": "37,594", "Ordinary Shares Number": "37,224", "Treasury Shares Number": "370"}}, "cf": {"TTM": {"Duration": "TTM", "Operating Cash Flow": "15,774", "Investing Cash Flow": "-6,046", "Financing Cash Flow": "17,406", "End Cash Position": "54,294", "Income Tax Paid Supplemental Data": "-", "Interest Paid Supplemental Data": "-", "Capital Expenditure": "-6,046", "Issuance of Debt": "25,000", "Repayment of Debt": "-10,000", "Repurchase of Capital Stock": "-", "Free Cash Flow": "9,728"}, "5/31/2020": {"Duration": "5/31/2020", "Operating Cash Flow": "-14,554", "Investing Cash Flow": "-63,345", "Financing Cash Flow": "-95,242", "End Cash Position": "54,435", "Income Tax Paid Supplemental Data": "682", "Interest Paid Supplemental Data": "413", "Capital Expenditure": "-7,585", "Issuance of Debt": "40,000", "Repayment of Debt": "-132,500", "Repurchase of Capital Stock": "-", "Free Cash Flow": "-22,139"}, "5/31/2019": {"Duration": "5/31/2019", "Operating Cash Flow": "37,440", "Investing Cash Flow": "82,554", "Financing Cash Flow": "33,931", "End Cash Position": "227,641", "Income Tax Paid Supplemental Data": "426", "Interest Paid Supplemental Data": "5,115", "Capital Expenditure": "-3,118", "Issuance of Debt": "55,000", "Repayment of Debt": "-15,000", "Repurchase of Capital Stock": "0", "Free Cash Flow": "34,322"}, "5/31/2018": {"Duration": "5/31/2018", "Operating Cash Flow": "41,287", "Investing Cash Flow": "-3,656", "Financing Cash Flow": "-11,551", "End Cash Position": "74,096", "Income Tax Paid Supplemental Data": "36", "Interest Paid Supplemental Data": "3,190", "Capital Expenditure": "-3,656", "Issuance of Debt": "0", "Repayment of Debt": "-5,000", "Repurchase of Capital Stock": "0", "Free Cash Flow": "37,631"}}}}, {"ATRI": {"quote": {"03/28/2021": {"value": "642.03", "Market Cap": "1.172B", "Beta (5Y Monthly)": "0.11", "PE Ratio (TTM)": "36.81", "EPS (TTM)": "17.44", "Earnings Date": "May 05, 2021 - May 10, 2021", "Forward Dividend & Yield": "7.00 (1.09%)", "Ex-Dividend Date": "Mar 12, 2021", "1y Target Est": "N/A"}}, "fin": {"TTM": {"Duration": "TTM", "Total Revenue": "147,591", "Cost of Revenue": "81,428", "Gross Profit": "66,163", "Operating Expense": "30,495", "Operating Income": "35,668", "Net Non Operating Interest Income Expense": "1,444", "Other Income Expense": "1,355", "Pretax Income": "38,467", "Tax Provision": "6,352", "Net Income Common Stockholders": "32,115", "Diluted NI Available to Com Stockholders": "32,115", "Basic EPS": "-", "Diluted EPS": "-", "Basic Average Shares": "-", "Diluted Average Shares": "-", "Total Operating Income as Reported": "35,668", "Total Expenses": "111,923", "Net Income from Continuing & Discontinued Operation": "32,115", "Normalized Income": "30,984", "Interest Income": "1,444", "Net Interest Income": "1,444", "EBIT": "35,668", "EBITDA": "47,320", "Reconciled Cost of Revenue": "81,428", "Reconciled Depreciation": "11,652", "Net Income from Continuing Operation Net Minority Interest": "32,115", "Total Unusual Items Excluding Goodwill": "1,355", "Total Unusual Items": "1,355", "Normalized EBITDA": "45,965", "Tax Rate for Calcs": "0", "Tax Effect of Unusual Items": "223.575"}, "12/31/2020": {"Duration": "12/31/2020", "Total Revenue": "147,591", "Cost of Revenue": "81,428", "Gross Profit": "66,163", "Operating Expense": "30,495", "Operating Income": "35,668", "Net Non Operating Interest Income Expense": "1,444", "Other Income Expense": "1,355", "Pretax Income": "38,467", "Tax Provision": "6,352", "Net Income Common Stockholders": "32,115", "Diluted NI Available to Com Stockholders": "32,115", "Basic EPS": "-", "Diluted EPS": "-", "Basic Average Shares": "-", "Diluted Average Shares": "-", "Total Operating Income as Reported": "35,668", "Total Expenses": "111,923", "Net Income from Continuing & Discontinued Operation": "32,115", "Normalized Income": "30,984", "Interest Income": "1,444", "Net Interest Income": "1,444", "EBIT": "35,668", "EBITDA": "-", "Reconciled Cost of Revenue": "81,428", "Reconciled Depreciation": "11,652", "Net Income from Continuing Operation Net Minority Interest": "32,115", "Total Unusual Items Excluding Goodwill": "1,355", "Total Unusual Items": "1,355", "Normalized EBITDA": "45,965", "Tax Rate for Calcs": "0", "Tax Effect of Unusual Items": "223.575"}, "12/31/2019": {"Duration": "12/31/2019", "Total Revenue": "155,066", "Cost of Revenue": "84,378", "Gross Profit": "70,688", "Operating Expense": "30,159", "Operating Income": "40,529", "Net Non Operating Interest Income Expense": "2,487", "Other Income Expense": "152", "Pretax Income": "43,168", "Tax Provision": "6,407", "Net Income Common Stockholders": "36,761", "Diluted NI Available to Com Stockholders": "36,761", "Basic EPS": "19.82", "Diluted EPS": "19.73", "Basic Average Shares": "1,855", "Diluted Average Shares": "1,863", "Total Operating Income as Reported": "40,529", "Total Expenses": "114,537", "Net Income from Continuing & Discontinued Operation": "36,761", "Normalized Income": "36,631", "Interest Income": "2,487", "Net Interest Income": "2,487", "EBIT": "40,529", "EBITDA": "-", "Reconciled Cost of Revenue": "84,378", "Reconciled Depreciation": "10,853", "Net Income from Continuing Operation Net Minority Interest": "36,761", "Total Unusual Items Excluding Goodwill": "152", "Total Unusual Items": "152", "Normalized EBITDA": "51,230", "Tax Rate for Calcs": "0", "Tax Effect of Unusual Items": "22.496"}, "12/31/2018": {"Duration": "12/31/2018", "Total Revenue": "152,448", "Cost of Revenue": "80,670", "Gross Profit": "71,778", "Operating Expense": "30,071", "Operating Income": "41,707", "Net Non Operating Interest Income Expense": "1,667", "Other Income Expense": "-1,338", "Pretax Income": "42,036", "Tax Provision": "7,781", "Net Income Common Stockholders": "34,255", "Diluted NI Available to Com Stockholders": "34,255", "Basic EPS": "18.49", "Diluted EPS": "18.44", "Basic Average Shares": "1,853", "Diluted Average Shares": "1,858", "Total Operating Income as Reported": "41,707", "Total Expenses": "110,741", "Net Income from Continuing & Discontinued Operation": "34,255", "Normalized Income": "35,380", "Interest Income": "1,667", "Net Interest Income": "1,667", "EBIT": "41,707", "EBITDA": "-", "Reconciled Cost of Revenue": "80,670", "Reconciled Depreciation": "9,123", "Net Income from Continuing Operation Net Minority Interest": "34,255", "Total Unusual Items Excluding Goodwill": "-1,380", "Total Unusual Items": "-1,380", "Normalized EBITDA": "52,210", "Tax Rate for Calcs": "0", "Tax Effect of Unusual Items": "-255.3"}}, "bs": {"12/31/2020": {"Duration": "12/31/2020", "Total Assets": "266,890", "Total Liabilities Net Minority Interest": "26,448", "Total Equity Gross Minority Interest": "240,442", "Total Capitalization": "240,442", "Common Stock Equity": "240,442", "Net Tangible Assets": "229,291", "Working Capital": "98,683", "Invested Capital": "240,442", "Tangible Book Value": "229,291", "Share Issued": "3,420", "Ordinary Shares Number": "1,826", "Treasury Shares Number": "1,594"}, "12/31/2019": {"Duration": "12/31/2019", "Total Assets": "262,031", "Total Liabilities Net Minority Interest": "24,161", "Total Equity Gross Minority Interest": "237,870", "Total Capitalization": "237,870", "Common Stock Equity": "237,870", "Net Tangible Assets": "226,601", "Working Capital": "121,064", "Invested Capital": "237,870", "Tangible Book Value": "226,601", "Share Issued": "3,420", "Ordinary Shares Number": "1,855", "Treasury Shares Number": "1,565"}, "12/31/2018": {"Duration": "12/31/2018", "Total Assets": "231,216", "Total Liabilities Net Minority Interest": "20,449", "Total Equity Gross Minority Interest": "210,767", "Total Capitalization": "210,767", "Common Stock Equity": "210,767", "Net Tangible Assets": "199,378", "Working Capital": "112,045", "Invested Capital": "210,767", "Tangible Book Value": "199,378", "Share Issued": "3,420", "Ordinary Shares Number": "1,853", "Treasury Shares Number": "1,567"}}, "cf": {"TTM": {"Duration": "TTM", "Operating Cash Flow": "39,220", "Investing Cash Flow": "-30,832", "Financing Cash Flow": "-30,986", "End Cash Position": "22,450", "Income Tax Paid Supplemental Data": "5,565", "Capital Expenditure": "-21,886", "Repurchase of Capital Stock": "-18,831", "Free Cash Flow": "17,334"}, "12/31/2020": {"Duration": "12/31/2020", "Operating Cash Flow": "39,220", "Investing Cash Flow": "-30,832", "Financing Cash Flow": "-30,986", "End Cash Position": "22,450", "Income Tax Paid Supplemental Data": "5,565", "Capital Expenditure": "-21,886", "Repurchase of Capital Stock": "-18,831", "Free Cash Flow": "17,334"}, "12/31/2019": {"Duration": "12/31/2019", "Operating Cash Flow": "42,465", "Investing Cash Flow": "-44,836", "Financing Cash Flow": "-11,334", "End Cash Position": "45,048", "Income Tax Paid Supplemental Data": "4,178", "Capital Expenditure": "-20,446", "Repurchase of Capital Stock": "-", "Free Cash Flow": "22,019"}, "12/31/2018": {"Duration": "12/31/2018", "Operating Cash Flow": "43,236", "Investing Cash Flow": "-5,081", "Financing Cash Flow": "-9,538", "End Cash Position": "58,753", "Income Tax Paid Supplemental Data": "9,858", "Capital Expenditure": "-17,507", "Repurchase of Capital Stock": "-90", "Free Cash Flow": "25,729"}}}}, {"BAX": {"quote": {"03/28/2021": {"value": "85.95", "Market Cap": "43.471B", "Beta (5Y Monthly)": "0.66", "PE Ratio (TTM)": "40.35", "EPS (TTM)": "2.13", "Earnings Date": "Apr 29, 2021", "Forward Dividend & Yield": "0.98 (1.14%)", "Ex-Dividend Date": "Feb 25, 2021", "1y Target Est": "91.75"}}, "fin": {"TTM": {"Duration": "TTM", "Total Revenue": "11,673,000", "Cost of Revenue": "7,086,000", "Gross Profit": "4,587,000", "Operating Expense": "3,036,000", "Operating Income": "1,551,000", "Net Non Operating Interest Income Expense": "-134,000", "Other Income Expense": "-125,000", "Pretax Income": "1,292,000", "Tax Provision": "182,000", "Net Income Common Stockholders": "1,102,000", "Diluted NI Available to Com Stockholders": "1,102,000", "Basic EPS": "-", "Diluted EPS": "-", "Basic Average Shares": "-", "Diluted Average Shares": "-", "Total Operating Income as Reported": "1,616,000", "Total Expenses": "10,122,000", "Net Income from Continuing & Discontinued Operation": "1,102,000", "Normalized Income": "1,211,093", "Interest Income": "19,000", "Interest Expense": "153,000", "Net Interest Income": "-134,000", "EBIT": "1,445,000", "EBITDA": "2,268,000", "Reconciled Cost of Revenue": "7,086,000", "Reconciled Depreciation": "823,000", "Net Income from Continuing Operation Net Minority Interest": "1,102,000", "Total Unusual Items Excluding Goodwill": "-127,000", "Total Unusual Items": "-127,000", "Normalized EBITDA": "2,395,000", "Tax Rate for Calcs": "0", "Tax Effect of Unusual Items": "-17,907"}, "12/31/2020": {"Duration": "12/31/2020", "Total Revenue": "11,673,000", "Cost of Revenue": "7,086,000", "Gross Profit": "4,587,000", "Operating Expense": "3,036,000", "Operating Income": "1,551,000", "Net Non Operating Interest Income Expense": "-134,000", "Other Income Expense": "-125,000", "Pretax Income": "1,292,000", "Tax Provision": "182,000", "Net Income Common Stockholders": "1,102,000", "Diluted NI Available to Com Stockholders": "1,102,000", "Basic EPS": "-", "Diluted EPS": "-", "Basic Average Shares": "-", "Diluted Average Shares": "-", "Total Operating Income as Reported": "1,616,000", "Total Expenses": "10,122,000", "Net Income from Continuing & Discontinued Operation": "1,102,000", "Normalized Income": "1,211,093", "Interest Income": "19,000", "Interest Expense": "153,000", "Net Interest Income": "-134,000", "EBIT": "1,445,000", "EBITDA": "-", "Reconciled Cost of Revenue": "7,086,000", "Reconciled Depreciation": "823,000", "Net Income from Continuing Operation Net Minority Interest": "1,102,000", "Total Unusual Items Excluding Goodwill": "-127,000", "Total Unusual Items": "-127,000", "Normalized EBITDA": "2,395,000", "Tax Rate for Calcs": "0", "Tax Effect of Unusual Items": "-17,907"}, "12/31/2019": {"Duration": "12/31/2019", "Total Revenue": "11,362,000", "Cost of Revenue": "6,601,000", "Gross Profit": "4,761,000", "Operating Expense": "3,885,000", "Operating Income": "876,000", "Net Non Operating Interest Income Expense": "-71,000", "Other Income Expense": "165,000", "Pretax Income": "970,000", "Tax Provision": "-41,000", "Net Income Common Stockholders": "1,001,000", "Diluted NI Available to Com Stockholders": "1,001,000", "Basic EPS": "1.97", "Diluted EPS": "1.93", "Basic Average Shares": "509,000", "Diluted Average Shares": "519,000", "Total Operating Income as Reported": "1,772,000", "Total Expenses": "10,486,000", "Net Income from Continuing & Discontinued Operation": "1,001,000", "Normalized Income": "900,410", "Interest Income": "40,000", "Interest Expense": "111,000", "Net Interest Income": "-71,000", "EBIT": "1,081,000", "EBITDA": "-", "Reconciled Cost of Revenue": "6,601,000", "Reconciled Depreciation": "789,000", "Net Income from Continuing Operation Net Minority Interest": "1,001,000", "Total Unusual Items Excluding Goodwill": "105,000", "Total Unusual Items": "105,000", "Normalized EBITDA": "1,765,000", "Tax Rate for Calcs": "0", "Tax Effect of Unusual Items": "4,410"}, "12/31/2018": {"Duration": "12/31/2018", "Total Revenue": "11,127,000", "Cost of Revenue": "6,346,000", "Gross Profit": "4,781,000", "Operating Expense": "3,134,000", "Operating Income": "1,647,000", "Net Non Operating Interest Income Expense": "-45,000", "Other Income Expense": "91,000", "Pretax Income": "1,693,000", "Tax Provision": "63,000", "Net Income Common Stockholders": "1,624,000", "Diluted NI Available to Com Stockholders": "1,624,000", "Basic EPS": "3.04", "Diluted EPS": "2.97", "Basic Average Shares": "534,000", "Diluted Average Shares": "546,000", "Total Operating Income as Reported": "1,599,000", "Total Expenses": "9,480,000", "Net Income from Continuing & Discontinued Operation": "1,624,000", "Normalized Income": "1,553,923", "Interest Income": "48,000", "Interest Expense": "93,000", "Net Interest Income": "-45,000", "EBIT": "1,786,000", "EBITDA": "-", "Reconciled Cost of Revenue": "6,346,000", "Reconciled Depreciation": "785,000", "Net Income from Continuing Operation Net Minority Interest": "1,630,000", "Total Unusual Items Excluding Goodwill": "79,000", "Total Unusual Items": "79,000", "Normalized EBITDA": "2,492,000", "Tax Rate for Calcs": "0", "Tax Effect of Unusual Items": "2,923"}}, "bs": {"12/31/2020": {"Duration": "12/31/2020", "Total Assets": "20,019,000", "Total Liabilities Net Minority Interest": "11,293,000", "Total Equity Gross Minority Interest": "8,726,000", "Total Capitalization": "14,475,000", "Common Stock Equity": "8,689,000", "Capital Lease Obligations": "612,000", "Net Tangible Assets": "3,801,000", "Working Capital": "5,078,000", "Invested Capital": "14,881,000", "Tangible Book Value": "3,801,000", "Total Debt": "6,804,000", "Net Debt": "2,462,000", "Share Issued": "683,495", "Ordinary Shares Number": "504,915", "Treasury Shares Number": "178,580"}, "12/31/2019": {"Duration": "12/31/2019", "Total Assets": "18,193,000", "Total Liabilities Net Minority Interest": "10,281,000", "Total Equity Gross Minority Interest": "7,912,000", "Total Capitalization": "12,691,000", "Common Stock Equity": "7,882,000", "Capital Lease Obligations": "611,000", "Net Tangible Assets": "3,381,000", "Working Capital": "4,273,000", "Invested Capital": "13,232,000", "Tangible Book Value": "3,381,000", "Total Debt": "5,961,000", "Net Debt": "2,015,000", "Share Issued": "683,495", "Ordinary Shares Number": "506,155", "Treasury Shares Number": "177,340"}, "12/31/2018": {"Duration": "12/31/2018", "Total Assets": "15,641,000", "Total Liabilities Net Minority Interest": "7,825,000", "Total Equity Gross Minority Interest": "7,816,000", "Total Capitalization": "11,267,000", "Common Stock Equity": "7,794,000", "Capital Lease Obligations": "-", "Net Tangible Assets": "3,438,000", "Working Capital": "3,083,000", "Invested Capital": "11,271,000", "Tangible Book Value": "3,438,000", "Total Debt": "3,477,000", "Net Debt": "1,645,000", "Share Issued": "683,495", "Ordinary Shares Number": "512,999", "Treasury Shares Number": "170,496"}}, "cf": {"TTM": {"Duration": "TTM", "Operating Cash Flow": "1,868,000", "Investing Cash Flow": "-1,179,000", "Financing Cash Flow": "-345,000", "End Cash Position": "3,736,000", "Income Tax Paid Supplemental Data": "-", "Interest Paid Supplemental Data": "-", "Capital Expenditure": "-709,000", "Issuance of Debt": "1,885,000", "Repayment of Debt": "-1,407,000", "Repurchase of Capital Stock": "-500,000", "Free Cash Flow": "1,159,000"}, "12/31/2020": {"Duration": "12/31/2020", "Operating Cash Flow": "1,868,000", "Investing Cash Flow": "-1,179,000", "Financing Cash Flow": "-345,000", "End Cash Position": "3,736,000", "Income Tax Paid Supplemental Data": "-", "Interest Paid Supplemental Data": "-", "Capital Expenditure": "-709,000", "Issuance of Debt": "1,885,000", "Repayment of Debt": "-1,407,000", "Repurchase of Capital Stock": "-500,000", "Free Cash Flow": "1,159,000"}, "12/31/2019": {"Duration": "12/31/2019", "Operating Cash Flow": "2,104,000", "Investing Cash Flow": "-1,100,000", "Financing Cash Flow": "498,000", "End Cash Position": "3,335,000", "Income Tax Paid Supplemental Data": "294,000", "Interest Paid Supplemental Data": "103,000", "Capital Expenditure": "-696,000", "Issuance of Debt": "1,883,000", "Repayment of Debt": "-", "Repurchase of Capital Stock": "-1,270,000", "Free Cash Flow": "1,408,000"}, "12/31/2018": {"Duration": "12/31/2018", "Operating Cash Flow": "2,096,000", "Investing Cash Flow": "-938,000", "Financing Cash Flow": "-2,603,000", "End Cash Position": "1,832,000", "Income Tax Paid Supplemental Data": "302,000", "Interest Paid Supplemental Data": "94,000", "Capital Expenditure": "-681,000", "Issuance of Debt": "0", "Repayment of Debt": "-5,000", "Repurchase of Capital Stock": "-2,452,000", "Free Cash Flow": "1,415,000"}}}}, {"BCR": {"quote": {"03/28/2021": {"value": "", "Net Assets": "N/A", "Beta (5Y Monthly)": "N/A", "Yield": "N/A", "5y Average Return": "N/A", "Holdings Turnover": "N/A", "Last Dividend": "N/A", "Average for Category": "N/A", "Inception Date": "N/A"}}, "fin": {}, "bs": {}, "cf": {}}}, {"BIOL": {"quote": {"03/28/2021": {"value": "0.8588", "Market Cap": "125.369M", "Beta (5Y Monthly)": "1.72", "PE Ratio (TTM)": "N/A", "EPS (TTM)": "-0.5600", "Earnings Date": "Mar 25, 2021", "Forward Dividend & Yield": "N/A (N/A)", "Ex-Dividend Date": "Jun 24, 2005", "1y Target Est": "1.88"}}, "fin": {"TTM": {"Duration": "TTM", "Total Revenue": "22,780", "Cost of Revenue": "16,607", "Gross Profit": "6,173", "Operating Expense": "24,709", "Operating Income": "-18,536", "Net Non Operating Interest Income Expense": "-2,359", "Other Income Expense": "4,194", "Pretax Income": "-16,701", "Tax Provision": "128", "Net Income Common Stockholders": "-34,207", "Diluted NI Available to Com Stockholders": "-34,207", "Basic EPS": "-", "Diluted EPS": "-", "Basic Average Shares": "-", "Diluted Average Shares": "-", "Total Operating Income as Reported": "-18,536", "Total Expenses": "41,316", "Net Income from Continuing & Discontinued Operation": "-16,829", "Normalized Income": "-16,814", "Interest Income": "-", "Interest Expense": "2,359", "Net Interest Income": "-2,359", "EBIT": "-14,342", "EBITDA": "-13,843", "Reconciled Cost of Revenue": "16,607", "Reconciled Depreciation": "499", "Net Income from Continuing Operation Net Minority Interest": "-16,829", "Total Unusual Items Excluding Goodwill": "-21", "Total Unusual Items": "-21", "Normalized EBITDA": "-13,822", "Tax Rate for Calcs": "0", "Tax Effect of Unusual Items": "-5.67"}, "12/31/2020": {"Duration": "12/31/2020", "Total Revenue": "22,780", "Cost of Revenue": "16,607", "Gross Profit": "6,173", "Operating Expense": "24,709", "Operating Income": "-18,536", "Net Non Operating Interest Income Expense": "-2,359", "Other Income Expense": "4,194", "Pretax Income": "-16,701", "Tax Provision": "128", "Net Income Common Stockholders": "-34,207", "Diluted NI Available to Com Stockholders": "-34,207", "Basic EPS": "-0.56", "Diluted EPS": "-0.56", "Basic Average Shares": "61,136", "Diluted Average Shares": "61,136", "Total Operating Income as Reported": "-18,536", "Total Expenses": "41,316", "Net Income from Continuing & Discontinued Operation": "-16,829", "Normalized Income": "-16,814", "Interest Income": "-", "Interest Expense": "2,359", "Net Interest Income": "-2,359", "EBIT": "-14,342", "EBITDA": "-", "Reconciled Cost of Revenue": "16,607", "Reconciled Depreciation": "499", "Net Income from Continuing Operation Net Minority Interest": "-16,829", "Total Unusual Items Excluding Goodwill": "-21", "Total Unusual Items": "-21", "Normalized EBITDA": "-13,822", "Tax Rate for Calcs": "0", "Tax Effect of Unusual Items": "-5.67"}, "12/31/2019": {"Duration": "12/31/2019", "Total Revenue": "37,799", "Cost of Revenue": "23,511", "Gross Profit": "14,288", "Operating Expense": "29,909", "Operating Income": "-15,621", "Net Non Operating Interest Income Expense": "-2,157", "Other Income Expense": "-121", "Pretax Income": "-17,899", "Tax Provision": "-44", "Net Income Common Stockholders": "-17,855", "Diluted NI Available to Com Stockholders": "-17,855", "Basic EPS": "-0.77", "Diluted EPS": "-0.77", "Basic Average Shares": "23,202", "Diluted Average Shares": "23,202", "Total Operating Income as Reported": "-15,621", "Total Expenses": "53,420", "Net Income from Continuing & Discontinued Operation": "-17,855", "Normalized Income": "-17,734", "Interest Income": "-", "Interest Expense": "2,157", "Net Interest Income": "-2,157", "EBIT": "-15,621", "EBITDA": "-", "Reconciled Cost of Revenue": "23,511", "Reconciled Depreciation": "982", "Net Income from Continuing Operation Net Minority Interest": "-17,855", "Total Unusual Items Excluding Goodwill": "-121", "Total Unusual Items": "-121", "Normalized EBITDA": "-14,518", "Tax Rate for Calcs": "0", "Tax Effect of Unusual Items": "-0.484"}, "12/31/2018": {"Duration": "12/31/2018", "Total Revenue": "46,155", "Cost of Revenue": "29,260", "Gross Profit": "16,895", "Operating Expense": "35,095", "Operating Income": "-18,200", "Net Non Operating Interest Income Expense": "-510", "Other Income Expense": "-2,743", "Pretax Income": "-21,453", "Tax Provision": "63", "Net Income Common Stockholders": "-21,516", "Diluted NI Available to Com Stockholders": "-21,516", "Basic EPS": "-1.05", "Diluted EPS": "-1.05", "Basic Average Shares": "20,588", "Diluted Average Shares": "20,588", "Total Operating Income as Reported": "-20,885", "Total Expenses": "64,355", "Net Income from Continuing & Discontinued Operation": "-21,516", "Normalized Income": "-19,514", "Interest Income": "-", "Interest Expense": "510", "Net Interest Income": "-510", "EBIT": "-20,943", "EBITDA": "-", "Reconciled Cost of Revenue": "29,260", "Reconciled Depreciation": "945", "Net Income from Continuing Operation Net Minority Interest": "-21,516", "Total Unusual Items Excluding Goodwill": "-2,743", "Total Unusual Items": "-2,743", "Normalized EBITDA": "-17,255", "Tax Rate for Calcs": "0", "Tax Effect of Unusual Items": "-740.61"}}, "bs": {"12/31/2020": {"Duration": "12/31/2020", "Total Assets": "41,025", "Total Liabilities Net Minority Interest": "30,997", "Total Equity Gross Minority Interest": "10,028", "Total Capitalization": "26,214", "Preferred Stock Equity": "118", "Common Stock Equity": "9,910", "Capital Lease Obligations": "2,079", "Net Tangible Assets": "7,102", "Working Capital": "23,887", "Invested Capital": "26,096", "Tangible Book Value": "6,984", "Total Debt": "18,265", "Net Debt": "-", "Share Issued": "97,709", "Ordinary Shares Number": "97,663", "Treasury Shares Number": "46"}, "12/31/2019": {"Duration": "12/31/2019", "Total Assets": "31,847", "Total Liabilities Net Minority Interest": "31,470", "Total Equity Gross Minority Interest": "377", "Total Capitalization": "377", "Preferred Stock Equity": "-", "Common Stock Equity": "377", "Capital Lease Obligations": "323", "Net Tangible Assets": "-2,549", "Working Capital": "1,240", "Invested Capital": "13,843", "Tangible Book Value": "-2,549", "Total Debt": "13,789", "Net Debt": "7,677", "Share Issued": "31,439", "Ordinary Shares Number": "31,439", "Treasury Shares Number": "-"}, "12/31/2018": {"Duration": "12/31/2018", "Total Assets": "38,516", "Total Liabilities Net Minority Interest": "27,427", "Total Equity Gross Minority Interest": "11,089", "Total Capitalization": "21,925", "Preferred Stock Equity": "-", "Common Stock Equity": "11,089", "Capital Lease Obligations": "-", "Net Tangible Assets": "8,163", "Working Capital": "17,340", "Invested Capital": "21,925", "Tangible Book Value": "8,163", "Total Debt": "10,836", "Net Debt": "2,792", "Share Issued": "21,072", "Ordinary Shares Number": "21,072", "Treasury Shares Number": "-"}}, "cf": {"TTM": {"Duration": "TTM", "Operating Cash Flow": "-12,795", "Investing Cash Flow": "-96", "Financing Cash Flow": "24,349", "End Cash Position": "17,876", "Income Tax Paid Supplemental Data": "22", "Interest Paid Supplemental Data": "1,881", "Capital Expenditure": "-96", "Issuance of Capital Stock": "9,612", "Issuance of Debt": "6,140", "Repayment of Debt": "-3,700", "Free Cash Flow": "-12,891"}, "12/31/2020": {"Duration": "12/31/2020", "Operating Cash Flow": "-12,795", "Investing Cash Flow": "-96", "Financing Cash Flow": "24,349", "End Cash Position": "17,876", "Income Tax Paid Supplemental Data": "22", "Interest Paid Supplemental Data": "1,881", "Capital Expenditure": "-96", "Issuance of Capital Stock": "9,612", "Issuance of Debt": "6,140", "Repayment of Debt": "-3,700", "Free Cash Flow": "-12,891"}, "12/31/2019": {"Duration": "12/31/2019", "Operating Cash Flow": "-12,746", "Investing Cash Flow": "-207", "Financing Cash Flow": "10,721", "End Cash Position": "6,101", "Income Tax Paid Supplemental Data": "35", "Interest Paid Supplemental Data": "1,784", "Capital Expenditure": "-207", "Issuance of Capital Stock": "9,171", "Issuance of Debt": "2,500", "Repayment of Debt": "0", "Free Cash Flow": "-12,953"}, "12/31/2018": {"Duration": "12/31/2018", "Operating Cash Flow": "-14,147", "Investing Cash Flow": "-522", "Financing Cash Flow": "11,235", "End Cash Position": "8,356", "Income Tax Paid Supplemental Data": "44", "Interest Paid Supplemental Data": "23", "Capital Expenditure": "-558", "Issuance of Capital Stock": "0", "Issuance of Debt": "16,196", "Repayment of Debt": "-3,742", "Free Cash Flow": "-14,705"}}}}, {"BVX": {"quote": {"03/28/2021": {"value": "", "Net Assets": "N/A", "Beta (5Y Monthly)": "N/A", "Yield": "N/A", "5y Average Return": "N/A", "Holdings Turnover": "N/A", "Last Dividend": "N/A", "Average for Category": "N/A", "Inception Date": "N/A"}}, "fin": {}, "bs": {}, "cf": {}}}, {"HBIO": {"quote": {"03/28/2021": {"value": "5.50", "Market Cap": "219.04M", "Beta (5Y Monthly)": "1.66", "PE Ratio (TTM)": "N/A", "EPS (TTM)": "-0.20", "Earnings Date": "May 03, 2021 - May 07, 2021", "Forward Dividend & Yield": "N/A (N/A)", "Ex-Dividend Date": "N/A", "1y Target Est": "8.75"}}, "fin": {"TTM": {"Duration": "TTM", "Total Revenue": "102,100", "Cost of Revenue": "44,059", "Gross Profit": "58,041", "Operating Expense": "57,820", "Operating Income": "221", "Net Non Operating Interest Income Expense": "-4,831", "Other Income Expense": "-2,682", "Pretax Income": "-7,292", "Tax Provision": "518", "Net Income Common Stockholders": "-7,810", "Diluted NI Available to Com Stockholders": "-7,810", "Basic EPS": "-", "Diluted EPS": "-", "Basic Average Shares": "-", "Diluted Average Shares": "-", "Total Operating Income as Reported": "221", "Total Expenses": "101,879", "Net Income from Continuing & Discontinued Operation": "-7,810", "Normalized Income": "-6,441", "Interest Expense": "4,831", "Net Interest Income": "-4,831", "EBIT": "-2,461", "EBITDA": "5,171", "Reconciled Cost of Revenue": "42,137", "Reconciled Depreciation": "7,632", "Net Income from Continuing Operation Net Minority Interest": "-7,810", "Total Unusual Items Excluding Goodwill": "-1,876", "Total Unusual Items": "-1,876", "Normalized EBITDA": "7,047", "Tax Rate for Calcs": "0", "Tax Effect of Unusual Items": "-506.52"}, "12/31/2020": {"Duration": "12/31/2020", "Total Revenue": "102,100", "Cost of Revenue": "44,059", "Gross Profit": "58,041", "Operating Expense": "57,820", "Operating Income": "221", "Net Non Operating Interest Income Expense": "-4,831", "Other Income Expense": "-2,682", "Pretax Income": "-7,292", "Tax Provision": "518", "Net Income Common Stockholders": "-7,810", "Diluted NI Available to Com Stockholders": "-7,810", "Basic EPS": "-", "Diluted EPS": "-", "Basic Average Shares": "-", "Diluted Average Shares": "-", "Total Operating Income as Reported": "221", "Total Expenses": "101,879", "Net Income from Continuing & Discontinued Operation": "-7,810", "Normalized Income": "-6,441", "Interest Expense": "4,831", "Net Interest Income": "-4,831", "EBIT": "-2,461", "EBITDA": "-", "Reconciled Cost of Revenue": "42,137", "Reconciled Depreciation": "7,632", "Net Income from Continuing Operation Net Minority Interest": "-7,810", "Total Unusual Items Excluding Goodwill": "-1,876", "Total Unusual Items": "-1,876", "Normalized EBITDA": "7,047", "Tax Rate for Calcs": "0", "Tax Effect of Unusual Items": "-506.52"}, "12/31/2019": {"Duration": "12/31/2019", "Total Revenue": "116,176", "Cost of Revenue": "51,854", "Gross Profit": "64,322", "Operating Expense": "62,485", "Operating Income": "1,837", "Net Non Operating Interest Income Expense": "-5,410", "Other Income Expense": "-1,929", "Pretax Income": "-5,502", "Tax Provision": "-815", "Net Income Common Stockholders": "-4,687", "Diluted NI Available to Com Stockholders": "-4,687", "Basic EPS": "-0.12", "Diluted EPS": "-0.12", "Basic Average Shares": "37,814", "Diluted Average Shares": "37,814", "Total Operating Income as Reported": "377", "Total Expenses": "114,339", "Net Income from Continuing & Discontinued Operation": "-4,687", "Normalized Income": "-3,443", "Interest Expense": "5,410", "Net Interest Income": "-5,410", "EBIT": "-92", "EBITDA": "-", "Reconciled Cost of Revenue": "49,867", "Reconciled Depreciation": "7,733", "Net Income from Continuing Operation Net Minority Interest": "-4,687", "Total Unusual Items Excluding Goodwill": "-1,460", "Total Unusual Items": "-1,460", "Normalized EBITDA": "9,101", "Tax Rate for Calcs": "0", "Tax Effect of Unusual Items": "-216.08"}, "12/31/2018": {"Duration": "12/31/2018", "Total Revenue": "120,774", "Cost of Revenue": "57,593", "Gross Profit": "63,181", "Operating Expense": "62,197", "Operating Income": "984", "Net Non Operating Interest Income Expense": "-5,367", "Other Income Expense": "-3,592", "Pretax Income": "-7,975", "Tax Provision": "-3,676", "Net Income Common Stockholders": "-2,922", "Diluted NI Available to Com Stockholders": "-2,922", "Basic EPS": "-0.09", "Diluted EPS": "-0.09", "Basic Average Shares": "36,453", "Diluted Average Shares": "36,453", "Total Operating Income as Reported": "984", "Total Expenses": "119,790", "Net Income from Continuing & Discontinued Operation": "-2,922", "Normalized Income": "-4,407", "Interest Expense": "5,367", "Net Interest Income": "-5,367", "EBIT": "-2,608", "EBITDA": "-", "Reconciled Cost of Revenue": "55,095", "Reconciled Depreciation": "7,882", "Net Income from Continuing Operation Net Minority Interest": "-4,299", "Total Unusual Items Excluding Goodwill": "148", "Total Unusual Items": "148", "Normalized EBITDA": "5,126", "Tax Rate for Calcs": "0", "Tax Effect of Unusual Items": "39.96"}}, "bs": {"12/31/2020": {"Duration": "12/31/2020", "Total Assets": "156,254", "Total Liabilities Net Minority Interest": "79,573", "Total Equity Gross Minority Interest": "76,681", "Total Capitalization": "122,967", "Common Stock Equity": "76,681", "Capital Lease Obligations": "9,592", "Net Tangible Assets": "-15,060", "Working Capital": "30,647", "Invested Capital": "124,688", "Tangible Book Value": "-15,060", "Total Debt": "57,599", "Net Debt": "39,690", "Share Issued": "47,153", "Ordinary Shares Number": "39,407", "Treasury Shares Number": "7,746"}, "12/31/2019": {"Duration": "12/31/2019", "Total Assets": "164,870", "Total Liabilities Net Minority Interest": "83,176", "Total Equity Gross Minority Interest": "81,694", "Total Capitalization": "128,611", "Common Stock Equity": "81,694", "Capital Lease Obligations": "10,648", "Net Tangible Assets": "-14,092", "Working Capital": "28,260", "Invested Capital": "135,511", "Tangible Book Value": "-14,092", "Total Debt": "64,465", "Net Debt": "45,482", "Share Issued": "45,934", "Ordinary Shares Number": "38,188", "Treasury Shares Number": "7,746"}, "12/31/2018": {"Duration": "12/31/2018", "Total Assets": "168,613", "Total Liabilities Net Minority Interest": "85,889", "Total Equity Gross Minority Interest": "82,724", "Total Capitalization": "141,520", "Common Stock Equity": "82,724", "Capital Lease Obligations": "-", "Net Tangible Assets": "-20,344", "Working Capital": "36,326", "Invested Capital": "143,519", "Tangible Book Value": "-20,344", "Total Debt": "60,795", "Net Debt": "52,622", "Share Issued": "45,124", "Ordinary Shares Number": "37,379", "Treasury Shares Number": "7,746"}}, "cf": {"TTM": {"Duration": "TTM", "Operating Cash Flow": "9,331", "Investing Cash Flow": "-1,402", "Financing Cash Flow": "-7,967", "End Cash Position": "8,317", "Income Tax Paid Supplemental Data": "416", "Interest Paid Supplemental Data": "4,881", "Capital Expenditure": "-1,152", "Issuance of Capital Stock": "-", "Issuance of Debt": "61,315", "Repayment of Debt": "-66,912", "Free Cash Flow": "8,179"}, "12/31/2020": {"Duration": "12/31/2020", "Operating Cash Flow": "9,331", "Investing Cash Flow": "-1,402", "Financing Cash Flow": "-7,967", "End Cash Position": "8,317", "Income Tax Paid Supplemental Data": "416", "Interest Paid Supplemental Data": "4,881", "Capital Expenditure": "-1,152", "Issuance of Capital Stock": "-", "Issuance of Debt": "61,315", "Repayment of Debt": "-66,912", "Free Cash Flow": "8,179"}, "12/31/2019": {"Duration": "12/31/2019", "Operating Cash Flow": "8,045", "Investing Cash Flow": "-229", "Financing Cash Flow": "-7,624", "End Cash Position": "8,335", "Income Tax Paid Supplemental Data": "374", "Interest Paid Supplemental Data": "5,496", "Capital Expenditure": "-1,216", "Issuance of Capital Stock": "-", "Issuance of Debt": "4,300", "Repayment of Debt": "-11,703", "Free Cash Flow": "6,829"}, "12/31/2018": {"Duration": "12/31/2018", "Operating Cash Flow": "2,884", "Investing Cash Flow": "-53,796", "Financing Cash Flow": "53,053", "End Cash Position": "8,173", "Income Tax Paid Supplemental Data": "-", "Interest Paid Supplemental Data": "4,987", "Capital Expenditure": "-1,006", "Issuance of Capital Stock": "-", "Issuance of Debt": "70,700", "Repayment of Debt": "-20,198", "Free Cash Flow": "1,878"}}}}, {"EKSO": {"quote": {"03/28/2021": {"value": "6.22", "Market Cap": "78.371M", "Beta (5Y Monthly)": "2.18", "PE Ratio (TTM)": "N/A", "EPS (TTM)": "-2.21", "Earnings Date": "Feb 25, 2021", "Forward Dividend & Yield": "N/A (N/A)", "Ex-Dividend Date": "N/A", "1y Target Est": "10.00"}}, "fin": {"TTM": {"Duration": "TTM", "Total Revenue": "8,882", "Cost of Revenue": "3,812", "Gross Profit": "5,070", "Operating Expense": "17,928", "Operating Income": "-12,858", "Net Non Operating Interest Income Expense": "-468", "Other Income Expense": "-2,499", "Pretax Income": "-15,825", "Net Income Common Stockholders": "-15,825", "Diluted NI Available to Com Stockholders": "-15,825", "Basic EPS": "-", "Diluted EPS": "-", "Basic Average Shares": "-", "Diluted Average Shares": "-", "Total Operating Income as Reported": "-13,291", "Total Expenses": "21,740", "Net Income from Continuing & Discontinued Operation": "-15,825", "Normalized Income": "-12,336", "Interest Income": "-", "Interest Expense": "139", "Net Interest Income": "-468", "EBIT": "-15,686", "EBITDA": "-15,066", "Reconciled Cost of Revenue": "3,812", "Reconciled Depreciation": "620", "Net Income from Continuing Operation Net Minority Interest": "-15,825", "Total Unusual Items Excluding Goodwill": "-3,489", "Total Unusual Items": "-3,489", "Normalized EBITDA": "-11,577", "Tax Rate for Calcs": "0", "Tax Effect of Unusual Items": "0"}, "12/31/2020": {"Duration": "12/31/2020", "Total Revenue": "8,882", "Cost of Revenue": "3,812", "Gross Profit": "5,070", "Operating Expense": "17,928", "Operating Income": "-12,858", "Net Non Operating Interest Income Expense": "-468", "Other Income Expense": "-2,499", "Pretax Income": "-15,825", "Net Income Common Stockholders": "-15,825", "Diluted NI Available to Com Stockholders": "-15,825", "Basic EPS": "-", "Diluted EPS": "-", "Basic Average Shares": "-", "Diluted Average Shares": "-", "Total Operating Income as Reported": "-13,291", "Total Expenses": "21,740", "Net Income from Continuing & Discontinued Operation": "-15,825", "Normalized Income": "-12,336", "Interest Income": "-", "Interest Expense": "139", "Net Interest Income": "-468", "EBIT": "-15,686", "EBITDA": "-", "Reconciled Cost of Revenue": "3,812", "Reconciled Depreciation": "620", "Net Income from Continuing Operation Net Minority Interest": "-15,825", "Total Unusual Items Excluding Goodwill": "-3,489", "Total Unusual Items": "-3,489", "Normalized EBITDA": "-11,577", "Tax Rate for Calcs": "0", "Tax Effect of Unusual Items": "0"}, "12/31/2019": {"Duration": "12/31/2019", "Total Revenue": "13,917", "Cost of Revenue": "7,153", "Gross Profit": "6,764", "Operating Expense": "23,403", "Operating Income": "-16,639", "Net Non Operating Interest Income Expense": "-1,480", "Other Income Expense": "5,987", "Pretax Income": "-12,132", "Net Income Common Stockholders": "-12,132", "Diluted NI Available to Com Stockholders": "-12,132", "Basic EPS": "-2.55", "Diluted EPS": "-2.55", "Basic Average Shares": "4,794", "Diluted Average Shares": "4,794", "Total Operating Income as Reported": "-16,639", "Total Expenses": "30,556", "Net Income from Continuing & Discontinued Operation": "-12,132", "Normalized Income": "-18,251", "Interest Income": "-", "Interest Expense": "384", "Net Interest Income": "-1,480", "EBIT": "-11,748", "EBITDA": "-", "Reconciled Cost of Revenue": "7,153", "Reconciled Depreciation": "690", "Net Income from Continuing Operation Net Minority Interest": "-12,132", "Total Unusual Items Excluding Goodwill": "6,119", "Total Unusual Items": "6,119", "Normalized EBITDA": "-17,177", "Tax Rate for Calcs": "0", "Tax Effect of Unusual Items": "0"}, "12/31/2018": {"Duration": "12/31/2018", "Total Revenue": "11,332", "Cost of Revenue": "7,023", "Gross Profit": "4,309", "Operating Expense": "31,374", "Operating Income": "-27,065", "Net Non Operating Interest Income Expense": "-600", "Other Income Expense": "673", "Pretax Income": "-26,992", "Net Income Common Stockholders": "-26,992", "Diluted NI Available to Com Stockholders": "-26,992", "Basic EPS": "-6.60", "Diluted EPS": "-6.60", "Basic Average Shares": "4,082", "Diluted Average Shares": "4,082", "Total Operating Income as Reported": "-27,030", "Total Expenses": "38,397", "Net Income from Continuing & Discontinued Operation": "-26,992", "Normalized Income": "-28,090", "Interest Income": "-", "Interest Expense": "600", "Net Interest Income": "-600", "EBIT": "-26,392", "EBITDA": "-", "Reconciled Cost of Revenue": "7,023", "Reconciled Depreciation": "1,515", "Net Income from Continuing Operation Net Minority Interest": "-26,992", "Total Unusual Items Excluding Goodwill": "1,098", "Total Unusual Items": "1,098", "Normalized EBITDA": "-25,975", "Tax Rate for Calcs": "0", "Tax Effect of Unusual Items": "0"}}, "bs": {"12/31/2020": {"Duration": "12/31/2020", "Total Assets": "20,597", "Total Liabilities Net Minority Interest": "16,163", "Total Equity Gross Minority Interest": "4,434", "Total Capitalization": "7,509", "Common Stock Equity": "4,434", "Capital Lease Obligations": "781", "Net Tangible Assets": "4,434", "Working Capital": "13,446", "Invested Capital": "7,509", "Tangible Book Value": "4,434", "Total Debt": "3,856", "Share Issued": "8,349", "Ordinary Shares Number": "8,349"}, "12/31/2019": {"Duration": "12/31/2019", "Total Assets": "21,915", "Total Liabilities Net Minority Interest": "15,118", "Total Equity Gross Minority Interest": "6,797", "Total Capitalization": "7,204", "Common Stock Equity": "6,797", "Capital Lease Obligations": "1,150", "Net Tangible Assets": "6,608", "Working Capital": "10,975", "Invested Capital": "9,537", "Tangible Book Value": "6,608", "Total Debt": "3,890", "Share Issued": "5,795", "Ordinary Shares Number": "5,795"}, "12/31/2018": {"Duration": "12/31/2018", "Total Assets": "17,655", "Total Liabilities Net Minority Interest": "14,927", "Total Equity Gross Minority Interest": "2,728", "Total Capitalization": "5,376", "Common Stock Equity": "2,728", "Capital Lease Obligations": "35", "Net Tangible Assets": "2,539", "Working Capital": "4,835", "Invested Capital": "7,709", "Tangible Book Value": "2,539", "Total Debt": "5,016", "Share Issued": "4,198", "Ordinary Shares Number": "4,198"}}, "cf": {"TTM": {"Duration": "TTM", "Operating Cash Flow": "-8,755", "Investing Cash Flow": "0", "Financing Cash Flow": "10,704", "End Cash Position": "12,862", "Income Tax Paid Supplemental Data": "6", "Interest Paid Supplemental Data": "109", "Capital Expenditure": "-", "Issuance of Capital Stock": "7,082", "Issuance of Debt": "3,078", "Repayment of Debt": "-2,790", "Repurchase of Capital Stock": "-", "Free Cash Flow": "-8,755"}, "12/31/2020": {"Duration": "12/31/2020", "Operating Cash Flow": "-8,755", "Investing Cash Flow": "0", "Financing Cash Flow": "10,704", "End Cash Position": "12,862", "Income Tax Paid Supplemental Data": "6", "Interest Paid Supplemental Data": "109", "Capital Expenditure": "-", "Issuance of Capital Stock": "7,082", "Issuance of Debt": "3,078", "Repayment of Debt": "-2,790", "Repurchase of Capital Stock": "-", "Free Cash Flow": "-8,755"}, "12/31/2019": {"Duration": "12/31/2019", "Operating Cash Flow": "-15,772", "Investing Cash Flow": "-60", "Financing Cash Flow": "19,039", "End Cash Position": "10,872", "Income Tax Paid Supplemental Data": "23", "Interest Paid Supplemental Data": "309", "Capital Expenditure": "-60", "Issuance of Capital Stock": "21,188", "Issuance of Debt": "-", "Repayment of Debt": "-2,377", "Repurchase of Capital Stock": "-", "Free Cash Flow": "-15,832"}, "12/31/2018": {"Duration": "12/31/2018", "Operating Cash Flow": "-22,165", "Investing Cash Flow": "-131", "Financing Cash Flow": "2,273", "End Cash Position": "7,655", "Income Tax Paid Supplemental Data": "18", "Interest Paid Supplemental Data": "457", "Capital Expenditure": "-131", "Issuance of Capital Stock": "4,446", "Issuance of Debt": "-", "Repayment of Debt": "-2,174", "Repurchase of Capital Stock": "-", "Free Cash Flow": "-22,296"}}}}, {"BMRA": {"quote": {"03/28/2021": {"value": "5.56", "Market Cap": "65.497M", "Beta (5Y Monthly)": "-0.67", "PE Ratio (TTM)": "N/A", "EPS (TTM)": "-0.41", "Earnings Date": "Apr 12, 2021 - Apr 16, 2021", "Forward Dividend & Yield": "N/A (N/A)", "Ex-Dividend Date": "N/A", "1y Target Est": "10.88"}}, "fin": {"TTM": {"Duration": "TTM", "Total Revenue": "8,870", "Cost of Revenue": "7,630", "Gross Profit": "1,239", "Operating Expense": "6,744", "Operating Income": "-5,504", "Net Non Operating Interest Income Expense": "70.938", "Other Income Expense": "-", "Pretax Income": "-5,442", "Tax Provision": "18.791", "Net Income Common Stockholders": "-5,460", "Diluted NI Available to Com Stockholders": "-5,460", "Basic EPS": "-", "Diluted EPS": "-", "Basic Average Shares": "-", "Diluted Average Shares": "-", "Total Operating Income as Reported": "-5,504", "Total Expenses": "14,374", "Net Income from Continuing & Discontinued Operation": "-5,460", "Normalized Income": "-5,455", "Interest Income": "-", "Interest Expense": "0.255", "Net Interest Income": "70.938", "EBIT": "-5,441", "EBITDA": "-5,082", "Reconciled Cost of Revenue": "7,630", "Reconciled Depreciation": "359.297", "Net Income from Continuing Operation Net Minority Interest": "-5,460", "Total Unusual Items Excluding Goodwill": "-8.498", "Total Unusual Items": "-8.498", "Normalized EBITDA": "-5,074", "Tax Rate for Calcs": "0", "Tax Effect of Unusual Items": "-3.3992"}, "5/31/2020": {"Duration": "5/31/2020", "Total Revenue": "6,693", "Cost of Revenue": "4,911", "Gross Profit": "1,782", "Operating Expense": "4,185", "Operating Income": "-2,403", "Net Non Operating Interest Income Expense": "71.184", "Other Income Expense": "-", "Pretax Income": "-2,332", "Tax Provision": "7.39", "Net Income Common Stockholders": "-2,339", "Diluted NI Available to Com Stockholders": "-2,339", "Basic EPS": "-0.23", "Diluted EPS": "-0.23", "Basic Average Shares": "10,166", "Diluted Average Shares": "10,166", "Total Operating Income as Reported": "-2,403", "Total Expenses": "9,096", "Net Income from Continuing & Discontinued Operation": "-2,339", "Normalized Income": "-2,339", "Interest Income": "71.193", "Interest Expense": "0.009", "Net Interest Income": "71.184", "EBIT": "-2,332", "EBITDA": "-", "Reconciled Cost of Revenue": "4,911", "Reconciled Depreciation": "398.632", "Net Income from Continuing Operation Net Minority Interest": "-2,339", "Total Unusual Items Excluding Goodwill": "-", "Total Unusual Items": "-", "Normalized EBITDA": "-1,933", "Tax Rate for Calcs": "0", "Tax Effect of Unusual Items": "0"}, "5/31/2019": {"Duration": "5/31/2019", "Total Revenue": "5,201", "Cost of Revenue": "3,909", "Gross Profit": "1,292", "Operating Expense": "3,705", "Operating Income": "-2,413", "Net Non Operating Interest Income Expense": "43.967", "Other Income Expense": "44.014", "Pretax Income": "-2,369", "Tax Provision": "24.237", "Net Income Common Stockholders": "-2,393", "Diluted NI Available to Com Stockholders": "-2,393", "Basic EPS": "-0.26", "Diluted EPS": "-0.26", "Basic Average Shares": "9,213", "Diluted Average Shares": "9,213", "Total Operating Income as Reported": "-2,413", "Total Expenses": "7,613", "Net Income from Continuing & Discontinued Operation": "-2,393", "Normalized Income": "-2,393", "Interest Income": "44.014", "Interest Expense": "0.047", "Net Interest Income": "43.967", "EBIT": "-2,369", "EBITDA": "-", "Reconciled Cost of Revenue": "3,909", "Reconciled Depreciation": "162.905", "Net Income from Continuing Operation Net Minority Interest": "-2,393", "Total Unusual Items Excluding Goodwill": "44.014", "Total Unusual Items": "44.014", "Normalized EBITDA": "-2,206", "Tax Rate for Calcs": "0", "Tax Effect of Unusual Items": "0"}, "5/31/2018": {"Duration": "5/31/2018", "Total Revenue": "5,564", "Cost of Revenue": "3,810", "Gross Profit": "1,754", "Operating Expense": "3,236", "Operating Income": "-1,482", "Net Non Operating Interest Income Expense": "47.727", "Other Income Expense": "47.764", "Pretax Income": "-1,434", "Tax Provision": "31.8", "Net Income Common Stockholders": "-1,466", "Diluted NI Available to Com Stockholders": "-1,466", "Basic EPS": "-0.17", "Diluted EPS": "-0.17", "Basic Average Shares": "8,570", "Diluted Average Shares": "8,570", "Total Operating Income as Reported": "-1,482", "Total Expenses": "7,046", "Net Income from Continuing & Discontinued Operation": "-1,466", "Normalized Income": "-1,466", "Interest Income": "47.764", "Interest Expense": "0.037", "Net Interest Income": "47.727", "EBIT": "-1,434", "EBITDA": "-", "Reconciled Cost of Revenue": "3,810", "Reconciled Depreciation": "186.601", "Net Income from Continuing Operation Net Minority Interest": "-1,466", "Total Unusual Items Excluding Goodwill": "47.764", "Total Unusual Items": "47.764", "Normalized EBITDA": "-1,247", "Tax Rate for Calcs": "0", "Tax Effect of Unusual Items": "0"}}, "bs": {"5/31/2020": {"Duration": "5/31/2020", "Total Assets": "17,260", "Total Liabilities Net Minority Interest": "3,047", "Total Equity Gross Minority Interest": "14,213", "Total Capitalization": "14,213", "Preferred Stock Equity": "25.714", "Common Stock Equity": "14,187", "Capital Lease Obligations": "1,781", "Net Tangible Assets": "14,044", "Working Capital": "13,290", "Invested Capital": "14,187", "Tangible Book Value": "14,019", "Total Debt": "1,781", "Share Issued": "11,740", "Ordinary Shares Number": "11,740"}, "5/31/2019": {"Duration": "5/31/2019", "Total Assets": "5,245", "Total Liabilities Net Minority Interest": "1,264", "Total Equity Gross Minority Interest": "3,981", "Total Capitalization": "3,981", "Preferred Stock Equity": "-", "Common Stock Equity": "3,981", "Capital Lease Obligations": "-", "Net Tangible Assets": "3,874", "Working Capital": "3,231", "Invested Capital": "3,981", "Tangible Book Value": "3,874", "Total Debt": "-", "Share Issued": "9,677", "Ordinary Shares Number": "9,677"}, "5/31/2018": {"Duration": "5/31/2018", "Total Assets": "5,223", "Total Liabilities Net Minority Interest": "896.808", "Total Equity Gross Minority Interest": "4,326", "Total Capitalization": "4,326", "Preferred Stock Equity": "-", "Common Stock Equity": "4,326", "Capital Lease Obligations": "-", "Net Tangible Assets": "4,227", "Working Capital": "3,587", "Invested Capital": "4,326", "Tangible Book Value": "4,227", "Total Debt": "-", "Share Issued": "8,888", "Ordinary Shares Number": "8,888"}}, "cf": {"TTM": {"Duration": "TTM", "Operating Cash Flow": "-7,739", "Investing Cash Flow": "-290.911", "Financing Cash Flow": "10,918", "End Cash Position": "5,280", "Income Tax Paid Supplemental Data": "8.95", "Interest Paid Supplemental Data": "0.018", "Capital Expenditure": "-290.911", "Issuance of Capital Stock": "10,878", "Free Cash Flow": "-8,030"}, "5/31/2020": {"Duration": "5/31/2020", "Operating Cash Flow": "-4,297", "Investing Cash Flow": "-118.927", "Financing Cash Flow": "12,374", "End Cash Position": "8,641", "Income Tax Paid Supplemental Data": "7.39", "Interest Paid Supplemental Data": "0.009", "Capital Expenditure": "-118.927", "Issuance of Capital Stock": "12,150", "Free Cash Flow": "-4,416"}, "5/31/2019": {"Duration": "5/31/2019", "Operating Cash Flow": "-2,244", "Investing Cash Flow": "-171.111", "Financing Cash Flow": "1,907", "End Cash Position": "686.785", "Income Tax Paid Supplemental Data": "14.237", "Interest Paid Supplemental Data": "0.047", "Capital Expenditure": "-171.111", "Issuance of Capital Stock": "1,777", "Free Cash Flow": "-2,415"}, "5/31/2018": {"Duration": "5/31/2018", "Operating Cash Flow": "-1,174", "Investing Cash Flow": "-130.347", "Financing Cash Flow": "1,294", "End Cash Position": "1,205", "Income Tax Paid Supplemental Data": "0.8", "Interest Paid Supplemental Data": "0.037", "Capital Expenditure": "-130.347", "Issuance of Capital Stock": "1,267", "Free Cash Flow": "-1,305"}}}}, {"QTXB": {"quote": {"03/28/2021": {"value": "0.0189", "Market Cap": "1.487M", "Beta (5Y Monthly)": "0.35", "PE Ratio (TTM)": "N/A", "EPS (TTM)": "-0.0060", "Earnings Date": "N/A", "Forward Dividend & Yield": "N/A (N/A)", "Ex-Dividend Date": "N/A", "1y Target Est": "N/A"}}, "fin": {"TTM": {"Duration": "TTM", "Total Revenue": "0", "Operating Expense": "60.624", "Operating Income": "-60.624", "Net Non Operating Interest Income Expense": "-216.72", "Other Income Expense": "24.61", "Pretax Income": "-252.734", "Tax Provision": "0", "Net Income Common Stockholders": "-252.734", "Diluted NI Available to Com Stockholders": "-252.734", "Basic EPS": "-", "Diluted EPS": "-", "Basic Average Shares": "-", "Diluted Average Shares": "-", "Total Operating Income as Reported": "-60.624", "Total Expenses": "60.624", "Net Income from Continuing & Discontinued Operation": "-252.734", "Normalized Income": "-252.734", "Interest Income": "-", "Interest Expense": "216.72", "Net Interest Income": "-216.72", "EBIT": "-36.014", "EBITDA": "-36.014", "Reconciled Depreciation": "-", "Net Income from Continuing Operation Net Minority Interest": "-252.734", "Total Unusual Items Excluding Goodwill": "0", "Total Unusual Items": "0", "Normalized EBITDA": "-36.014", "Tax Rate for Calcs": "0", "Tax Effect of Unusual Items": "0"}, "12/31/2020": {"Duration": "12/31/2020", "Total Revenue": "0", "Operating Expense": "60.624", "Operating Income": "-60.624", "Net Non Operating Interest Income Expense": "-216.72", "Other Income Expense": "24.61", "Pretax Income": "-252.734", "Tax Provision": "0", "Net Income Common Stockholders": "-252.734", "Diluted NI Available to Com Stockholders": "-252.734", "Basic EPS": "-", "Diluted EPS": "-", "Basic Average Shares": "-", "Diluted Average Shares": "-", "Total Operating Income as Reported": "-60.624", "Total Expenses": "60.624", "Net Income from Continuing & Discontinued Operation": "-252.734", "Normalized Income": "-252.734", "Interest Income": "-", "Interest Expense": "216.72", "Net Interest Income": "-216.72", "EBIT": "-36.014", "EBITDA": "-", "Reconciled Depreciation": "-", "Net Income from Continuing Operation Net Minority Interest": "-252.734", "Total Unusual Items Excluding Goodwill": "0", "Total Unusual Items": "0", "Normalized EBITDA": "-36.014", "Tax Rate for Calcs": "0", "Tax Effect of Unusual Items": "0"}, "12/31/2019": {"Duration": "12/31/2019", "Total Revenue": "0", "Operating Expense": "201.739", "Operating Income": "-201.739", "Net Non Operating Interest Income Expense": "-198.181", "Other Income Expense": "-222", "Pretax Income": "-621.92", "Tax Provision": "0", "Net Income Common Stockholders": "-621.92", "Diluted NI Available to Com Stockholders": "-621.92", "Basic EPS": "-0.01", "Diluted EPS": "-0.01", "Basic Average Shares": "78,696", "Diluted Average Shares": "78,696", "Total Operating Income as Reported": "-201.739", "Total Expenses": "201.739", "Net Income from Continuing & Discontinued Operation": "-621.92", "Normalized Income": "-399.92", "Interest Income": "0", "Interest Expense": "198.181", "Net Interest Income": "-198.181", "EBIT": "-423.739", "EBITDA": "-", "Reconciled Depreciation": "-", "Net Income from Continuing Operation Net Minority Interest": "-621.92", "Total Unusual Items Excluding Goodwill": "-222", "Total Unusual Items": "-222", "Normalized EBITDA": "-201.739", "Tax Rate for Calcs": "0", "Tax Effect of Unusual Items": "0"}, "12/31/2018": {"Duration": "12/31/2018", "Total Revenue": "0", "Operating Expense": "235.879", "Operating Income": "-235.879", "Net Non Operating Interest Income Expense": "-231.033", "Other Income Expense": "-269.938", "Pretax Income": "-736.85", "Tax Provision": "0", "Net Income Common Stockholders": "-736.85", "Diluted NI Available to Com Stockholders": "-736.85", "Basic EPS": "-0.01", "Diluted EPS": "-0.01", "Basic Average Shares": "78,696", "Diluted Average Shares": "78,696", "Total Operating Income as Reported": "-235.879", "Total Expenses": "235.879", "Net Income from Continuing & Discontinued Operation": "-736.85", "Normalized Income": "-366.652", "Interest Income": "1.134", "Interest Expense": "232.167", "Net Interest Income": "-231.033", "EBIT": "-504.683", "EBITDA": "-", "Reconciled Depreciation": "0", "Net Income from Continuing Operation Net Minority Interest": "-736.85", "Total Unusual Items Excluding Goodwill": "-370.198", "Total Unusual Items": "-370.198", "Normalized EBITDA": "-134.485", "Tax Rate for Calcs": "0", "Tax Effect of Unusual Items": "0"}}, "bs": {"12/31/2020": {"Duration": "12/31/2020", "Total Assets": "55.428", "Total Liabilities Net Minority Interest": "2,436", "Total Equity Gross Minority Interest": "-2,381", "Total Capitalization": "-2,381", "Preferred Stock Equity": "61.969", "Common Stock Equity": "-2,443", "Net Tangible Assets": "-2,381", "Working Capital": "-2,381", "Invested Capital": "-889.079", "Tangible Book Value": "-2,443", "Total Debt": "1,554", "Net Debt": "1,499", "Share Issued": "78,696", "Ordinary Shares Number": "78,696", "Preferred Shares Number": "-"}, "12/31/2019": {"Duration": "12/31/2019", "Total Assets": "137.351", "Total Liabilities Net Minority Interest": "2,266", "Total Equity Gross Minority Interest": "-2,128", "Total Capitalization": "-2,128", "Preferred Stock Equity": "61.969", "Common Stock Equity": "-2,190", "Net Tangible Assets": "-2,128", "Working Capital": "-2,128", "Invested Capital": "-651.628", "Tangible Book Value": "-2,190", "Total Debt": "1,539", "Net Debt": "1,408", "Share Issued": "78,696", "Ordinary Shares Number": "78,696", "Preferred Shares Number": "-"}, "12/31/2018": {"Duration": "12/31/2018", "Total Assets": "581.788", "Total Liabilities Net Minority Interest": "2,088", "Total Equity Gross Minority Interest": "-1,506", "Total Capitalization": "-1,506", "Preferred Stock Equity": "61.969", "Common Stock Equity": "-1,568", "Net Tangible Assets": "-1,506", "Working Capital": "-1,728", "Invested Capital": "438.043", "Tangible Book Value": "-1,568", "Total Debt": "2,006", "Net Debt": "1,684", "Share Issued": "78,696", "Ordinary Shares Number": "78,696", "Preferred Shares Number": "-"}}, "cf": {"TTM": {"Duration": "TTM", "Operating Cash Flow": "-74.923", "Investing Cash Flow": "-", "Financing Cash Flow": "0", "End Cash Position": "55.428", "Income Tax Paid Supplemental Data": "0", "Interest Paid Supplemental Data": "0", "Issuance of Debt": "-", "Repayment of Debt": "-", "Repurchase of Capital Stock": "-", "Free Cash Flow": "-74.923"}, "12/31/2020": {"Duration": "12/31/2020", "Operating Cash Flow": "-74.923", "Investing Cash Flow": "-", "Financing Cash Flow": "0", "End Cash Position": "55.428", "Income Tax Paid Supplemental Data": "0", "Interest Paid Supplemental Data": "0", "Issuance of Debt": "-", "Repayment of Debt": "-", "Repurchase of Capital Stock": "-", "Free Cash Flow": "-74.923"}, "12/31/2019": {"Duration": "12/31/2019", "Operating Cash Flow": "-191.673", "Investing Cash Flow": "0", "Financing Cash Flow": "0", "End Cash Position": "130.351", "Income Tax Paid Supplemental Data": "0", "Interest Paid Supplemental Data": "1.144", "Issuance of Debt": "-", "Repayment of Debt": "0", "Repurchase of Capital Stock": "0", "Free Cash Flow": "-191.673"}, "12/31/2018": {"Duration": "12/31/2018", "Operating Cash Flow": "-257.92", "Investing Cash Flow": "200.583", "Financing Cash Flow": "-80.75", "End Cash Position": "322.024", "Income Tax Paid Supplemental Data": "0", "Interest Paid Supplemental Data": "2.366", "Issuance of Debt": "0", "Repayment of Debt": "-60.75", "Repurchase of Capital Stock": "-20", "Free Cash Flow": "-257.92"}}}}, {"COO": {"quote": {"03/28/2021": {"value": "383.85", "Market Cap": "18.867B", "Beta (5Y Monthly)": "0.84", "PE Ratio (TTM)": "8.46", "EPS (TTM)": "45.38", "Earnings Date": "Jun 02, 2021 - Jun 07, 2021", "Forward Dividend & Yield": "0.06 (0.02%)", "Ex-Dividend Date": "Jan 21, 2021", "1y Target Est": "406.45"}}, "fin": {"TTM": {"Duration": "TTM", "Total Revenue": "2,465,200", "Cost of Revenue": "906,200", "Gross Profit": "1,559,000", "Operating Expense": "1,224,900", "Operating Income": "334,100", "Net Non Operating Interest Income Expense": "-31,600", "Other Income Expense": "6,100", "Pretax Income": "308,600", "Tax Provision": "-1,940,400", "Net Income Common Stockholders": "2,249,000", "Diluted NI Available to Com Stockholders": "2,249,000", "Basic EPS": "-", "Diluted EPS": "-", "Basic Average Shares": "-", "Diluted Average Shares": "-", "Total Operating Income as Reported": "334,100", "Total Expenses": "2,131,100", "Net Income from Continuing & Discontinued Operation": "2,249,000", "Normalized Income": "2,241,920", "Interest Expense": "31,600", "Net Interest Income": "-31,600", "EBIT": "340,200", "EBITDA": "632,200", "Reconciled Cost of Revenue": "751,200", "Reconciled Depreciation": "292,000", "Net Income from Continuing Operation Net Minority Interest": "2,249,000", "Total Unusual Items Excluding Goodwill": "11,800", "Total Unusual Items": "11,800", "Normalized EBITDA": "620,400", "Tax Rate for Calcs": "0", "Tax Effect of Unusual Items": "4,720"}, "10/31/2020": {"Duration": "10/31/2020", "Total Revenue": "2,430,900", "Cost of Revenue": "896,100", "Gross Profit": "1,534,800", "Operating Expense": "1,223,000", "Operating Income": "311,800", "Net Non Operating Interest Income Expense": "-36,800", "Other Income Expense": "-8,500", "Pretax Income": "266,500", "Tax Provision": "28,100", "Net Income Common Stockholders": "238,400", "Diluted NI Available to Com Stockholders": "238,400", "Basic EPS": "4.86", "Diluted EPS": "4.81", "Basic Average Shares": "49,100", "Diluted Average Shares": "49,600", "Total Operating Income as Reported": "311,800", "Total Expenses": "2,119,100", "Net Income from Continuing & Discontinued Operation": "238,400", "Normalized Income": "239,473", "Interest Expense": "36,800", "Net Interest Income": "-36,800", "EBIT": "303,300", "EBITDA": "-", "Reconciled Cost of Revenue": "746,200", "Reconciled Depreciation": "287,100", "Net Income from Continuing Operation Net Minority Interest": "238,400", "Total Unusual Items Excluding Goodwill": "-1,200", "Total Unusual Items": "-1,200", "Normalized EBITDA": "591,600", "Tax Rate for Calcs": "0", "Tax Effect of Unusual Items": "-127.2"}, "10/31/2019": {"Duration": "10/31/2019", "Total Revenue": "2,653,400", "Cost of Revenue": "896,600", "Gross Profit": "1,756,800", "Operating Expense": "1,228,700", "Operating Income": "528,100", "Net Non Operating Interest Income Expense": "-68,000", "Other Income Expense": "17,300", "Pretax Income": "477,400", "Tax Provision": "10,700", "Net Income Common Stockholders": "466,700", "Diluted NI Available to Com Stockholders": "466,700", "Basic EPS": "9.51", "Diluted EPS": "9.33", "Basic Average Shares": "49,100", "Diluted Average Shares": "50,000", "Total Operating Income as Reported": "546,700", "Total Expenses": "2,125,300", "Net Income from Continuing & Discontinued Operation": "466,700", "Normalized Income": "450,677", "Interest Expense": "68,000", "Net Interest Income": "-68,000", "EBIT": "545,400", "EBITDA": "-", "Reconciled Cost of Revenue": "761,600", "Reconciled Depreciation": "280,800", "Net Income from Continuing Operation Net Minority Interest": "466,700", "Total Unusual Items Excluding Goodwill": "16,400", "Total Unusual Items": "16,400", "Normalized EBITDA": "809,800", "Tax Rate for Calcs": "0", "Tax Effect of Unusual Items": "377.2"}, "10/31/2018": {"Duration": "10/31/2018", "Total Revenue": "2,532,800", "Cost of Revenue": "900,500", "Gross Profit": "1,632,300", "Operating Expense": "1,204,800", "Operating Income": "427,500", "Net Non Operating Interest Income Expense": "-82,700", "Other Income Expense": "-12,900", "Pretax Income": "331,900", "Tax Provision": "192,000", "Net Income Common Stockholders": "139,900", "Diluted NI Available to Com Stockholders": "139,900", "Basic EPS": "2.84", "Diluted EPS": "2.81", "Basic Average Shares": "49,200", "Diluted Average Shares": "49,700", "Total Operating Income as Reported": "403,100", "Total Expenses": "2,105,300", "Net Income from Continuing & Discontinued Operation": "139,900", "Normalized Income": "157,712", "Interest Expense": "82,700", "Net Interest Income": "-82,700", "EBIT": "414,600", "EBITDA": "-", "Reconciled Cost of Revenue": "772,100", "Reconciled Depreciation": "275,100", "Net Income from Continuing Operation Net Minority Interest": "139,900", "Total Unusual Items Excluding Goodwill": "-24,400", "Total Unusual Items": "-24,400", "Normalized EBITDA": "714,100", "Tax Rate for Calcs": "0", "Tax Effect of Unusual Items": "-6,588"}}, "bs": {"10/31/2020": {"Duration": "10/31/2020", "Total Assets": "6,737,500", "Total Liabilities Net Minority Interest": "2,912,700", "Total Equity Gross Minority Interest": "3,824,800", "Total Capitalization": "5,208,500", "Common Stock Equity": "3,824,600", "Capital Lease Obligations": "270,100", "Net Tangible Assets": "88,300", "Working Capital": "269,800", "Invested Capital": "5,617,800", "Tangible Book Value": "88,300", "Total Debt": "2,063,300", "Net Debt": "1,677,300", "Share Issued": "53,400", "Ordinary Shares Number": "49,100", "Treasury Shares Number": "4,300"}, "10/31/2019": {"Duration": "10/31/2019", "Total Assets": "6,274,500", "Total Liabilities Net Minority Interest": "2,645,900", "Total Equity Gross Minority Interest": "3,628,600", "Total Capitalization": "4,891,000", "Common Stock Equity": "3,628,400", "Capital Lease Obligations": "-", "Net Tangible Assets": "-205,800", "Working Capital": "52,800", "Invested Capital": "5,454,700", "Tangible Book Value": "-205,800", "Total Debt": "1,826,300", "Net Debt": "1,737,300", "Share Issued": "53,200", "Ordinary Shares Number": "49,100", "Treasury Shares Number": "4,100"}, "10/31/2018": {"Duration": "10/31/2018", "Total Assets": "6,112,800", "Total Liabilities Net Minority Interest": "2,805,000", "Total Equity Gross Minority Interest": "3,307,800", "Total Capitalization": "5,293,300", "Common Stock Equity": "3,307,600", "Capital Lease Obligations": "-", "Net Tangible Assets": "-605,800", "Working Capital": "554,400", "Invested Capital": "5,330,400", "Tangible Book Value": "-605,800", "Total Debt": "2,022,800", "Net Debt": "1,945,100", "Share Issued": "52,800", "Ordinary Shares Number": "49,200", "Treasury Shares Number": "3,600"}}, "cf": {"TTM": {"Duration": "TTM", "Operating Cash Flow": "504,600", "Investing Cash Flow": "-421,800", "Financing Cash Flow": "-45,900", "End Cash Position": "114,300", "Income Tax Paid Supplemental Data": "51,100", "Interest Paid Supplemental Data": "46,500", "Capital Expenditure": "-297,300", "Issuance of Debt": "3,224,400", "Repayment of Debt": "-3,202,600", "Repurchase of Capital Stock": "-72,600", "Free Cash Flow": "207,300"}, "10/31/2020": {"Duration": "10/31/2020", "Operating Cash Flow": "486,600", "Investing Cash Flow": "-364,500", "Financing Cash Flow": "-95,500", "End Cash Position": "116,800", "Income Tax Paid Supplemental Data": "51,100", "Interest Paid Supplemental Data": "46,500", "Capital Expenditure": "-310,400", "Issuance of Debt": "3,205,400", "Repayment of Debt": "-3,242,500", "Repurchase of Capital Stock": "-47,800", "Free Cash Flow": "176,200"}, "10/31/2019": {"Duration": "10/31/2019", "Operating Cash Flow": "713,200", "Investing Cash Flow": "-351,300", "Financing Cash Flow": "-351,400", "End Cash Position": "89,500", "Income Tax Paid Supplemental Data": "39,200", "Interest Paid Supplemental Data": "75,300", "Capital Expenditure": "-292,100", "Issuance of Debt": "1,136,800", "Repayment of Debt": "-1,861,800", "Repurchase of Capital Stock": "-156,100", "Free Cash Flow": "421,100"}, "10/31/2018": {"Duration": "10/31/2018", "Operating Cash Flow": "668,900", "Investing Cash Flow": "-1,517,500", "Financing Cash Flow": "844,400", "End Cash Position": "80,200", "Income Tax Paid Supplemental Data": "18,800", "Interest Paid Supplemental Data": "82,100", "Capital Expenditure": "-193,600", "Issuance of Debt": "2,761,700", "Repayment of Debt": "-1,912,100", "Repurchase of Capital Stock": "0", "Free Cash Flow": "475,300"}}}}, {"WAT": {"quote": {"03/28/2021": {"value": "281.22", "Market Cap": "17.523B", "Beta (5Y Monthly)": "0.83", "PE Ratio (TTM)": "33.64", "EPS (TTM)": "8.36", "Earnings Date": "Apr 26, 2021 - Apr 30, 2021", "Forward Dividend & Yield": "N/A (N/A)", "Ex-Dividend Date": "Nov 26, 1996", "1y Target Est": "274.62"}}, "fin": {"TTM": {"Duration": "TTM", "Total Revenue": "2,365,365", "Cost of Revenue": "1,006,689", "Gross Profit": "1,358,676", "Operating Expense": "705,062", "Operating Income": "653,614", "Net Non Operating Interest Income Expense": "-32,800", "Other Income Expense": "-9,900", "Pretax Income": "610,914", "Tax Provision": "89,343", "Net Income Common Stockholders": "521,571", "Diluted NI Available to Com Stockholders": "521,571", "Basic EPS": "-", "Diluted EPS": "-", "Basic Average Shares": "-", "Diluted Average Shares": "-", "Total Operating Income as Reported": "645,489", "Total Expenses": "1,711,751", "Net Income from Continuing & Discontinued Operation": "521,571", "Normalized Income": "528,510", "Interest Income": "16,270", "Interest Expense": "49,070", "Net Interest Income": "-32,800", "EBIT": "659,984", "EBITDA": "785,345", "Reconciled Cost of Revenue": "891,915", "Reconciled Depreciation": "125,361", "Net Income from Continuing Operation Net Minority Interest": "521,571", "Total Unusual Items Excluding Goodwill": "-8,125", "Total Unusual Items": "-8,125", "Normalized EBITDA": "793,470", "Tax Rate for Calcs": "0", "Tax Effect of Unusual Items": "-1,186"}, "12/31/2020": {"Duration": "12/31/2020", "Total Revenue": "2,365,365", "Cost of Revenue": "1,006,689", "Gross Profit": "1,358,676", "Operating Expense": "705,062", "Operating Income": "653,614", "Net Non Operating Interest Income Expense": "-32,800", "Other Income Expense": "-9,900", "Pretax Income": "610,914", "Tax Provision": "89,343", "Net Income Common Stockholders": "521,571", "Diluted NI Available to Com Stockholders": "521,571", "Basic EPS": "-", "Diluted EPS": "-", "Basic Average Shares": "-", "Diluted Average Shares": "-", "Total Operating Income as Reported": "645,489", "Total Expenses": "1,711,751", "Net Income from Continuing & Discontinued Operation": "521,571", "Normalized Income": "528,510", "Interest Income": "16,270", "Interest Expense": "49,070", "Net Interest Income": "-32,800", "EBIT": "659,984", "EBITDA": "-", "Reconciled Cost of Revenue": "891,915", "Reconciled Depreciation": "125,361", "Net Income from Continuing Operation Net Minority Interest": "521,571", "Total Unusual Items Excluding Goodwill": "-8,125", "Total Unusual Items": "-8,125", "Normalized EBITDA": "793,470", "Tax Rate for Calcs": "0", "Tax Effect of Unusual Items": "-1,186"}, "12/31/2019": {"Duration": "12/31/2019", "Total Revenue": "2,406,596", "Cost of Revenue": "1,010,700", "Gross Profit": "1,395,896", "Operating Expense": "687,439", "Operating Income": "708,457", "Net Non Operating Interest Income Expense": "-26,632", "Other Income Expense": "-3,586", "Pretax Income": "678,239", "Tax Provision": "86,041", "Net Income Common Stockholders": "592,198", "Diluted NI Available to Com Stockholders": "592,198", "Basic EPS": "8.76", "Diluted EPS": "8.69", "Basic Average Shares": "67,627", "Diluted Average Shares": "68,166", "Total Operating Income as Reported": "708,457", "Total Expenses": "1,698,139", "Net Income from Continuing & Discontinued Operation": "592,198", "Normalized Income": "592,198", "Interest Income": "22,058", "Interest Expense": "48,690", "Net Interest Income": "-26,632", "EBIT": "726,929", "EBITDA": "-", "Reconciled Cost of Revenue": "915,097", "Reconciled Depreciation": "105,296", "Net Income from Continuing Operation Net Minority Interest": "592,198", "Total Unusual Items Excluding Goodwill": "0", "Total Unusual Items": "0", "Normalized EBITDA": "832,225", "Tax Rate for Calcs": "0", "Tax Effect of Unusual Items": "0"}, "12/31/2018": {"Duration": "12/31/2018", "Total Revenue": "2,419,929", "Cost of Revenue": "992,564", "Gross Profit": "1,427,365", "Operating Expense": "688,017", "Operating Income": "739,348", "Net Non Operating Interest Income Expense": "-9,834", "Other Income Expense": "-47,368", "Pretax Income": "682,146", "Tax Provision": "88,352", "Net Income Common Stockholders": "593,794", "Diluted NI Available to Com Stockholders": "593,794", "Basic EPS": "7.71", "Diluted EPS": "7.65", "Basic Average Shares": "76,992", "Diluted Average Shares": "77,618", "Total Operating Income as Reported": "739,774", "Total Expenses": "1,680,581", "Net Income from Continuing & Discontinued Operation": "593,794", "Normalized Income": "593,423", "Interest Income": "38,807", "Interest Expense": "48,641", "Net Interest Income": "-9,834", "EBIT": "730,787", "EBITDA": "-", "Reconciled Cost of Revenue": "891,868", "Reconciled Depreciation": "108,408", "Net Income from Continuing Operation Net Minority Interest": "593,794", "Total Unusual Items Excluding Goodwill": "426", "Total Unusual Items": "426", "Normalized EBITDA": "838,769", "Tax Rate for Calcs": "0", "Tax Effect of Unusual Items": "55.38"}}, "bs": {"12/31/2020": {"Duration": "12/31/2020", "Total Assets": "2,839,920", "Total Liabilities Net Minority Interest": "2,607,776", "Total Equity Gross Minority Interest": "232,144", "Total Capitalization": "1,438,659", "Common Stock Equity": "232,144", "Capital Lease Obligations": "95,961", "Net Tangible Assets": "-470,863", "Working Capital": "596,050", "Invested Capital": "1,588,659", "Tangible Book Value": "-470,863", "Total Debt": "1,452,476", "Net Debt": "919,820", "Share Issued": "161,666", "Ordinary Shares Number": "62,309", "Treasury Shares Number": "99,357"}, "12/31/2019": {"Duration": "12/31/2019", "Total Assets": "2,557,055", "Total Liabilities Net Minority Interest": "2,773,336", "Total Equity Gross Minority Interest": "-216,281", "Total Capitalization": "1,364,516", "Common Stock Equity": "-216,281", "Capital Lease Obligations": "94,006", "Net Tangible Assets": "-812,612", "Working Capital": "721,157", "Invested Capital": "1,464,882", "Tangible Book Value": "-812,612", "Total Debt": "1,775,169", "Net Debt": "1,345,448", "Share Issued": "161,030", "Ordinary Shares Number": "62,587", "Treasury Shares Number": "98,443"}, "12/31/2018": {"Duration": "12/31/2018", "Total Assets": "3,727,426", "Total Liabilities Net Minority Interest": "2,160,168", "Total Equity Gross Minority Interest": "1,567,258", "Total Capitalization": "2,715,430", "Common Stock Equity": "1,567,258", "Capital Lease Obligations": "-", "Net Tangible Assets": "964,742", "Working Capital": "2,214,232", "Invested Capital": "2,715,608", "Tangible Book Value": "964,742", "Total Debt": "1,148,350", "Net Debt": "352,070", "Share Issued": "160,472", "Ordinary Shares Number": "73,115", "Treasury Shares Number": "87,357"}}, "cf": {"TTM": {"Duration": "TTM", "Operating Cash Flow": "790,507", "Investing Cash Flow": "-264,094", "Financing Cash Flow": "-440,502", "End Cash Position": "436,695", "Income Tax Paid Supplemental Data": "97,621", "Interest Paid Supplemental Data": "52,103", "Capital Expenditure": "-172,384", "Issuance of Debt": "315,000", "Repayment of Debt": "-640,366", "Repurchase of Capital Stock": "-196,409", "Free Cash Flow": "618,123"}, "12/31/2020": {"Duration": "12/31/2020", "Operating Cash Flow": "790,507", "Investing Cash Flow": "-264,094", "Financing Cash Flow": "-440,502", "End Cash Position": "436,695", "Income Tax Paid Supplemental Data": "97,621", "Interest Paid Supplemental Data": "52,103", "Capital Expenditure": "-172,384", "Issuance of Debt": "315,000", "Repayment of Debt": "-640,366", "Repurchase of Capital Stock": "-196,409", "Free Cash Flow": "618,123"}, "12/31/2019": {"Duration": "12/31/2019", "Operating Cash Flow": "643,087", "Investing Cash Flow": "768,802", "Financing Cash Flow": "-1,872,678", "End Cash Position": "335,715", "Income Tax Paid Supplemental Data": "87,998", "Interest Paid Supplemental Data": "42,843", "Capital Expenditure": "-163,823", "Issuance of Debt": "925,670", "Repayment of Debt": "-390,482", "Repurchase of Capital Stock": "-2,469,258", "Free Cash Flow": "479,264"}, "12/31/2018": {"Duration": "12/31/2018", "Operating Cash Flow": "604,446", "Investing Cash Flow": "1,683,302", "Financing Cash Flow": "-2,119,522", "End Cash Position": "796,280", "Income Tax Paid Supplemental Data": "159,397", "Interest Paid Supplemental Data": "50,798", "Capital Expenditure": "-96,079", "Issuance of Debt": "274", "Repayment of Debt": "-850,435", "Repurchase of Capital Stock": "-1,315,106", "Free Cash Flow": "508,367"}}}}, {"LMNX": {"quote": {"03/28/2021": {"value": "32.11", "Market Cap": "1.499B", "Beta (5Y Monthly)": "0.55", "PE Ratio (TTM)": "98.80", "EPS (TTM)": "0.32", "Earnings Date": "May 03, 2021 - May 07, 2021", "Forward Dividend & Yield": "0.40 (1.25%)", "Ex-Dividend Date": "Mar 24, 2021", "1y Target Est": "35.00"}}, "fin": {"TTM": {"Duration": "TTM", "Total Revenue": "417,396", "Cost of Revenue": "169,544", "Gross Profit": "247,852", "Operating Expense": "205,409", "Operating Income": "42,443", "Net Non Operating Interest Income Expense": "-11,912", "Other Income Expense": "-1,591", "Pretax Income": "28,940", "Tax Provision": "13,770", "Net Income Common Stockholders": "14,873", "Average Dilution Earnings": "-1", "Diluted NI Available to Com Stockholders": "14,872", "Basic EPS": "-", "Diluted EPS": "-", "Basic Average Shares": "-", "Diluted Average Shares": "-", "Total Operating Income as Reported": "42,443", "Total Expenses": "374,953", "Net Income from Continuing & Discontinued Operation": "15,170", "Normalized Income": "15,170", "Interest Expense": "11,912", "Net Interest Income": "-11,912", "EBIT": "40,852", "EBITDA": "71,335", "Reconciled Cost of Revenue": "150,603", "Reconciled Depreciation": "30,483", "Net Income from Continuing Operation Net Minority Interest": "15,170", "Total Unusual Items Excluding Goodwill": "-", "Total Unusual Items": "-", "Normalized EBITDA": "71,335", "Tax Rate for Calcs": "0", "Tax Effect of Unusual Items": "0"}, "12/31/2020": {"Duration": "12/31/2020", "Total Revenue": "417,396", "Cost of Revenue": "169,544", "Gross Profit": "247,852", "Operating Expense": "205,409", "Operating Income": "42,443", "Net Non Operating Interest Income Expense": "-11,912", "Other Income Expense": "-1,591", "Pretax Income": "28,940", "Tax Provision": "13,770", "Net Income Common Stockholders": "14,873", "Average Dilution Earnings": "-1", "Diluted NI Available to Com Stockholders": "14,872", "Basic EPS": "-", "Diluted EPS": "-", "Basic Average Shares": "-", "Diluted Average Shares": "-", "Total Operating Income as Reported": "42,443", "Total Expenses": "374,953", "Net Income from Continuing & Discontinued Operation": "15,170", "Normalized Income": "15,170", "Interest Expense": "11,912", "Net Interest Income": "-11,912", "EBIT": "40,852", "EBITDA": "-", "Reconciled Cost of Revenue": "150,603", "Reconciled Depreciation": "30,483", "Net Income from Continuing Operation Net Minority Interest": "15,170", "Total Unusual Items Excluding Goodwill": "-", "Total Unusual Items": "-", "Normalized EBITDA": "71,335", "Tax Rate for Calcs": "0", "Tax Effect of Unusual Items": "0"}, "12/31/2019": {"Duration": "12/31/2019", "Total Revenue": "334,638", "Cost of Revenue": "151,899", "Gross Profit": "182,739", "Operating Expense": "194,818", "Operating Income": "-12,079", "Net Non Operating Interest Income Expense": "-", "Other Income Expense": "2,577", "Pretax Income": "-9,502", "Tax Provision": "-5,664", "Net Income Common Stockholders": "-3,773", "Average Dilution Earnings": "-2", "Diluted NI Available to Com Stockholders": "-3,775", "Basic EPS": "-0.09", "Diluted EPS": "-0.09", "Basic Average Shares": "44,148", "Diluted Average Shares": "44,148", "Total Operating Income as Reported": "-12,079", "Total Expenses": "346,717", "Net Income from Continuing & Discontinued Operation": "-3,838", "Normalized Income": "-3,838", "Interest Expense": "-", "Net Interest Income": "-", "EBIT": "-12,079", "EBITDA": "-", "Reconciled Cost of Revenue": "134,777", "Reconciled Depreciation": "28,529", "Net Income from Continuing Operation Net Minority Interest": "-3,838", "Total Unusual Items Excluding Goodwill": "-", "Total Unusual Items": "-", "Normalized EBITDA": "16,450", "Tax Rate for Calcs": "0", "Tax Effect of Unusual Items": "0"}, "12/31/2018": {"Duration": "12/31/2018", "Total Revenue": "315,818", "Cost of Revenue": "120,327", "Gross Profit": "195,491", "Operating Expense": "167,645", "Operating Income": "27,846", "Net Non Operating Interest Income Expense": "0", "Other Income Expense": "465", "Pretax Income": "28,311", "Tax Provision": "9,803", "Net Income Common Stockholders": "18,196", "Average Dilution Earnings": "1", "Diluted NI Available to Com Stockholders": "18,197", "Basic EPS": "0.42", "Diluted EPS": "0.41", "Basic Average Shares": "43,727", "Diluted Average Shares": "44,291", "Total Operating Income as Reported": "27,846", "Total Expenses": "287,972", "Net Income from Continuing & Discontinued Operation": "18,508", "Normalized Income": "18,508", "Interest Expense": "-", "Net Interest Income": "0", "EBIT": "27,846", "EBITDA": "-", "Reconciled Cost of Revenue": "105,318", "Reconciled Depreciation": "23,674", "Net Income from Continuing Operation Net Minority Interest": "18,508", "Total Unusual Items Excluding Goodwill": "0", "Total Unusual Items": "0", "Normalized EBITDA": "51,520", "Tax Rate for Calcs": "0", "Tax Effect of Unusual Items": "0"}}, "bs": {"12/31/2020": {"Duration": "12/31/2020", "Total Assets": "825,463", "Total Liabilities Net Minority Interest": "307,752", "Total Equity Gross Minority Interest": "517,711", "Total Capitalization": "720,847", "Common Stock Equity": "517,711", "Capital Lease Obligations": "19,308", "Net Tangible Assets": "315,316", "Working Capital": "421,570", "Invested Capital": "720,847", "Tangible Book Value": "315,316", "Total Debt": "222,444", "Share Issued": "45,683", "Ordinary Shares Number": "45,683"}, "12/31/2019": {"Duration": "12/31/2019", "Total Assets": "543,729", "Total Liabilities Net Minority Interest": "78,869", "Total Equity Gross Minority Interest": "464,860", "Total Capitalization": "464,860", "Common Stock Equity": "464,860", "Capital Lease Obligations": "22,235", "Net Tangible Assets": "250,352", "Working Capital": "144,401", "Invested Capital": "464,860", "Tangible Book Value": "250,352", "Total Debt": "22,235", "Share Issued": "44,325", "Ordinary Shares Number": "44,325"}, "12/31/2018": {"Duration": "12/31/2018", "Total Assets": "525,175", "Total Liabilities Net Minority Interest": "57,519", "Total Equity Gross Minority Interest": "467,656", "Total Capitalization": "467,656", "Common Stock Equity": "467,656", "Capital Lease Obligations": "-", "Net Tangible Assets": "237,728", "Working Capital": "151,369", "Invested Capital": "467,656", "Tangible Book Value": "237,728", "Total Debt": "-", "Share Issued": "43,899", "Ordinary Shares Number": "43,899"}}, "cf": {"TTM": {"Duration": "TTM", "Operating Cash Flow": "49,931", "Investing Cash Flow": "-17,888", "Financing Cash Flow": "219,166", "End Cash Position": "309,407", "Income Tax Paid Supplemental Data": "-", "Interest Paid Supplemental Data": "-", "Capital Expenditure": "-17,910", "Issuance of Capital Stock": "20,435", "Issuance of Debt": "252,247", "Repayment of Debt": "-", "Free Cash Flow": "32,021"}, "12/31/2020": {"Duration": "12/31/2020", "Operating Cash Flow": "49,931", "Investing Cash Flow": "-17,888", "Financing Cash Flow": "219,166", "End Cash Position": "309,407", "Income Tax Paid Supplemental Data": "-", "Interest Paid Supplemental Data": "-", "Capital Expenditure": "-17,910", "Issuance of Capital Stock": "20,435", "Issuance of Debt": "252,247", "Repayment of Debt": "-", "Free Cash Flow": "32,021"}, "12/31/2019": {"Duration": "12/31/2019", "Operating Cash Flow": "13,537", "Investing Cash Flow": "-20,619", "Financing Cash Flow": "-10,498", "End Cash Position": "59,173", "Income Tax Paid Supplemental Data": "-", "Interest Paid Supplemental Data": "-", "Capital Expenditure": "-16,289", "Issuance of Capital Stock": "3,750", "Issuance of Debt": "-", "Repayment of Debt": "-", "Free Cash Flow": "-2,752"}, "12/31/2018": {"Duration": "12/31/2018", "Operating Cash Flow": "50,899", "Investing Cash Flow": "-93,453", "Financing Cash Flow": "-8,396", "End Cash Position": "76,441", "Income Tax Paid Supplemental Data": "-", "Interest Paid Supplemental Data": "-", "Capital Expenditure": "-25,292", "Issuance of Capital Stock": "4,570", "Issuance of Debt": "-", "Repayment of Debt": "0", "Free Cash Flow": "25,607"}}}}, {"PODD": {"quote": {"03/28/2021": {"value": "266.80", "Market Cap": "17.63B", "Beta (5Y Monthly)": "0.66", "PE Ratio (TTM)": "2,668.00", "EPS (TTM)": "0.10", "Earnings Date": "May 05, 2021 - May 10, 2021", "Forward Dividend & Yield": "N/A (N/A)", "Ex-Dividend Date": "N/A", "1y Target Est": "282.19"}}, "fin": {"TTM": {"Duration": "TTM", "Total Revenue": "904,400", "Cost of Revenue": "322,100", "Gross Profit": "582,300", "Operating Expense": "530,800", "Operating Income": "51,500", "Net Non Operating Interest Income Expense": "-45,100", "Other Income Expense": "3,300", "Pretax Income": "9,700", "Tax Provision": "2,900", "Net Income Common Stockholders": "6,800", "Diluted NI Available to Com Stockholders": "6,800", "Basic EPS": "-", "Diluted EPS": "-", "Basic Average Shares": "-", "Diluted Average Shares": "-", "Total Operating Income as Reported": "51,500", "Total Expenses": "852,900", "Net Income from Continuing & Discontinued Operation": "6,800", "Normalized Income": "6,800", "Interest Income": "3,000", "Interest Expense": "45,200", "Net Interest Income": "-45,100", "EBIT": "54,900", "EBITDA": "110,300", "Reconciled Cost of Revenue": "322,100", "Reconciled Depreciation": "55,400", "Net Income from Continuing Operation Net Minority Interest": "6,800", "Total Unusual Items Excluding Goodwill": "0", "Total Unusual Items": "0", "Normalized EBITDA": "110,300", "Tax Rate for Calcs": "0", "Tax Effect of Unusual Items": "0"}, "12/31/2020": {"Duration": "12/31/2020", "Total Revenue": "904,400", "Cost of Revenue": "322,100", "Gross Profit": "582,300", "Operating Expense": "530,800", "Operating Income": "51,500", "Net Non Operating Interest Income Expense": "-45,100", "Other Income Expense": "3,300", "Pretax Income": "9,700", "Tax Provision": "2,900", "Net Income Common Stockholders": "6,800", "Diluted NI Available to Com Stockholders": "6,800", "Basic EPS": "-", "Diluted EPS": "-", "Basic Average Shares": "-", "Diluted Average Shares": "-", "Total Operating Income as Reported": "51,500", "Total Expenses": "852,900", "Net Income from Continuing & Discontinued Operation": "6,800", "Normalized Income": "6,800", "Interest Income": "3,000", "Interest Expense": "45,200", "Net Interest Income": "-45,100", "EBIT": "54,900", "EBITDA": "-", "Reconciled Cost of Revenue": "322,100", "Reconciled Depreciation": "55,400", "Net Income from Continuing Operation Net Minority Interest": "6,800", "Total Unusual Items Excluding Goodwill": "0", "Total Unusual Items": "0", "Normalized EBITDA": "110,300", "Tax Rate for Calcs": "0", "Tax Effect of Unusual Items": "0"}, "12/31/2019": {"Duration": "12/31/2019", "Total Revenue": "738,200", "Cost of Revenue": "257,900", "Gross Profit": "480,300", "Operating Expense": "430,300", "Operating Income": "50,000", "Net Non Operating Interest Income Expense": "-26,800", "Other Income Expense": "-8,700", "Pretax Income": "14,500", "Tax Provision": "2,900", "Net Income Common Stockholders": "11,600", "Diluted NI Available to Com Stockholders": "11,600", "Basic EPS": "0.19", "Diluted EPS": "0.19", "Basic Average Shares": "60,594", "Diluted Average Shares": "62,304", "Total Operating Income as Reported": "50,000", "Total Expenses": "688,200", "Net Income from Continuing & Discontinued Operation": "11,600", "Normalized Income": "18,577", "Interest Income": "7,800", "Interest Expense": "31,800", "Net Interest Income": "-26,800", "EBIT": "46,300", "EBITDA": "-", "Reconciled Cost of Revenue": "257,900", "Reconciled Depreciation": "27,900", "Net Income from Continuing Operation Net Minority Interest": "11,600", "Total Unusual Items Excluding Goodwill": "-8,700", "Total Unusual Items": "-8,700", "Normalized EBITDA": "82,900", "Tax Rate for Calcs": "0", "Tax Effect of Unusual Items": "-1,723"}, "12/31/2018": {"Duration": "12/31/2018", "Total Revenue": "563,823", "Cost of Revenue": "193,655", "Gross Profit": "370,168", "Operating Expense": "342,745", "Operating Income": "27,423", "Net Non Operating Interest Income Expense": "-22,197", "Other Income Expense": "-", "Pretax Income": "5,226", "Tax Provision": "1,934", "Net Income Common Stockholders": "3,292", "Diluted NI Available to Com Stockholders": "3,292", "Basic EPS": "0.06", "Diluted EPS": "0.05", "Basic Average Shares": "58,860", "Diluted Average Shares": "61,008", "Total Operating Income as Reported": "27,423", "Total Expenses": "536,400", "Net Income from Continuing & Discontinued Operation": "3,292", "Normalized Income": "3,292", "Interest Income": "6,705", "Interest Expense": "28,902", "Net Interest Income": "-22,197", "EBIT": "34,128", "EBITDA": "-", "Reconciled Cost of Revenue": "193,655", "Reconciled Depreciation": "15,646", "Net Income from Continuing Operation Net Minority Interest": "3,292", "Total Unusual Items Excluding Goodwill": "0", "Total Unusual Items": "0", "Normalized EBITDA": "49,774", "Tax Rate for Calcs": "0", "Tax Effect of Unusual Items": "0"}}, "bs": {"12/31/2020": {"Duration": "12/31/2020", "Total Assets": "1,872,900", "Total Liabilities Net Minority Interest": "1,269,300", "Total Equity Gross Minority Interest": "603,600", "Total Capitalization": "1,647,300", "Common Stock Equity": "603,600", "Net Tangible Assets": "535,100", "Working Capital": "1,040,900", "Invested Capital": "1,662,900", "Tangible Book Value": "535,100", "Total Debt": "1,059,300", "Net Debt": "152,100", "Share Issued": "66,017", "Ordinary Shares Number": "66,017"}, "12/31/2019": {"Duration": "12/31/2019", "Total Assets": "1,142,900", "Total Liabilities Net Minority Interest": "1,067,000", "Total Equity Gross Minority Interest": "75,900", "Total Capitalization": "963,800", "Common Stock Equity": "75,900", "Net Tangible Assets": "22,900", "Working Capital": "433,300", "Invested Capital": "963,800", "Tangible Book Value": "22,900", "Total Debt": "887,900", "Net Debt": "674,200", "Share Issued": "62,685", "Ordinary Shares Number": "62,685"}, "12/31/2018": {"Duration": "12/31/2018", "Total Assets": "928,744", "Total Liabilities Net Minority Interest": "716,645", "Total Equity Gross Minority Interest": "212,099", "Total Capitalization": "804,077", "Common Stock Equity": "212,099", "Net Tangible Assets": "162,070", "Working Capital": "345,629", "Invested Capital": "804,077", "Tangible Book Value": "162,070", "Total Debt": "591,978", "Net Debt": "478,072", "Share Issued": "59,189", "Ordinary Shares Number": "59,189"}}, "cf": {"TTM": {"Duration": "TTM", "Operating Cash Flow": "84,000", "Investing Cash Flow": "14,000", "Financing Cash Flow": "605,500", "End Cash Position": "922,000", "Income Tax Paid Supplemental Data": "3,000", "Interest Paid Supplemental Data": "2,600", "Capital Expenditure": "-166,500", "Issuance of Capital Stock": "477,500", "Issuance of Debt": "128,300", "Repayment of Debt": "0", "Free Cash Flow": "-82,500"}, "12/31/2020": {"Duration": "12/31/2020", "Operating Cash Flow": "84,000", "Investing Cash Flow": "14,000", "Financing Cash Flow": "605,500", "End Cash Position": "922,000", "Income Tax Paid Supplemental Data": "3,000", "Interest Paid Supplemental Data": "2,600", "Capital Expenditure": "-166,500", "Issuance of Capital Stock": "477,500", "Issuance of Debt": "128,300", "Repayment of Debt": "0", "Free Cash Flow": "-82,500"}, "12/31/2019": {"Duration": "12/31/2019", "Operating Cash Flow": "98,400", "Investing Cash Flow": "-73,600", "Financing Cash Flow": "73,500", "End Cash Position": "213,700", "Income Tax Paid Supplemental Data": "2,500", "Interest Paid Supplemental Data": "0", "Capital Expenditure": "-170,900", "Issuance of Capital Stock": "50,900", "Issuance of Debt": "780,200", "Repayment of Debt": "-663,600", "Free Cash Flow": "-72,500"}, "12/31/2018": {"Duration": "12/31/2018", "Operating Cash Flow": "35,899", "Investing Cash Flow": "-184,504", "Financing Cash Flow": "-8,665", "End Cash Position": "113,906", "Income Tax Paid Supplemental Data": "795", "Interest Paid Supplemental Data": "0", "Capital Expenditure": "-162,354", "Issuance of Capital Stock": "15,815", "Issuance of Debt": "0", "Repayment of Debt": "-6,699", "Free Cash Flow": "-126,455"}}}}, {"CFMS": {"quote": {"03/28/2021": {"value": "0.9950", "Market Cap": "181.666M", "Beta (5Y Monthly)": "1.33", "PE Ratio (TTM)": "N/A", "EPS (TTM)": "-0.3400", "Earnings Date": "Mar 03, 2021", "Forward Dividend & Yield": "N/A (N/A)", "Ex-Dividend Date": "N/A", "1y Target Est": "N/A"}}, "fin": {"TTM": {"Duration": "TTM", "Total Revenue": "68,761", "Cost of Revenue": "35,046", "Gross Profit": "33,715", "Operating Expense": "58,829", "Operating Income": "-25,114", "Net Non Operating Interest Income Expense": "-2,297", "Other Income Expense": "3,160", "Pretax Income": "-24,251", "Tax Provision": "42", "Net Income Common Stockholders": "-24,293", "Diluted NI Available to Com Stockholders": "-24,293", "Basic EPS": "-", "Diluted EPS": "-", "Basic Average Shares": "-", "Diluted Average Shares": "-", "Total Operating Income as Reported": "-25,114", "Total Expenses": "93,875", "Net Income from Continuing & Discontinued Operation": "-24,293", "Normalized Income": "-26,600", "Interest Income": "76", "Interest Expense": "2,373", "Net Interest Income": "-2,297", "EBIT": "-21,878", "EBITDA": "-17,512", "Reconciled Cost of Revenue": "35,046", "Reconciled Depreciation": "4,366", "Net Income from Continuing Operation Net Minority Interest": "-24,293", "Total Unusual Items Excluding Goodwill": "3,160", "Total Unusual Items": "3,160", "Normalized EBITDA": "-20,672", "Tax Rate for Calcs": "0", "Tax Effect of Unusual Items": "853.2"}, "12/31/2020": {"Duration": "12/31/2020", "Total Revenue": "68,761", "Cost of Revenue": "35,046", "Gross Profit": "33,715", "Operating Expense": "58,829", "Operating Income": "-25,114", "Net Non Operating Interest Income Expense": "-2,297", "Other Income Expense": "3,160", "Pretax Income": "-24,251", "Tax Provision": "42", "Net Income Common Stockholders": "-24,293", "Diluted NI Available to Com Stockholders": "-24,293", "Basic EPS": "-0.34", "Diluted EPS": "-0.34", "Basic Average Shares": "71,700", "Diluted Average Shares": "71,700", "Total Operating Income as Reported": "-25,114", "Total Expenses": "93,875", "Net Income from Continuing & Discontinued Operation": "-24,293", "Normalized Income": "-26,600", "Interest Income": "76", "Interest Expense": "2,373", "Net Interest Income": "-2,297", "EBIT": "-21,878", "EBITDA": "-", "Reconciled Cost of Revenue": "35,046", "Reconciled Depreciation": "4,366", "Net Income from Continuing Operation Net Minority Interest": "-24,293", "Total Unusual Items Excluding Goodwill": "3,160", "Total Unusual Items": "3,160", "Normalized EBITDA": "-20,672", "Tax Rate for Calcs": "0", "Tax Effect of Unusual Items": "853.2"}, "12/31/2019": {"Duration": "12/31/2019", "Total Revenue": "77,429", "Cost of Revenue": "40,692", "Gross Profit": "36,737", "Operating Expense": "61,866", "Operating Income": "-25,129", "Net Non Operating Interest Income Expense": "-2,612", "Other Income Expense": "-692", "Pretax Income": "-28,433", "Tax Provision": "45", "Net Income Common Stockholders": "-28,478", "Diluted NI Available to Com Stockholders": "-28,478", "Basic EPS": "-0.44", "Diluted EPS": "-0.44", "Basic Average Shares": "64,122", "Diluted Average Shares": "64,122", "Total Operating Income as Reported": "-25,129", "Total Expenses": "102,558", "Net Income from Continuing & Discontinued Operation": "-28,478", "Normalized Income": "-27,973", "Interest Income": "330", "Interest Expense": "2,942", "Net Interest Income": "-2,612", "EBIT": "-25,491", "EBITDA": "-", "Reconciled Cost of Revenue": "40,692", "Reconciled Depreciation": "4,237", "Net Income from Continuing Operation Net Minority Interest": "-28,478", "Total Unusual Items Excluding Goodwill": "-692", "Total Unusual Items": "-692", "Normalized EBITDA": "-20,562", "Tax Rate for Calcs": "0", "Tax Effect of Unusual Items": "-186.84"}, "12/31/2018": {"Duration": "12/31/2018", "Total Revenue": "89,789", "Cost of Revenue": "41,304", "Gross Profit": "48,485", "Operating Expense": "80,446", "Operating Income": "-31,961", "Net Non Operating Interest Income Expense": "-2,697", "Other Income Expense": "-8,646", "Pretax Income": "-43,304", "Tax Provision": "61", "Net Income Common Stockholders": "-43,365", "Diluted NI Available to Com Stockholders": "-43,365", "Basic EPS": "-0.74", "Diluted EPS": "-0.74", "Basic Average Shares": "58,886", "Diluted Average Shares": "58,886", "Total Operating Income as Reported": "-38,692", "Total Expenses": "121,750", "Net Income from Continuing & Discontinued Operation": "-43,365", "Normalized Income": "-37,053", "Interest Income": "659", "Interest Expense": "3,356", "Net Interest Income": "-2,697", "EBIT": "-39,948", "EBITDA": "-", "Reconciled Cost of Revenue": "41,304", "Reconciled Depreciation": "4,122", "Net Income from Continuing Operation Net Minority Interest": "-43,365", "Total Unusual Items Excluding Goodwill": "-8,646", "Total Unusual Items": "-8,646", "Normalized EBITDA": "-27,180", "Tax Rate for Calcs": "0", "Tax Effect of Unusual Items": "-2,334"}}, "bs": {"12/31/2020": {"Duration": "12/31/2020", "Total Assets": "71,500", "Total Liabilities Net Minority Interest": "60,129", "Total Equity Gross Minority Interest": "11,371", "Total Capitalization": "36,374", "Common Stock Equity": "11,371", "Capital Lease Obligations": "5,826", "Net Tangible Assets": "11,371", "Working Capital": "22,425", "Invested Capital": "36,374", "Tangible Book Value": "11,371", "Total Debt": "30,829", "Net Debt": "-", "Share Issued": "95,547", "Ordinary Shares Number": "95,547"}, "12/31/2019": {"Duration": "12/31/2019", "Total Assets": "72,396", "Total Liabilities Net Minority Interest": "56,050", "Total Equity Gross Minority Interest": "16,346", "Total Capitalization": "35,969", "Common Stock Equity": "16,346", "Capital Lease Obligations": "6,540", "Net Tangible Assets": "16,346", "Working Capital": "34,659", "Invested Capital": "35,969", "Tangible Book Value": "16,346", "Total Debt": "26,163", "Net Debt": "-", "Share Issued": "70,427", "Ordinary Shares Number": "70,427"}, "12/31/2018": {"Duration": "12/31/2018", "Total Assets": "62,983", "Total Liabilities Net Minority Interest": "26,784", "Total Equity Gross Minority Interest": "36,199", "Total Capitalization": "50,991", "Common Stock Equity": "36,199", "Capital Lease Obligations": "-", "Net Tangible Assets": "36,090", "Working Capital": "36,581", "Invested Capital": "50,991", "Tangible Book Value": "36,090", "Total Debt": "14,792", "Net Debt": "-", "Share Issued": "65,291", "Ordinary Shares Number": "65,291"}}, "cf": {"TTM": {"Duration": "TTM", "Operating Cash Flow": "-18,310", "Investing Cash Flow": "-3,249", "Financing Cash Flow": "23,757", "End Cash Position": "29,135", "Income Tax Paid Supplemental Data": "-", "Interest Paid Supplemental Data": "1,413", "Capital Expenditure": "-3,249", "Issuance of Capital Stock": "19,046", "Issuance of Debt": "4,720", "Repayment of Debt": "0", "Free Cash Flow": "-21,559"}, "12/31/2020": {"Duration": "12/31/2020", "Operating Cash Flow": "-18,310", "Investing Cash Flow": "-3,249", "Financing Cash Flow": "23,757", "End Cash Position": "29,135", "Income Tax Paid Supplemental Data": "-", "Interest Paid Supplemental Data": "1,413", "Capital Expenditure": "-3,249", "Issuance of Capital Stock": "19,046", "Issuance of Debt": "4,720", "Repayment of Debt": "-", "Free Cash Flow": "-21,559"}, "12/31/2019": {"Duration": "12/31/2019", "Operating Cash Flow": "-2,838", "Investing Cash Flow": "4,324", "Financing Cash Flow": "8,527", "End Cash Position": "26,856", "Income Tax Paid Supplemental Data": "-", "Interest Paid Supplemental Data": "2,123", "Capital Expenditure": "-2,926", "Issuance of Capital Stock": "4,999", "Issuance of Debt": "20,000", "Repayment of Debt": "-15,919", "Free Cash Flow": "-5,764"}, "12/31/2018": {"Duration": "12/31/2018", "Operating Cash Flow": "-26,982", "Investing Cash Flow": "15,626", "Financing Cash Flow": "7,655", "End Cash Position": "16,380", "Income Tax Paid Supplemental Data": "-", "Interest Paid Supplemental Data": "2,837", "Capital Expenditure": "-4,059", "Issuance of Capital Stock": "22,768", "Issuance of Debt": "0", "Repayment of Debt": "-15,225", "Free Cash Flow": "-31,041"}}}}, {"STAA": {"quote": {"03/28/2021": {"value": "100.24", "Market Cap": "4.668B", "Beta (5Y Monthly)": "0.96", "PE Ratio (TTM)": "835.33", "EPS (TTM)": "0.12", "Earnings Date": "May 04, 2021 - May 10, 2021", "Forward Dividend & Yield": "N/A (N/A)", "Ex-Dividend Date": "N/A", "1y Target Est": "119.00"}}, "fin": {"TTM": {"Duration": "TTM", "Total Revenue": "163,460", "Cost of Revenue": "45,098", "Gross Profit": "118,362", "Operating Expense": "111,593", "Operating Income": "6,769", "Net Non Operating Interest Income Expense": "238", "Other Income Expense": "1,260", "Pretax Income": "8,267", "Tax Provision": "2,354", "Net Income Common Stockholders": "5,913", "Diluted NI Available to Com Stockholders": "5,913", "Basic EPS": "-", "Diluted EPS": "-", "Basic Average Shares": "-", "Diluted Average Shares": "-", "Total Operating Income as Reported": "6,769", "Total Expenses": "156,691", "Net Income from Continuing & Discontinued Operation": "5,913", "Normalized Income": "5,295", "Interest Income": "238", "Net Interest Income": "238", "EBIT": "6,769", "EBITDA": "9,864", "Reconciled Cost of Revenue": "45,098", "Reconciled Depreciation": "3,095", "Net Income from Continuing Operation Net Minority Interest": "5,913", "Total Unusual Items Excluding Goodwill": "864", "Total Unusual Items": "864", "Normalized EBITDA": "9,000", "Tax Rate for Calcs": "0", "Tax Effect of Unusual Items": "246.24"}, "12/31/2020": {"Duration": "12/31/2020", "Total Revenue": "163,460", "Cost of Revenue": "45,098", "Gross Profit": "118,362", "Operating Expense": "111,593", "Operating Income": "6,769", "Net Non Operating Interest Income Expense": "238", "Other Income Expense": "1,260", "Pretax Income": "8,267", "Tax Provision": "2,354", "Net Income Common Stockholders": "5,913", "Diluted NI Available to Com Stockholders": "5,913", "Basic EPS": "0.13", "Diluted EPS": "0.12", "Basic Average Shares": "45,605", "Diluted Average Shares": "47,953", "Total Operating Income as Reported": "6,769", "Total Expenses": "156,691", "Net Income from Continuing & Discontinued Operation": "5,913", "Normalized Income": "5,295", "Interest Income": "238", "Net Interest Income": "238", "EBIT": "6,769", "EBITDA": "-", "Reconciled Cost of Revenue": "45,098", "Reconciled Depreciation": "3,095", "Net Income from Continuing Operation Net Minority Interest": "5,913", "Total Unusual Items Excluding Goodwill": "864", "Total Unusual Items": "864", "Normalized EBITDA": "9,000", "Tax Rate for Calcs": "0", "Tax Effect of Unusual Items": "246.24"}, "12/31/2019": {"Duration": "12/31/2019", "Total Revenue": "150,185", "Cost of Revenue": "38,231", "Gross Profit": "111,954", "Operating Expense": "100,102", "Operating Income": "11,852", "Net Non Operating Interest Income Expense": "988", "Other Income Expense": "186", "Pretax Income": "13,026", "Tax Provision": "-1,022", "Net Income Common Stockholders": "14,048", "Diluted NI Available to Com Stockholders": "14,048", "Basic EPS": "0.32", "Diluted EPS": "0.30", "Basic Average Shares": "44,493", "Diluted Average Shares": "46,895", "Total Operating Income as Reported": "11,852", "Total Expenses": "138,333", "Net Income from Continuing & Discontinued Operation": "14,048", "Normalized Income": "14,425", "Interest Income": "-", "Net Interest Income": "988", "EBIT": "11,852", "EBITDA": "-", "Reconciled Cost of Revenue": "38,231", "Reconciled Depreciation": "3,699", "Net Income from Continuing Operation Net Minority Interest": "14,048", "Total Unusual Items Excluding Goodwill": "-517", "Total Unusual Items": "-517", "Normalized EBITDA": "16,068", "Tax Rate for Calcs": "0", "Tax Effect of Unusual Items": "-139.59"}, "12/31/2018": {"Duration": "12/31/2018", "Total Revenue": "123,954", "Cost of Revenue": "32,444", "Gross Profit": "91,510", "Operating Expense": "84,915", "Operating Income": "6,595", "Net Non Operating Interest Income Expense": "165", "Other Income Expense": "-121", "Pretax Income": "6,639", "Tax Provision": "1,671", "Net Income Common Stockholders": "4,968", "Diluted NI Available to Com Stockholders": "4,968", "Basic EPS": "0.12", "Diluted EPS": "0.11", "Basic Average Shares": "42,587", "Diluted Average Shares": "45,257", "Total Operating Income as Reported": "6,595", "Total Expenses": "117,359", "Net Income from Continuing & Discontinued Operation": "4,968", "Normalized Income": "5,593", "Interest Income": "-", "Net Interest Income": "165", "EBIT": "6,595", "EBITDA": "-", "Reconciled Cost of Revenue": "32,444", "Reconciled Depreciation": "2,464", "Net Income from Continuing Operation Net Minority Interest": "4,968", "Total Unusual Items Excluding Goodwill": "-836", "Total Unusual Items": "-836", "Normalized EBITDA": "9,895", "Tax Rate for Calcs": "0", "Tax Effect of Unusual Items": "-210.672"}}, "bs": {"12/31/2020": {"Duration": "12/31/2020", "Total Assets": "257,416", "Total Liabilities Net Minority Interest": "60,194", "Total Equity Gross Minority Interest": "197,222", "Total Capitalization": "197,222", "Common Stock Equity": "197,222", "Capital Lease Obligations": "9,420", "Net Tangible Assets": "195,166", "Working Capital": "175,182", "Invested Capital": "198,601", "Tangible Book Value": "195,166", "Total Debt": "10,799", "Share Issued": "46,448", "Ordinary Shares Number": "46,448"}, "12/31/2019": {"Duration": "12/31/2019", "Total Assets": "206,865", "Total Liabilities Net Minority Interest": "46,981", "Total Equity Gross Minority Interest": "159,884", "Total Capitalization": "159,884", "Common Stock Equity": "159,884", "Capital Lease Obligations": "7,712", "Net Tangible Assets": "157,802", "Working Capital": "140,188", "Invested Capital": "161,711", "Tangible Book Value": "157,802", "Total Debt": "9,539", "Share Issued": "44,822", "Ordinary Shares Number": "44,822"}, "12/31/2018": {"Duration": "12/31/2018", "Total Assets": "167,339", "Total Liabilities Net Minority Interest": "34,913", "Total Equity Gross Minority Interest": "132,426", "Total Capitalization": "132,426", "Common Stock Equity": "132,426", "Capital Lease Obligations": "1,557", "Net Tangible Assets": "130,397", "Working Capital": "123,844", "Invested Capital": "136,206", "Tangible Book Value": "130,397", "Total Debt": "5,337", "Share Issued": "44,195", "Ordinary Shares Number": "44,195"}}, "cf": {"TTM": {"Duration": "TTM", "Operating Cash Flow": "20,951", "Investing Cash Flow": "-8,404", "Financing Cash Flow": "19,571", "End Cash Position": "152,453", "Capital Expenditure": "-8,404", "Issuance of Capital Stock": "2", "Issuance of Debt": "-", "Repayment of Debt": "-1,076", "Repurchase of Capital Stock": "-", "Free Cash Flow": "12,547"}, "12/31/2020": {"Duration": "12/31/2020", "Operating Cash Flow": "20,951", "Investing Cash Flow": "-8,404", "Financing Cash Flow": "19,571", "End Cash Position": "152,453", "Capital Expenditure": "-8,404", "Issuance of Capital Stock": "-", "Issuance of Debt": "-", "Repayment of Debt": "-1,076", "Repurchase of Capital Stock": "-", "Free Cash Flow": "12,547"}, "12/31/2019": {"Duration": "12/31/2019", "Operating Cash Flow": "25,795", "Investing Cash Flow": "-10,178", "Financing Cash Flow": "149", "End Cash Position": "119,968", "Capital Expenditure": "-10,178", "Issuance of Capital Stock": "0", "Issuance of Debt": "-", "Repayment of Debt": "-3,312", "Repurchase of Capital Stock": "0", "Free Cash Flow": "15,617"}, "12/31/2018": {"Duration": "12/31/2018", "Operating Cash Flow": "12,767", "Investing Cash Flow": "-2,245", "Financing Cash Flow": "74,639", "End Cash Position": "103,999", "Capital Expenditure": "-2,245", "Issuance of Capital Stock": "72,150", "Issuance of Debt": "0", "Repayment of Debt": "-2,654", "Repurchase of Capital Stock": "-54", "Free Cash Flow": "10,522"}}}}, {"IART": {"quote": {"03/28/2021": {"value": "68.83", "Market Cap": "5.807B", "Beta (5Y Monthly)": "1.24", "PE Ratio (TTM)": "43.84", "EPS (TTM)": "1.57", "Earnings Date": "May 05, 2021 - May 10, 2021", "Forward Dividend & Yield": "N/A (N/A)", "Ex-Dividend Date": "N/A", "1y Target Est": "70.33"}}, "fin": {"TTM": {"Duration": "TTM", "Total Revenue": "1,371,868", "Cost of Revenue": "520,834", "Gross Profit": "851,034", "Operating Expense": "699,664", "Operating Income": "151,370", "Net Non Operating Interest Income Expense": "-62,284", "Other Income Expense": "4,434", "Pretax Income": "93,520", "Tax Provision": "-40,372", "Net Income Common Stockholders": "133,892", "Diluted NI Available to Com Stockholders": "133,892", "Basic EPS": "-", "Diluted EPS": "-", "Basic Average Shares": "-", "Diluted Average Shares": "-", "Total Operating Income as Reported": "151,370", "Total Expenses": "1,220,498", "Net Income from Continuing & Discontinued Operation": "133,892", "Normalized Income": "133,892", "Interest Income": "9,297", "Interest Expense": "71,581", "Net Interest Income": "-62,284", "EBIT": "165,101", "EBITDA": "281,132", "Reconciled Cost of Revenue": "432,560", "Reconciled Depreciation": "116,031", "Net Income from Continuing Operation Net Minority Interest": "133,892", "Total Unusual Items Excluding Goodwill": "0", "Total Unusual Items": "0", "Normalized EBITDA": "281,132", "Tax Rate for Calcs": "0", "Tax Effect of Unusual Items": "0"}, "12/31/2020": {"Duration": "12/31/2020", "Total Revenue": "1,371,868", "Cost of Revenue": "520,834", "Gross Profit": "851,034", "Operating Expense": "699,664", "Operating Income": "151,370", "Net Non Operating Interest Income Expense": "-62,284", "Other Income Expense": "4,434", "Pretax Income": "93,520", "Tax Provision": "-40,372", "Net Income Common Stockholders": "133,892", "Diluted NI Available to Com Stockholders": "133,892", "Basic EPS": "1.58", "Diluted EPS": "1.57", "Basic Average Shares": "84,650", "Diluted Average Shares": "85,228", "Total Operating Income as Reported": "151,370", "Total Expenses": "1,220,498", "Net Income from Continuing & Discontinued Operation": "133,892", "Normalized Income": "133,892", "Interest Income": "9,297", "Interest Expense": "71,581", "Net Interest Income": "-62,284", "EBIT": "165,101", "EBITDA": "-", "Reconciled Cost of Revenue": "432,560", "Reconciled Depreciation": "116,031", "Net Income from Continuing Operation Net Minority Interest": "133,892", "Total Unusual Items Excluding Goodwill": "0", "Total Unusual Items": "0", "Normalized EBITDA": "281,132", "Tax Rate for Calcs": "0", "Tax Effect of Unusual Items": "0"}, "12/31/2019": {"Duration": "12/31/2019", "Total Revenue": "1,517,557", "Cost of Revenue": "564,681", "Gross Profit": "952,876", "Operating Expense": "794,200", "Operating Income": "158,676", "Net Non Operating Interest Income Expense": "-43,178", "Other Income Expense": "-55,394", "Pretax Income": "60,104", "Tax Provision": "9,903", "Net Income Common Stockholders": "50,201", "Diluted NI Available to Com Stockholders": "50,201", "Basic EPS": "0.58", "Diluted EPS": "0.58", "Basic Average Shares": "85,870", "Diluted Average Shares": "86,494", "Total Operating Income as Reported": "93,760", "Total Expenses": "1,358,881", "Net Income from Continuing & Discontinued Operation": "50,201", "Normalized Income": "104,406", "Interest Income": "10,779", "Interest Expense": "53,957", "Net Interest Income": "-43,178", "EBIT": "114,061", "EBITDA": "-", "Reconciled Cost of Revenue": "482,247", "Reconciled Depreciation": "109,462", "Net Income from Continuing Operation Net Minority Interest": "50,201", "Total Unusual Items Excluding Goodwill": "-64,916", "Total Unusual Items": "-64,916", "Normalized EBITDA": "288,439", "Tax Rate for Calcs": "0", "Tax Effect of Unusual Items": "-10,711"}, "12/31/2018": {"Duration": "12/31/2018", "Total Revenue": "1,472,441", "Cost of Revenue": "571,496", "Gross Profit": "900,945", "Operating Expense": "789,947", "Operating Income": "110,998", "Net Non Operating Interest Income Expense": "-61,883", "Other Income Expense": "8,288", "Pretax Income": "57,403", "Tax Provision": "-3,398", "Net Income Common Stockholders": "60,801", "Diluted NI Available to Com Stockholders": "60,801", "Basic EPS": "0.72", "Diluted EPS": "0.72", "Basic Average Shares": "84,446", "Diluted Average Shares": "84,446", "Total Operating Income as Reported": "110,998", "Total Expenses": "1,361,443", "Net Income from Continuing & Discontinued Operation": "60,801", "Normalized Income": "60,801", "Interest Income": "2,800", "Interest Expense": "64,683", "Net Interest Income": "-61,883", "EBIT": "122,086", "EBITDA": "-", "Reconciled Cost of Revenue": "481,926", "Reconciled Depreciation": "110,730", "Net Income from Continuing Operation Net Minority Interest": "60,801", "Total Unusual Items Excluding Goodwill": "-", "Total Unusual Items": "-", "Normalized EBITDA": "232,816", "Tax Rate for Calcs": "0", "Tax Effect of Unusual Items": "0"}}, "bs": {"12/31/2020": {"Duration": "12/31/2020", "Total Assets": "3,615,136", "Total Liabilities Net Minority Interest": "2,100,269", "Total Equity Gross Minority Interest": "1,514,867", "Total Capitalization": "2,923,088", "Common Stock Equity": "1,514,867", "Capital Lease Obligations": "100,936", "Net Tangible Assets": "-406,936", "Working Capital": "836,189", "Invested Capital": "3,069,338", "Tangible Book Value": "-406,936", "Total Debt": "1,655,407", "Net Debt": "1,084,305", "Share Issued": "89,251", "Ordinary Shares Number": "84,337", "Treasury Shares Number": "4,914"}, "12/31/2019": {"Duration": "12/31/2019", "Total Assets": "3,303,240", "Total Liabilities Net Minority Interest": "1,886,504", "Total Equity Gross Minority Interest": "1,416,736", "Total Capitalization": "2,719,797", "Common Stock Equity": "1,416,736", "Capital Lease Obligations": "109,757", "Net Tangible Assets": "-569,135", "Working Capital": "526,859", "Invested Capital": "2,764,797", "Tangible Book Value": "-569,135", "Total Debt": "1,457,818", "Net Debt": "1,149,150", "Share Issued": "88,735", "Ordinary Shares Number": "85,870", "Treasury Shares Number": "2,865"}, "12/31/2018": {"Duration": "12/31/2018", "Total Assets": "3,107,887", "Total Liabilities Net Minority Interest": "1,732,091", "Total Equity Gross Minority Interest": "1,375,796", "Total Capitalization": "2,707,509", "Common Stock Equity": "1,375,796", "Capital Lease Obligations": "-", "Net Tangible Assets": "-630,175", "Working Capital": "512,530", "Invested Capital": "2,730,009", "Tangible Book Value": "-630,175", "Total Debt": "1,354,213", "Net Debt": "1,215,375", "Share Issued": "88,044", "Ordinary Shares Number": "85,163", "Treasury Shares Number": "2,881"}}, "cf": {"TTM": {"Duration": "TTM", "Operating Cash Flow": "203,832", "Investing Cash Flow": "-68,073", "Financing Cash Flow": "121,625", "End Cash Position": "470,166", "Income Tax Paid Supplemental Data": "-", "Interest Paid Supplemental Data": "-", "Capital Expenditure": "-63,890", "Issuance of Capital Stock": "0", "Issuance of Debt": "746,500", "Repayment of Debt": "-441,000", "Repurchase of Capital Stock": "-100,000", "Free Cash Flow": "139,942"}, "12/31/2020": {"Duration": "12/31/2020", "Operating Cash Flow": "203,832", "Investing Cash Flow": "-68,073", "Financing Cash Flow": "121,625", "End Cash Position": "470,166", "Income Tax Paid Supplemental Data": "-", "Interest Paid Supplemental Data": "-", "Capital Expenditure": "-63,890", "Issuance of Capital Stock": "0", "Issuance of Debt": "746,500", "Repayment of Debt": "-441,000", "Repurchase of Capital Stock": "-100,000", "Free Cash Flow": "139,942"}, "12/31/2019": {"Duration": "12/31/2019", "Operating Cash Flow": "231,433", "Investing Cash Flow": "-162,668", "Financing Cash Flow": "-8,766", "End Cash Position": "198,911", "Income Tax Paid Supplemental Data": "-", "Interest Paid Supplemental Data": "-", "Capital Expenditure": "-134,532", "Issuance of Capital Stock": "0", "Issuance of Debt": "236,900", "Repayment of Debt": "-246,100", "Repurchase of Capital Stock": "-", "Free Cash Flow": "96,901"}, "12/31/2018": {"Duration": "12/31/2018", "Operating Cash Flow": "199,683", "Investing Cash Flow": "-49,705", "Financing Cash Flow": "-180,872", "End Cash Position": "138,838", "Income Tax Paid Supplemental Data": "10.4", "Interest Paid Supplemental Data": "58.3", "Capital Expenditure": "-77,741", "Issuance of Capital Stock": "349,590", "Issuance of Debt": "171,200", "Repayment of Debt": "-660,000", "Repurchase of Capital Stock": "-", "Free Cash Flow": "121,942"}}}}, {"DXR": {"quote": {"03/28/2021": {"value": "12.06", "Market Cap": "48.649M", "Beta (5Y Monthly)": "-1.01", "PE Ratio (TTM)": "N/A", "EPS (TTM)": "-0.42", "Earnings Date": "N/A", "Forward Dividend & Yield": "N/A (N/A)", "Ex-Dividend Date": "Jan 05, 2018", "1y Target Est": "21.50"}}, "fin": {"TTM": {"Duration": "TTM", "Total Revenue": "-996.299", "Pretax Income": "-1,731", "Tax Provision": "-25.28", "Net Income Common Stockholders": "-1,705", "Diluted NI Available to Com Stockholders": "-1,705", "Basic EPS": "-", "Diluted EPS": "-", "Basic Average Shares": "-", "Diluted Average Shares": "-", "Net Income from Continuing & Discontinued Operation": "-1,705", "Normalized Income": "-1,705", "Net Income from Continuing Operation Net Minority Interest": "-1,705", "Tax Rate for Calcs": "0", "Tax Effect of Unusual Items": "0"}, "12/31/2020": {"Duration": "12/31/2020", "Total Revenue": "-996.299", "Pretax Income": "-1,731", "Tax Provision": "-25.28", "Net Income Common Stockholders": "-1,705", "Diluted NI Available to Com Stockholders": "-1,705", "Basic EPS": "-", "Diluted EPS": "-", "Basic Average Shares": "-", "Diluted Average Shares": "-", "Net Income from Continuing & Discontinued Operation": "-1,705", "Normalized Income": "-1,705", "Net Income from Continuing Operation Net Minority Interest": "-1,705", "Tax Rate for Calcs": "0", "Tax Effect of Unusual Items": "0"}, "12/31/2019": {"Duration": "12/31/2019", "Total Revenue": "-114.992", "Pretax Income": "-495.697", "Tax Provision": "-", "Net Income Common Stockholders": "-495.697", "Diluted NI Available to Com Stockholders": "-495.697", "Basic EPS": "-0.08", "Diluted EPS": "-0.08", "Basic Average Shares": "3,747", "Diluted Average Shares": "3,747", "Net Income from Continuing & Discontinued Operation": "-495.697", "Normalized Income": "-495.697", "Net Income from Continuing Operation Net Minority Interest": "-495.697", "Tax Rate for Calcs": "0", "Tax Effect of Unusual Items": "0"}, "12/31/2018": {"Duration": "12/31/2018", "Total Revenue": "-918.449", "Pretax Income": "-1,218", "Tax Provision": "-332.552", "Net Income Common Stockholders": "-885.775", "Diluted NI Available to Com Stockholders": "-885.775", "Basic EPS": "-0.19", "Diluted EPS": "-0.19", "Basic Average Shares": "3,742", "Diluted Average Shares": "3,742", "Net Income from Continuing & Discontinued Operation": "-885.775", "Normalized Income": "-885.775", "Net Income from Continuing Operation Net Minority Interest": "-885.775", "Tax Rate for Calcs": "0", "Tax Effect of Unusual Items": "0"}}, "bs": {"12/31/2020": {"Duration": "12/31/2020", "Total Assets": "16,553", "Total Liabilities Net Minority Interest": "877.689", "Total Equity Gross Minority Interest": "15,675", "Total Capitalization": "15,846", "Common Stock Equity": "15,675", "Net Tangible Assets": "15,675", "Invested Capital": "15,846", "Tangible Book Value": "15,675", "Total Debt": "170.689", "Net Debt": "170.689", "Share Issued": "5,317", "Ordinary Shares Number": "4,034", "Treasury Shares Number": "1,283"}, "12/31/2019": {"Duration": "12/31/2019", "Total Assets": "14,201", "Total Liabilities Net Minority Interest": "1,435", "Total Equity Gross Minority Interest": "12,766", "Total Capitalization": "14,108", "Common Stock Equity": "12,766", "Net Tangible Assets": "12,766", "Invested Capital": "14,108", "Tangible Book Value": "12,766", "Total Debt": "1,343", "Net Debt": "1,343", "Share Issued": "5,317", "Ordinary Shares Number": "3,747", "Treasury Shares Number": "1,570"}, "12/31/2018": {"Duration": "12/31/2018", "Total Assets": "17,627", "Total Liabilities Net Minority Interest": "4,565", "Total Equity Gross Minority Interest": "13,062", "Total Capitalization": "17,517", "Common Stock Equity": "13,062", "Net Tangible Assets": "13,062", "Invested Capital": "17,517", "Tangible Book Value": "13,062", "Total Debt": "4,455", "Net Debt": "4,455", "Share Issued": "5,316", "Ordinary Shares Number": "3,747", "Treasury Shares Number": "1,569"}}, "cf": {"TTM": {"Duration": "TTM", "Operating Cash Flow": "-2,448", "Financing Cash Flow": "3,065", "End Cash Position": "617.8", "Issuance of Capital Stock": "4,036", "Issuance of Debt": "3,025", "Repayment of Debt": "-4,197", "Repurchase of Capital Stock": "-", "Free Cash Flow": "-2,448"}, "12/31/2020": {"Duration": "12/31/2020", "Operating Cash Flow": "-2,448", "Financing Cash Flow": "3,065", "End Cash Position": "617.8", "Issuance of Capital Stock": "4,036", "Issuance of Debt": "3,025", "Repayment of Debt": "-4,197", "Repurchase of Capital Stock": "-", "Free Cash Flow": "-2,448"}, "12/31/2019": {"Duration": "12/31/2019", "Operating Cash Flow": "3,112", "Financing Cash Flow": "-3,112", "End Cash Position": "0", "Issuance of Capital Stock": "-", "Issuance of Debt": "2,516", "Repayment of Debt": "-5,628", "Repurchase of Capital Stock": "-", "Free Cash Flow": "3,112"}, "12/31/2018": {"Duration": "12/31/2018", "Operating Cash Flow": "-1,316", "Financing Cash Flow": "226.39", "End Cash Position": "0", "Issuance of Capital Stock": "138.55", "Issuance of Debt": "2,407", "Repayment of Debt": "-2,286", "Repurchase of Capital Stock": "-32.222", "Free Cash Flow": "-1,316"}}}}, {"GKOS": {"quote": {"03/28/2021": {"value": "85.58", "Market Cap": "3.918B", "Beta (5Y Monthly)": "1.69", "PE Ratio (TTM)": "N/A", "EPS (TTM)": "-2.70", "Earnings Date": "May 05, 2021 - May 10, 2021", "Forward Dividend & Yield": "N/A (N/A)", "Ex-Dividend Date": "N/A", "1y Target Est": "87.89"}}, "fin": {"TTM": {"Duration": "TTM", "Total Revenue": "224,959", "Cost of Revenue": "91,719", "Gross Profit": "133,240", "Operating Expense": "256,793", "Operating Income": "-123,553", "Net Non Operating Interest Income Expense": "-11,736", "Other Income Expense": "2,975", "Pretax Income": "-132,314", "Tax Provision": "-11,966", "Net Income Common Stockholders": "-120,348", "Diluted NI Available to Com Stockholders": "-120,348", "Basic EPS": "-", "Diluted EPS": "-", "Basic Average Shares": "-", "Diluted Average Shares": "-", "Total Operating Income as Reported": "-123,553", "Total Expenses": "348,512", "Net Income from Continuing & Discontinued Operation": "-120,348", "Normalized Income": "-120,348", "Interest Income": "2,379", "Interest Expense": "14,115", "Net Interest Income": "-11,736", "EBIT": "-118,199", "EBITDA": "-83,586", "Reconciled Cost of Revenue": "91,719", "Reconciled Depreciation": "34,613", "Net Income from Continuing Operation Net Minority Interest": "-120,348", "Total Unusual Items Excluding Goodwill": "-", "Total Unusual Items": "-", "Normalized EBITDA": "-83,586", "Tax Rate for Calcs": "0", "Tax Effect of Unusual Items": "0"}, "12/31/2020": {"Duration": "12/31/2020", "Total Revenue": "224,959", "Cost of Revenue": "91,719", "Gross Profit": "133,240", "Operating Expense": "256,793", "Operating Income": "-123,553", "Net Non Operating Interest Income Expense": "-11,736", "Other Income Expense": "2,975", "Pretax Income": "-132,314", "Tax Provision": "-11,966", "Net Income Common Stockholders": "-120,348", "Diluted NI Available to Com Stockholders": "-120,348", "Basic EPS": "-", "Diluted EPS": "-", "Basic Average Shares": "-", "Diluted Average Shares": "-", "Total Operating Income as Reported": "-123,553", "Total Expenses": "348,512", "Net Income from Continuing & Discontinued Operation": "-120,348", "Normalized Income": "-120,348", "Interest Income": "2,379", "Interest Expense": "14,115", "Net Interest Income": "-11,736", "EBIT": "-118,199", "EBITDA": "-", "Reconciled Cost of Revenue": "91,719", "Reconciled Depreciation": "34,613", "Net Income from Continuing Operation Net Minority Interest": "-120,348", "Total Unusual Items Excluding Goodwill": "-", "Total Unusual Items": "-", "Normalized EBITDA": "-83,586", "Tax Rate for Calcs": "0", "Tax Effect of Unusual Items": "0"}, "12/31/2019": {"Duration": "12/31/2019", "Total Revenue": "236,984", "Cost of Revenue": "38,588", "Gross Profit": "198,396", "Operating Expense": "248,688", "Operating Income": "-50,292", "Net Non Operating Interest Income Expense": "604", "Other Income Expense": "-348", "Pretax Income": "-50,036", "Tax Provision": "-65,460", "Net Income Common Stockholders": "15,424", "Diluted NI Available to Com Stockholders": "15,424", "Basic EPS": "0.41", "Diluted EPS": "0.37", "Basic Average Shares": "37,355", "Diluted Average Shares": "41,145", "Total Operating Income as Reported": "-50,292", "Total Expenses": "287,276", "Net Income from Continuing & Discontinued Operation": "15,424", "Normalized Income": "15,424", "Interest Income": "3,169", "Interest Expense": "2,565", "Net Interest Income": "604", "EBIT": "-47,471", "EBITDA": "-", "Reconciled Cost of Revenue": "38,588", "Reconciled Depreciation": "9,863", "Net Income from Continuing Operation Net Minority Interest": "15,424", "Total Unusual Items Excluding Goodwill": "-3,745", "Total Unusual Items": "-3,745", "Normalized EBITDA": "-37,608", "Tax Rate for Calcs": "0", "Tax Effect of Unusual Items": "0"}, "12/31/2018": {"Duration": "12/31/2018", "Total Revenue": "181,278", "Cost of Revenue": "25,075", "Gross Profit": "156,203", "Operating Expense": "169,205", "Operating Income": "-13,002", "Net Non Operating Interest Income Expense": "2,252", "Other Income Expense": "-1,618", "Pretax Income": "-12,368", "Tax Provision": "583", "Net Income Common Stockholders": "-12,951", "Diluted NI Available to Com Stockholders": "-12,951", "Basic EPS": "-0.37", "Diluted EPS": "-0.37", "Basic Average Shares": "35,317", "Diluted Average Shares": "35,317", "Total Operating Income as Reported": "-13,002", "Total Expenses": "194,280", "Net Income from Continuing & Discontinued Operation": "-12,951", "Normalized Income": "-12,951", "Interest Income": "2,252", "Interest Expense": "-", "Net Interest Income": "2,252", "EBIT": "-13,002", "EBITDA": "-", "Reconciled Cost of Revenue": "25,075", "Reconciled Depreciation": "6,264", "Net Income from Continuing Operation Net Minority Interest": "-12,951", "Total Unusual Items Excluding Goodwill": "0", "Total Unusual Items": "0", "Normalized EBITDA": "-6,738", "Tax Rate for Calcs": "0", "Tax Effect of Unusual Items": "0"}}, "bs": {"12/31/2020": {"Duration": "12/31/2020", "Total Assets": "1,005,502", "Total Liabilities Net Minority Interest": "338,053", "Total Equity Gross Minority Interest": "667,449", "Total Capitalization": "856,865", "Common Stock Equity": "667,449", "Capital Lease Obligations": "81,394", "Net Tangible Assets": "243,622", "Working Capital": "419,740", "Invested Capital": "856,865", "Tangible Book Value": "243,622", "Total Debt": "270,810", "Net Debt": "92,820", "Share Issued": "45,275", "Ordinary Shares Number": "45,247", "Treasury Shares Number": "28"}, "12/31/2019": {"Duration": "12/31/2019", "Total Assets": "818,400", "Total Liabilities Net Minority Interest": "145,128", "Total Equity Gross Minority Interest": "673,272", "Total Capitalization": "673,272", "Common Stock Equity": "673,272", "Capital Lease Obligations": "72,630", "Net Tangible Assets": "224,533", "Working Capital": "205,178", "Invested Capital": "673,272", "Tangible Book Value": "224,533", "Total Debt": "72,630", "Net Debt": "-", "Share Issued": "43,530", "Ordinary Shares Number": "43,502", "Treasury Shares Number": "28"}, "12/31/2018": {"Duration": "12/31/2018", "Total Assets": "206,970", "Total Liabilities Net Minority Interest": "33,110", "Total Equity Gross Minority Interest": "173,860", "Total Capitalization": "173,860", "Common Stock Equity": "173,860", "Capital Lease Obligations": "-", "Net Tangible Assets": "173,860", "Working Capital": "146,202", "Invested Capital": "173,860", "Tangible Book Value": "173,860", "Total Debt": "-", "Net Debt": "-", "Share Issued": "36,135", "Ordinary Shares Number": "36,107", "Treasury Shares Number": "28"}}, "cf": {"TTM": {"Duration": "TTM", "Operating Cash Flow": "-22,988", "Investing Cash Flow": "-205,060", "Financing Cash Flow": "262,542", "End Cash Position": "106,162", "Income Tax Paid Supplemental Data": "484", "Interest Paid Supplemental Data": "4,041", "Capital Expenditure": "-6,935", "Issuance of Capital Stock": "-", "Issuance of Debt": "287,500", "Repayment of Debt": "0", "Free Cash Flow": "-29,923"}, "12/31/2020": {"Duration": "12/31/2020", "Operating Cash Flow": "-22,988", "Investing Cash Flow": "-205,060", "Financing Cash Flow": "262,542", "End Cash Position": "106,162", "Income Tax Paid Supplemental Data": "484", "Interest Paid Supplemental Data": "4,041", "Capital Expenditure": "-6,935", "Issuance of Capital Stock": "-", "Issuance of Debt": "287,500", "Repayment of Debt": "0", "Free Cash Flow": "-29,923"}, "12/31/2019": {"Duration": "12/31/2019", "Operating Cash Flow": "-369", "Investing Cash Flow": "43,426", "Financing Cash Flow": "-9,645", "End Cash Position": "71,756", "Income Tax Paid Supplemental Data": "171", "Interest Paid Supplemental Data": "2", "Capital Expenditure": "-4,724", "Issuance of Capital Stock": "-", "Issuance of Debt": "-", "Repayment of Debt": "-22,496", "Free Cash Flow": "-5,093"}, "12/31/2018": {"Duration": "12/31/2018", "Operating Cash Flow": "18,864", "Investing Cash Flow": "-26,400", "Financing Cash Flow": "21,576", "End Cash Position": "38,596", "Income Tax Paid Supplemental Data": "401", "Interest Paid Supplemental Data": "0", "Capital Expenditure": "-10,315", "Issuance of Capital Stock": "-", "Issuance of Debt": "-", "Repayment of Debt": "0", "Free Cash Flow": "8,549"}}}}, {"TNDM": {"quote": {"03/28/2021": {"value": "82.59", "Market Cap": "5.162B", "Beta (5Y Monthly)": "0.16", "PE Ratio (TTM)": "N/A", "EPS (TTM)": "-0.56", "Earnings Date": "Apr 28, 2021 - May 03, 2021", "Forward Dividend & Yield": "N/A (N/A)", "Ex-Dividend Date": "N/A", "1y Target Est": "127.67"}}, "fin": {"TTM": {"Duration": "TTM", "Total Revenue": "498,830", "Cost of Revenue": "238,310", "Gross Profit": "260,520", "Operating Expense": "268,477", "Operating Income": "-7,957", "Net Non Operating Interest Income Expense": "-11,238", "Other Income Expense": "-17,087", "Pretax Income": "-36,282", "Tax Provision": "-1,900", "Net Income Common Stockholders": "-34,382", "Diluted NI Available to Com Stockholders": "-34,382", "Basic EPS": "-", "Diluted EPS": "-", "Basic Average Shares": "-", "Diluted Average Shares": "-", "Total Operating Income as Reported": "-7,957", "Total Expenses": "506,787", "Net Income from Continuing & Discontinued Operation": "-34,382", "Normalized Income": "-18,190", "Interest Income": "1,567", "Interest Expense": "12,153", "Net Interest Income": "-11,238", "EBIT": "-24,129", "EBITDA": "-13,678", "Reconciled Cost of Revenue": "238,310", "Reconciled Depreciation": "10,451", "Net Income from Continuing Operation Net Minority Interest": "-34,382", "Total Unusual Items Excluding Goodwill": "-17,087", "Total Unusual Items": "-17,087", "Normalized EBITDA": "3,409", "Tax Rate for Calcs": "0", "Tax Effect of Unusual Items": "-894.8046"}, "12/31/2020": {"Duration": "12/31/2020", "Total Revenue": "498,830", "Cost of Revenue": "238,310", "Gross Profit": "260,520", "Operating Expense": "268,477", "Operating Income": "-7,957", "Net Non Operating Interest Income Expense": "-11,238", "Other Income Expense": "-17,087", "Pretax Income": "-36,282", "Tax Provision": "-1,900", "Net Income Common Stockholders": "-34,382", "Diluted NI Available to Com Stockholders": "-34,382", "Basic EPS": "-0.56", "Diluted EPS": "-0.56", "Basic Average Shares": "60,990", "Diluted Average Shares": "60,990", "Total Operating Income as Reported": "-7,957", "Total Expenses": "506,787", "Net Income from Continuing & Discontinued Operation": "-34,382", "Normalized Income": "-18,190", "Interest Income": "1,567", "Interest Expense": "12,153", "Net Interest Income": "-11,238", "EBIT": "-24,129", "EBITDA": "-", "Reconciled Cost of Revenue": "238,310", "Reconciled Depreciation": "10,451", "Net Income from Continuing Operation Net Minority Interest": "-34,382", "Total Unusual Items Excluding Goodwill": "-17,087", "Total Unusual Items": "-17,087", "Normalized EBITDA": "3,409", "Tax Rate for Calcs": "0", "Tax Effect of Unusual Items": "-894.8046"}, "12/31/2019": {"Duration": "12/31/2019", "Total Revenue": "362,305", "Cost of Revenue": "168,093", "Gross Profit": "194,212", "Operating Expense": "210,934", "Operating Income": "-16,722", "Net Non Operating Interest Income Expense": "3,193", "Other Income Expense": "-11,075", "Pretax Income": "-24,604", "Tax Provision": "149", "Net Income Common Stockholders": "-24,753", "Diluted NI Available to Com Stockholders": "-24,753", "Basic EPS": "-0.42", "Diluted EPS": "-0.42", "Basic Average Shares": "58,507", "Diluted Average Shares": "58,507", "Total Operating Income as Reported": "-16,722", "Total Expenses": "379,027", "Net Income from Continuing & Discontinued Operation": "-24,753", "Normalized Income": "-16,668", "Interest Income": "3,271", "Interest Expense": "78", "Net Interest Income": "3,193", "EBIT": "-24,526", "EBITDA": "-", "Reconciled Cost of Revenue": "168,093", "Reconciled Depreciation": "6,072", "Net Income from Continuing Operation Net Minority Interest": "-24,753", "Total Unusual Items Excluding Goodwill": "-11,075", "Total Unusual Items": "-11,075", "Normalized EBITDA": "-7,379", "Tax Rate for Calcs": "0", "Tax Effect of Unusual Items": "-2,990"}, "12/31/2018": {"Duration": "12/31/2018", "Total Revenue": "183,866", "Cost of Revenue": "94,044", "Gross Profit": "89,822", "Operating Expense": "134,453", "Operating Income": "-44,631", "Net Non Operating Interest Income Expense": "-6,122", "Other Income Expense": "-71,807", "Pretax Income": "-122,560", "Tax Provision": "51", "Net Income Common Stockholders": "-122,611", "Diluted NI Available to Com Stockholders": "-122,611", "Basic EPS": "-2.55", "Diluted EPS": "-2.55", "Basic Average Shares": "48,129", "Diluted Average Shares": "48,129", "Total Operating Income as Reported": "-44,631", "Total Expenses": "228,497", "Net Income from Continuing & Discontinued Operation": "-122,611", "Normalized Income": "-70,192", "Interest Income": "1,462", "Interest Expense": "7,584", "Net Interest Income": "-6,122", "EBIT": "-114,976", "EBITDA": "-", "Reconciled Cost of Revenue": "94,044", "Reconciled Depreciation": "5,821", "Net Income from Continuing Operation Net Minority Interest": "-122,611", "Total Unusual Items Excluding Goodwill": "-71,807", "Total Unusual Items": "-71,807", "Normalized EBITDA": "-37,348", "Tax Rate for Calcs": "0", "Tax Effect of Unusual Items": "-19,388"}}, "bs": {"12/31/2020": {"Duration": "12/31/2020", "Total Assets": "716,415", "Total Liabilities Net Minority Interest": "350,110", "Total Equity Gross Minority Interest": "366,305", "Total Capitalization": "569,289", "Common Stock Equity": "366,305", "Capital Lease Obligations": "25,335", "Net Tangible Assets": "357,500", "Working Capital": "533,383", "Invested Capital": "569,289", "Tangible Book Value": "357,500", "Total Debt": "228,319", "Net Debt": "108,371", "Share Issued": "62,335", "Ordinary Shares Number": "62,335"}, "12/31/2019": {"Duration": "12/31/2019", "Total Assets": "326,110", "Total Liabilities Net Minority Interest": "131,131", "Total Equity Gross Minority Interest": "194,979", "Total Capitalization": "194,979", "Common Stock Equity": "194,979", "Capital Lease Obligations": "20,383", "Net Tangible Assets": "194,202", "Working Capital": "176,745", "Invested Capital": "194,979", "Tangible Book Value": "194,202", "Total Debt": "20,383", "Net Debt": "-", "Share Issued": "59,396", "Ordinary Shares Number": "59,396"}, "12/31/2018": {"Duration": "12/31/2018", "Total Assets": "206,294", "Total Liabilities Net Minority Interest": "75,019", "Total Equity Gross Minority Interest": "131,275", "Total Capitalization": "131,275", "Common Stock Equity": "131,275", "Capital Lease Obligations": "-", "Net Tangible Assets": "130,145", "Working Capital": "121,597", "Invested Capital": "131,275", "Tangible Book Value": "130,145", "Total Debt": "-", "Net Debt": "-", "Share Issued": "57,554", "Ordinary Shares Number": "57,554"}}, "cf": {"TTM": {"Duration": "TTM", "Operating Cash Flow": "24,669", "Investing Cash Flow": "-296,056", "Financing Cash Flow": "314,438", "End Cash Position": "94,613", "Income Tax Paid Supplemental Data": "177", "Interest Paid Supplemental Data": "2,707", "Capital Expenditure": "-32,294", "Issuance of Capital Stock": "0", "Issuance of Debt": "278,691", "Repayment of Debt": "0", "Free Cash Flow": "-7,625"}, "12/31/2020": {"Duration": "12/31/2020", "Operating Cash Flow": "24,669", "Investing Cash Flow": "-296,056", "Financing Cash Flow": "314,438", "End Cash Position": "94,613", "Income Tax Paid Supplemental Data": "177", "Interest Paid Supplemental Data": "2,707", "Capital Expenditure": "-32,294", "Issuance of Capital Stock": "0", "Issuance of Debt": "278,691", "Repayment of Debt": "0", "Free Cash Flow": "-7,625"}, "12/31/2019": {"Duration": "12/31/2019", "Operating Cash Flow": "41,905", "Investing Cash Flow": "-56,955", "Financing Cash Flow": "24,207", "End Cash Position": "51,174", "Income Tax Paid Supplemental Data": "67", "Interest Paid Supplemental Data": "0", "Capital Expenditure": "-19,541", "Issuance of Capital Stock": "0", "Issuance of Debt": "-", "Repayment of Debt": "0", "Free Cash Flow": "22,364"}, "12/31/2018": {"Duration": "12/31/2018", "Operating Cash Flow": "-8,319", "Investing Cash Flow": "-90,739", "Financing Cash Flow": "117,184", "End Cash Position": "41,826", "Income Tax Paid Supplemental Data": "16", "Interest Paid Supplemental Data": "10,805", "Capital Expenditure": "-2,986", "Issuance of Capital Stock": "172,929", "Issuance of Debt": "0", "Repayment of Debt": "-87,711", "Free Cash Flow": "-11,305"}}}}, {"HAE": {"quote": {"03/28/2021": {"value": "116.15", "Market Cap": "5.903B", "Beta (5Y Monthly)": "0.56", "PE Ratio (TTM)": "54.79", "EPS (TTM)": "2.12", "Earnings Date": "May 03, 2021 - May 07, 2021", "Forward Dividend & Yield": "N/A (N/A)", "Ex-Dividend Date": "N/A", "1y Target Est": "155.71"}}, "fin": {"TTM": {"Duration": "TTM", "Total Revenue": "883,926", "Cost of Revenue": "454,338", "Gross Profit": "429,588", "Operating Expense": "316,159", "Operating Income": "113,429", "Net Non Operating Interest Income Expense": "-14,659", "Other Income Expense": "23,500", "Pretax Income": "122,270", "Tax Provision": "14,136", "Net Income Common Stockholders": "108,134", "Diluted NI Available to Com Stockholders": "108,134", "Basic EPS": "-", "Diluted EPS": "-", "Basic Average Shares": "-", "Diluted Average Shares": "-", "Total Operating Income as Reported": "136,929", "Total Expenses": "770,497", "Net Income from Continuing & Discontinued Operation": "108,134", "Normalized Income": "87,351", "Interest Expense": "14,659", "Net Interest Income": "-14,659", "EBIT": "136,929", "EBITDA": "228,071", "Reconciled Cost of Revenue": "454,338", "Reconciled Depreciation": "91,142", "Net Income from Continuing Operation Net Minority Interest": "108,134", "Total Unusual Items Excluding Goodwill": "23,500", "Total Unusual Items": "23,500", "Normalized EBITDA": "204,571", "Tax Rate for Calcs": "0", "Tax Effect of Unusual Items": "2,717"}, "3/31/2020": {"Duration": "3/31/2020", "Total Revenue": "988,479", "Cost of Revenue": "503,966", "Gross Profit": "484,513", "Operating Expense": "330,563", "Operating Income": "153,950", "Net Non Operating Interest Income Expense": "-16,199", "Other Income Expense": "-50,599", "Pretax Income": "87,152", "Tax Provision": "10,626", "Net Income Common Stockholders": "76,526", "Diluted NI Available to Com Stockholders": "76,526", "Basic EPS": "1.51", "Diluted EPS": "1.48", "Basic Average Shares": "50,692", "Diluted Average Shares": "51,815", "Total Operating Income as Reported": "103,351", "Total Expenses": "834,529", "Net Income from Continuing & Discontinued Operation": "76,526", "Normalized Income": "120,952", "Interest Expense": "16,199", "Net Interest Income": "-16,199", "EBIT": "103,351", "EBITDA": "-", "Reconciled Cost of Revenue": "503,966", "Reconciled Depreciation": "110,289", "Net Income from Continuing Operation Net Minority Interest": "76,526", "Total Unusual Items Excluding Goodwill": "-50,599", "Total Unusual Items": "-50,599", "Normalized EBITDA": "264,239", "Tax Rate for Calcs": "0", "Tax Effect of Unusual Items": "-6,173"}, "3/31/2019": {"Duration": "3/31/2019", "Total Revenue": "967,579", "Cost of Revenue": "550,043", "Gross Profit": "417,536", "Operating Expense": "333,991", "Operating Income": "83,545", "Net Non Operating Interest Income Expense": "-9,912", "Other Income Expense": "-", "Pretax Income": "73,633", "Tax Provision": "18,614", "Net Income Common Stockholders": "55,019", "Diluted NI Available to Com Stockholders": "55,019", "Basic EPS": "1.07", "Diluted EPS": "1.04", "Basic Average Shares": "51,533", "Diluted Average Shares": "52,942", "Total Operating Income as Reported": "83,545", "Total Expenses": "884,034", "Net Income from Continuing & Discontinued Operation": "55,019", "Normalized Income": "55,019", "Interest Expense": "9,912", "Net Interest Income": "-9,912", "EBIT": "83,545", "EBITDA": "-", "Reconciled Cost of Revenue": "550,043", "Reconciled Depreciation": "109,418", "Net Income from Continuing Operation Net Minority Interest": "55,019", "Total Unusual Items Excluding Goodwill": "0", "Total Unusual Items": "0", "Normalized EBITDA": "192,963", "Tax Rate for Calcs": "0", "Tax Effect of Unusual Items": "0"}}, "bs": {"3/31/2020": {"Duration": "3/31/2020", "Total Assets": "1,267,110", "Total Liabilities Net Minority Interest": "680,001", "Total Equity Gross Minority Interest": "587,109", "Total Capitalization": "892,622", "Common Stock Equity": "587,109", "Capital Lease Obligations": "59,320", "Net Tangible Assets": "243,351", "Working Capital": "328,817", "Invested Capital": "969,602", "Tangible Book Value": "243,351", "Total Debt": "441,813", "Net Debt": "245,182", "Share Issued": "50,323", "Ordinary Shares Number": "50,323"}, "3/31/2019": {"Duration": "3/31/2019", "Total Assets": "1,274,767", "Total Liabilities Net Minority Interest": "606,899", "Total Equity Gross Minority Interest": "667,868", "Total Capitalization": "990,322", "Common Stock Equity": "667,868", "Capital Lease Obligations": "-", "Net Tangible Assets": "329,356", "Working Capital": "340,362", "Invested Capital": "1,017,988", "Tangible Book Value": "329,356", "Total Debt": "350,120", "Net Debt": "180,769", "Share Issued": "51,020", "Ordinary Shares Number": "51,020"}}, "cf": {"TTM": {"Duration": "TTM", "Operating Cash Flow": "153,664", "Investing Cash Flow": "-41,477", "Financing Cash Flow": "-53,935", "End Cash Position": "184,669", "Income Tax Paid Supplemental Data": "7,231", "Interest Paid Supplemental Data": "7,876", "Capital Expenditure": "-36,054", "Issuance of Debt": "0", "Repayment of Debt": "-17,500", "Repurchase of Capital Stock": "0", "Free Cash Flow": "117,610"}, "3/31/2020": {"Duration": "3/31/2020", "Operating Cash Flow": "158,217", "Investing Cash Flow": "-57,176", "Financing Cash Flow": "-131,208", "End Cash Position": "137,311", "Income Tax Paid Supplemental Data": "11,507", "Interest Paid Supplemental Data": "12,545", "Capital Expenditure": "-48,758", "Issuance of Debt": "0", "Repayment of Debt": "-13,125", "Repurchase of Capital Stock": "-175,000", "Free Cash Flow": "109,459"}, "3/31/2019": {"Duration": "3/31/2019", "Operating Cash Flow": "159,281", "Investing Cash Flow": "-116,148", "Financing Cash Flow": "-50,628", "End Cash Position": "169,351", "Income Tax Paid Supplemental Data": "8,205", "Interest Paid Supplemental Data": "13,116", "Capital Expenditure": "-118,961", "Issuance of Debt": "347,780", "Repayment of Debt": "-266,853", "Repurchase of Capital Stock": "-160,000", "Free Cash Flow": "40,320"}}}}, {"XRAY": {"quote": {"03/28/2021": {"value": "61.28", "Market Cap": "13.423B", "Beta (5Y Monthly)": "0.86", "PE Ratio (TTM)": "N/A", "EPS (TTM)": "-0.38", "Earnings Date": "May 06, 2021 - May 10, 2021", "Forward Dividend & Yield": "0.40 (0.65%)", "Ex-Dividend Date": "Mar 25, 2021", "1y Target Est": "66.21"}}, "fin": {"TTM": {"Duration": "TTM", "Total Revenue": "3,342,000", "Cost of Revenue": "1,685,000", "Gross Profit": "1,657,000", "Operating Expense": "1,435,000", "Operating Income": "222,000", "Net Non Operating Interest Income Expense": "-47,000", "Other Income Expense": "-235,000", "Pretax Income": "-60,000", "Tax Provision": "23,000", "Net Income Common Stockholders": "-83,000", "Diluted NI Available to Com Stockholders": "-83,000", "Basic EPS": "-", "Diluted EPS": "-", "Basic Average Shares": "-", "Diluted Average Shares": "-", "Total Operating Income as Reported": "-12,000", "Total Expenses": "3,120,000", "Net Income from Continuing & Discontinued Operation": "-83,000", "Normalized Income": "78,330", "Interest Income": "1,000", "Interest Expense": "48,000", "Net Interest Income": "-47,000", "EBIT": "-12,000", "EBITDA": "322,000", "Reconciled Cost of Revenue": "1,685,000", "Reconciled Depreciation": "334,000", "Net Income from Continuing Operation Net Minority Interest": "-83,000", "Total Unusual Items Excluding Goodwill": "-221,000", "Total Unusual Items": "-221,000", "Normalized EBITDA": "543,000", "Tax Rate for Calcs": "0", "Tax Effect of Unusual Items": "-59,670"}, "12/31/2020": {"Duration": "12/31/2020", "Total Revenue": "3,342,000", "Cost of Revenue": "1,685,000", "Gross Profit": "1,657,000", "Operating Expense": "1,435,000", "Operating Income": "222,000", "Net Non Operating Interest Income Expense": "-47,000", "Other Income Expense": "-235,000", "Pretax Income": "-60,000", "Tax Provision": "23,000", "Net Income Common Stockholders": "-83,000", "Diluted NI Available to Com Stockholders": "-83,000", "Basic EPS": "-0.38", "Diluted EPS": "-0.38", "Basic Average Shares": "219,200", "Diluted Average Shares": "219,200", "Total Operating Income as Reported": "-12,000", "Total Expenses": "3,120,000", "Net Income from Continuing & Discontinued Operation": "-83,000", "Normalized Income": "78,330", "Interest Income": "1,000", "Interest Expense": "48,000", "Net Interest Income": "-47,000", "EBIT": "-12,000", "EBITDA": "-", "Reconciled Cost of Revenue": "1,685,000", "Reconciled Depreciation": "334,000", "Net Income from Continuing Operation Net Minority Interest": "-83,000", "Total Unusual Items Excluding Goodwill": "-221,000", "Total Unusual Items": "-221,000", "Normalized EBITDA": "543,000", "Tax Rate for Calcs": "0", "Tax Effect of Unusual Items": "-59,670"}, "12/31/2019": {"Duration": "12/31/2019", "Total Revenue": "4,029,200", "Cost of Revenue": "1,864,100", "Gross Profit": "2,165,100", "Operating Expense": "1,723,500", "Operating Income": "441,600", "Net Non Operating Interest Income Expense": "-27,000", "Other Income Expense": "-69,200", "Pretax Income": "345,400", "Tax Provision": "82,300", "Net Income Common Stockholders": "262,900", "Diluted NI Available to Com Stockholders": "262,900", "Basic EPS": "1.18", "Diluted EPS": "1.17", "Basic Average Shares": "223,100", "Diluted Average Shares": "224,400", "Total Operating Income as Reported": "360,900", "Total Expenses": "3,587,600", "Net Income from Continuing & Discontinued Operation": "262,900", "Normalized Income": "303,896", "Interest Income": "2,400", "Interest Expense": "29,400", "Net Interest Income": "-27,000", "EBIT": "374,800", "EBITDA": "-", "Reconciled Cost of Revenue": "1,864,100", "Reconciled Depreciation": "322,800", "Net Income from Continuing Operation Net Minority Interest": "262,900", "Total Unusual Items Excluding Goodwill": "-53,800", "Total Unusual Items": "-53,800", "Normalized EBITDA": "751,400", "Tax Rate for Calcs": "0", "Tax Effect of Unusual Items": "-12,804"}, "12/31/2018": {"Duration": "12/31/2018", "Total Revenue": "3,986,300", "Cost of Revenue": "1,918,500", "Gross Profit": "2,067,800", "Operating Expense": "1,719,100", "Operating Income": "348,700", "Net Non Operating Interest Income Expense": "-35,200", "Other Income Expense": "-1,271,900", "Pretax Income": "-958,400", "Tax Provision": "52,500", "Net Income Common Stockholders": "-1,011,000", "Diluted NI Available to Com Stockholders": "-1,011,000", "Basic EPS": "-4.51", "Diluted EPS": "-4.51", "Basic Average Shares": "224,300", "Diluted Average Shares": "224,300", "Total Operating Income as Reported": "-958,100", "Total Expenses": "3,637,600", "Net Income from Continuing & Discontinued Operation": "-1,011,000", "Normalized Income": "-52,802", "Interest Income": "2,100", "Interest Expense": "37,300", "Net Interest Income": "-35,200", "EBIT": "-921,100", "EBITDA": "-", "Reconciled Cost of Revenue": "1,918,500", "Reconciled Depreciation": "330,800", "Net Income from Continuing Operation Net Minority Interest": "-1,011,000", "Total Unusual Items Excluding Goodwill": "-1,312,600", "Total Unusual Items": "-1,312,600", "Normalized EBITDA": "722,300", "Tax Rate for Calcs": "0", "Tax Effect of Unusual Items": "-354,402"}}, "bs": {"12/31/2020": {"Duration": "12/31/2020", "Total Assets": "9,342,000", "Total Liabilities Net Minority Interest": "4,372,000", "Total Equity Gross Minority Interest": "4,970,000", "Total Capitalization": "6,945,000", "Common Stock Equity": "4,967,000", "Capital Lease Obligations": "178,000", "Net Tangible Assets": "-1,523,000", "Working Capital": "474,000", "Invested Capital": "7,244,000", "Tangible Book Value": "-1,523,000", "Total Debt": "2,455,000", "Net Debt": "1,839,000", "Share Issued": "264,500", "Ordinary Shares Number": "218,700", "Treasury Shares Number": "45,800"}, "12/31/2019": {"Duration": "12/31/2019", "Total Assets": "8,602,900", "Total Liabilities Net Minority Interest": "3,508,000", "Total Equity Gross Minority Interest": "5,094,900", "Total Capitalization": "6,525,600", "Common Stock Equity": "5,092,500", "Capital Lease Obligations": "163,200", "Net Tangible Assets": "-480,300", "Working Capital": "1,004,400", "Invested Capital": "6,527,900", "Tangible Book Value": "-480,300", "Total Debt": "1,598,600", "Net Debt": "1,030,500", "Share Issued": "264,500", "Ordinary Shares Number": "221,300", "Treasury Shares Number": "43,200"}, "12/31/2018": {"Duration": "12/31/2018", "Total Assets": "8,687,000", "Total Liabilities Net Minority Interest": "3,554,000", "Total Equity Gross Minority Interest": "5,133,000", "Total Capitalization": "6,686,000", "Common Stock Equity": "5,121,100", "Capital Lease Obligations": "-", "Net Tangible Assets": "-730,500", "Working Capital": "874,700", "Invested Capital": "6,778,400", "Tangible Book Value": "-730,500", "Total Debt": "1,657,300", "Net Debt": "1,347,700", "Share Issued": "264,500", "Ordinary Shares Number": "223,000", "Treasury Shares Number": "41,500"}}, "cf": {"TTM": {"Duration": "TTM", "Operating Cash Flow": "635,000", "Investing Cash Flow": "-1,106,000", "Financing Cash Flow": "490,000", "End Cash Position": "438,000", "Income Tax Paid Supplemental Data": "82,000", "Interest Paid Supplemental Data": "45,000", "Capital Expenditure": "-87,000", "Issuance of Debt": "1,448,000", "Repayment of Debt": "-701,000", "Repurchase of Capital Stock": "-140,000", "Free Cash Flow": "548,000"}, "12/31/2020": {"Duration": "12/31/2020", "Operating Cash Flow": "635,000", "Investing Cash Flow": "-1,106,000", "Financing Cash Flow": "490,000", "End Cash Position": "438,000", "Income Tax Paid Supplemental Data": "82,000", "Interest Paid Supplemental Data": "45,000", "Capital Expenditure": "-87,000", "Issuance of Debt": "1,448,000", "Repayment of Debt": "-701,000", "Repurchase of Capital Stock": "-140,000", "Free Cash Flow": "548,000"}, "12/31/2019": {"Duration": "12/31/2019", "Operating Cash Flow": "632,800", "Investing Cash Flow": "-68,400", "Financing Cash Flow": "-466,100", "End Cash Position": "404,900", "Income Tax Paid Supplemental Data": "112,100", "Interest Paid Supplemental Data": "30,200", "Capital Expenditure": "-122,900", "Issuance of Debt": "118,900", "Repayment of Debt": "-319,700", "Repurchase of Capital Stock": "-260,000", "Free Cash Flow": "509,900"}, "12/31/2018": {"Duration": "12/31/2018", "Operating Cash Flow": "499,800", "Investing Cash Flow": "-253,300", "Financing Cash Flow": "-249,800", "End Cash Position": "309,600", "Income Tax Paid Supplemental Data": "104,700", "Interest Paid Supplemental Data": "35,100", "Capital Expenditure": "-188,000", "Issuance of Debt": "60,500", "Repayment of Debt": "-9,400", "Repurchase of Capital Stock": "-250,200", "Free Cash Flow": "311,800"}}}}, {"ENTL": {"quote": {"03/28/2021": {"value": "", "Net Assets": "N/A", "Beta (5Y Monthly)": "N/A", "Yield": "N/A", "5y Average Return": "N/A", "Holdings Turnover": "N/A", "Last Dividend": "N/A", "Average for Category": "N/A", "Inception Date": "N/A"}}, "fin": {}, "bs": {}, "cf": {}}}, {"ECIA": {"quote": {"03/28/2021": {"value": "0.6202", "Market Cap": "7.184M", "Beta (5Y Monthly)": "-0.04", "PE Ratio (TTM)": "20.67", "EPS (TTM)": "0.0300", "Earnings Date": "Feb 04, 2021", "Forward Dividend & Yield": "N/A (N/A)", "Ex-Dividend Date": "May 13, 1996", "1y Target Est": "N/A"}}, "fin": {"TTM": {"Duration": "TTM", "Total Revenue": "7,169", "Cost of Revenue": "3,491", "Gross Profit": "3,678", "Operating Expense": "3,991", "Operating Income": "-313.126", "Net Non Operating Interest Income Expense": "-69.236", "Other Income Expense": "734.756", "Pretax Income": "352.394", "Tax Provision": "0", "Net Income Common Stockholders": "352.394", "Diluted NI Available to Com Stockholders": "352.394", "Basic EPS": "-", "Diluted EPS": "-", "Basic Average Shares": "-", "Diluted Average Shares": "-", "Total Operating Income as Reported": "-313.126", "Total Expenses": "7,482", "Net Income from Continuing & Discontinued Operation": "352.394", "Normalized Income": "352.394", "Interest Expense": "69.236", "Net Interest Income": "-69.236", "EBIT": "421.63", "EBITDA": "515.724", "Reconciled Cost of Revenue": "3,491", "Reconciled Depreciation": "94.094", "Net Income from Continuing Operation Net Minority Interest": "352.394", "Normalized EBITDA": "515.724", "Tax Rate for Calcs": "0", "Tax Effect of Unusual Items": "0"}, "3/31/2020": {"Duration": "3/31/2020", "Total Revenue": "7,670", "Cost of Revenue": "3,667", "Gross Profit": "4,004", "Operating Expense": "4,160", "Operating Income": "-156.36", "Net Non Operating Interest Income Expense": "-43.382", "Other Income Expense": "1.43", "Pretax Income": "-198.312", "Tax Provision": "0", "Net Income Common Stockholders": "-198.312", "Diluted NI Available to Com Stockholders": "-198.312", "Basic EPS": "-0.02", "Diluted EPS": "-0.02", "Basic Average Shares": "11,573", "Diluted Average Shares": "11,573", "Total Operating Income as Reported": "-156.36", "Total Expenses": "7,827", "Net Income from Continuing & Discontinued Operation": "-198.312", "Normalized Income": "-198.312", "Interest Expense": "43.382", "Net Interest Income": "-43.382", "EBIT": "-154.93", "EBITDA": "-", "Reconciled Cost of Revenue": "3,667", "Reconciled Depreciation": "137.81", "Net Income from Continuing Operation Net Minority Interest": "-198.312", "Normalized EBITDA": "-17.12", "Tax Rate for Calcs": "0", "Tax Effect of Unusual Items": "0"}, "3/31/2019": {"Duration": "3/31/2019", "Total Revenue": "8,802", "Cost of Revenue": "4,131", "Gross Profit": "4,672", "Operating Expense": "4,858", "Operating Income": "-186.359", "Net Non Operating Interest Income Expense": "-50.334", "Other Income Expense": "0.597", "Pretax Income": "-236.096", "Tax Provision": "0", "Net Income Common Stockholders": "-236.096", "Diluted NI Available to Com Stockholders": "-236.096", "Basic EPS": "-0.02", "Diluted EPS": "-0.02", "Basic Average Shares": "10,933", "Diluted Average Shares": "10,933", "Total Operating Income as Reported": "-186.359", "Total Expenses": "8,989", "Net Income from Continuing & Discontinued Operation": "-236.096", "Normalized Income": "-236.096", "Interest Expense": "50.334", "Net Interest Income": "-50.334", "EBIT": "-185.762", "EBITDA": "-", "Reconciled Cost of Revenue": "4,131", "Reconciled Depreciation": "182.066", "Net Income from Continuing Operation Net Minority Interest": "-236.096", "Normalized EBITDA": "-3.696", "Tax Rate for Calcs": "0", "Tax Effect of Unusual Items": "0"}}, "bs": {"3/31/2020": {"Duration": "3/31/2020", "Total Assets": "4,737", "Total Liabilities Net Minority Interest": "2,553", "Total Equity Gross Minority Interest": "2,184", "Total Capitalization": "2,184", "Common Stock Equity": "2,184", "Capital Lease Obligations": "1,423", "Net Tangible Assets": "1,956", "Working Capital": "1,556", "Invested Capital": "2,555", "Tangible Book Value": "1,956", "Total Debt": "1,793", "Share Issued": "11,583", "Ordinary Shares Number": "11,583"}, "3/31/2019": {"Duration": "3/31/2019", "Total Assets": "3,428", "Total Liabilities Net Minority Interest": "1,076", "Total Equity Gross Minority Interest": "2,352", "Total Capitalization": "2,352", "Common Stock Equity": "2,352", "Capital Lease Obligations": "-", "Net Tangible Assets": "2,103", "Working Capital": "1,909", "Invested Capital": "2,352", "Tangible Book Value": "2,103", "Total Debt": "-", "Share Issued": "11,558", "Ordinary Shares Number": "11,558"}}, "cf": {"TTM": {"Duration": "TTM", "Operating Cash Flow": "-75.429", "Investing Cash Flow": "-16.301", "Financing Cash Flow": "750.567", "End Cash Position": "854.194", "Interest Paid Supplemental Data": "76.034", "Capital Expenditure": "-16.301", "Issuance of Capital Stock": "-", "Issuance of Debt": "1,121", "Repayment of Debt": "-", "Free Cash Flow": "-91.73"}, "3/31/2020": {"Duration": "3/31/2020", "Operating Cash Flow": "-229.484", "Investing Cash Flow": "-54.23", "Financing Cash Flow": "370.498", "End Cash Position": "385.132", "Interest Paid Supplemental Data": "43.515", "Capital Expenditure": "-54.23", "Issuance of Capital Stock": "0", "Issuance of Debt": "370.498", "Repayment of Debt": "-", "Free Cash Flow": "-283.714"}, "3/31/2019": {"Duration": "3/31/2019", "Operating Cash Flow": "-127.242", "Investing Cash Flow": "-60.778", "Financing Cash Flow": "346.83", "End Cash Position": "298.348", "Interest Paid Supplemental Data": "42.914", "Capital Expenditure": "-60.778", "Issuance of Capital Stock": "350", "Issuance of Debt": "-", "Repayment of Debt": "0", "Free Cash Flow": "-188.02"}}}}, {"SEYE": {"quote": {"03/28/2021": {"value": "0.0600", "Market Cap": "347,781", "Beta (5Y Monthly)": "77.56", "PE Ratio (TTM)": "1.94", "EPS (TTM)": "0.0310", "Earnings Date": "N/A", "Forward Dividend & Yield": "N/A (N/A)", "Ex-Dividend Date": "N/A", "1y Target Est": "N/A"}}, "fin": {}, "bs": {}, "cf": {}}}, {"HYH": {"quote": {"03/28/2021": {"value": "", "Net Assets": "N/A", "Beta (5Y Monthly)": "N/A", "Yield": "N/A", "5y Average Return": "N/A", "Holdings Turnover": "N/A", "Last Dividend": "N/A", "Average for Category": "N/A", "Inception Date": "N/A"}}, "fin": {}, "bs": {}, "cf": {}}}, {"HRC": {"quote": {"03/28/2021": {"value": "110.87", "Market Cap": "7.358B", "Beta (5Y Monthly)": "0.61", "PE Ratio (TTM)": "30.70", "EPS (TTM)": "3.61", "Earnings Date": "Apr 29, 2021 - May 03, 2021", "Forward Dividend & Yield": "0.96 (0.87%)", "Ex-Dividend Date": "Mar 19, 2021", "1y Target Est": "122.43"}}, "fin": {"TTM": {"Duration": "TTM", "Total Revenue": "2,937,100", "Cost of Revenue": "1,424,500", "Gross Profit": "1,512,600", "Operating Expense": "1,080,600", "Operating Income": "432,000", "Net Non Operating Interest Income Expense": "-72,400", "Other Income Expense": "-59,400", "Pretax Income": "300,200", "Tax Provision": "58,200", "Net Income Common Stockholders": "242,000", "Diluted NI Available to Com Stockholders": "242,000", "Basic EPS": "-", "Diluted EPS": "-", "Basic Average Shares": "-", "Diluted Average Shares": "-", "Total Operating Income as Reported": "371,200", "Rent Expense Supplemental": "-", "Total Expenses": "2,505,100", "Net Income from Continuing & Discontinued Operation": "242,000", "Normalized Income": "289,884", "Interest Expense": "72,400", "Net Interest Income": "-72,400", "EBIT": "372,600", "EBITDA": "552,400", "Reconciled Cost of Revenue": "1,352,900", "Reconciled Depreciation": "179,800", "Net Income from Continuing Operation Net Minority Interest": "242,000", "Total Unusual Items Excluding Goodwill": "-59,400", "Total Unusual Items": "-59,400", "Normalized EBITDA": "611,800", "Tax Rate for Calcs": "0", "Tax Effect of Unusual Items": "-11,516"}, "9/30/2020": {"Duration": "9/30/2020", "Total Revenue": "2,881,000", "Cost of Revenue": "1,405,900", "Gross Profit": "1,475,100", "Operating Expense": "1,065,900", "Operating Income": "409,200", "Net Non Operating Interest Income Expense": "-74,000", "Other Income Expense": "-64,000", "Pretax Income": "271,200", "Tax Provision": "48,200", "Net Income Common Stockholders": "223,000", "Diluted NI Available to Com Stockholders": "223,000", "Basic EPS": "3.35", "Diluted EPS": "3.32", "Basic Average Shares": "66,631", "Diluted Average Shares": "67,212", "Total Operating Income as Reported": "367,700", "Rent Expense Supplemental": "146,000", "Total Expenses": "2,471,800", "Net Income from Continuing & Discontinued Operation": "223,000", "Normalized Income": "275,608", "Interest Expense": "74,000", "Net Interest Income": "-74,000", "EBIT": "345,200", "EBITDA": "-", "Reconciled Cost of Revenue": "1,336,100", "Reconciled Depreciation": "178,800", "Net Income from Continuing Operation Net Minority Interest": "223,000", "Total Unusual Items Excluding Goodwill": "-64,000", "Total Unusual Items": "-64,000", "Normalized EBITDA": "588,000", "Tax Rate for Calcs": "0", "Tax Effect of Unusual Items": "-11,392"}, "9/30/2019": {"Duration": "9/30/2019", "Total Revenue": "2,907,300", "Cost of Revenue": "1,482,300", "Gross Profit": "1,425,000", "Operating Expense": "1,080,500", "Operating Income": "344,500", "Net Non Operating Interest Income Expense": "-89,600", "Other Income Expense": "-46,300", "Pretax Income": "208,600", "Tax Provision": "56,400", "Net Income Common Stockholders": "152,200", "Diluted NI Available to Com Stockholders": "152,200", "Basic EPS": "2.28", "Diluted EPS": "2.25", "Basic Average Shares": "66,625", "Diluted Average Shares": "67,660", "Total Operating Income as Reported": "316,100", "Rent Expense Supplemental": "151,600", "Total Expenses": "2,562,800", "Net Income from Continuing & Discontinued Operation": "152,200", "Normalized Income": "185,999", "Interest Expense": "89,600", "Net Interest Income": "-89,600", "EBIT": "298,200", "EBITDA": "-", "Reconciled Cost of Revenue": "1,482,300", "Reconciled Depreciation": "194,800", "Net Income from Continuing Operation Net Minority Interest": "152,200", "Total Unusual Items Excluding Goodwill": "-46,300", "Total Unusual Items": "-46,300", "Normalized EBITDA": "539,300", "Tax Rate for Calcs": "0", "Tax Effect of Unusual Items": "-12,501"}, "9/30/2018": {"Duration": "9/30/2018", "Total Revenue": "2,848,000", "Cost of Revenue": "1,453,800", "Gross Profit": "1,394,200", "Operating Expense": "1,027,100", "Operating Income": "367,100", "Net Non Operating Interest Income Expense": "-95,000", "Other Income Expense": "-74,900", "Pretax Income": "197,200", "Tax Provision": "-55,200", "Net Income Common Stockholders": "252,400", "Diluted NI Available to Com Stockholders": "252,400", "Basic EPS": "3.75", "Diluted EPS": "3.73", "Basic Average Shares": "67,256", "Diluted Average Shares": "67,612", "Total Operating Income as Reported": "289,500", "Rent Expense Supplemental": "179,700", "Total Expenses": "2,480,900", "Net Income from Continuing & Discontinued Operation": "252,400", "Normalized Income": "307,077", "Interest Expense": "95,000", "Net Interest Income": "-95,000", "EBIT": "292,200", "EBITDA": "-", "Reconciled Cost of Revenue": "1,453,800", "Reconciled Depreciation": "196,500", "Net Income from Continuing Operation Net Minority Interest": "252,400", "Total Unusual Items Excluding Goodwill": "-74,900", "Total Unusual Items": "-74,900", "Normalized EBITDA": "563,600", "Tax Rate for Calcs": "0", "Tax Effect of Unusual Items": "-20,223"}}, "bs": {"9/30/2020": {"Duration": "9/30/2020", "Total Assets": "4,671,100", "Total Liabilities Net Minority Interest": "2,945,000", "Total Equity Gross Minority Interest": "1,726,100", "Total Capitalization": "3,381,800", "Common Stock Equity": "1,726,100", "Net Tangible Assets": "-1,086,100", "Working Capital": "412,700", "Invested Capital": "3,604,100", "Tangible Book Value": "-1,086,100", "Total Debt": "1,878,000", "Net Debt": "1,581,500", "Share Issued": "88,458", "Ordinary Shares Number": "66,641", "Treasury Shares Number": "21,817"}, "9/30/2019": {"Duration": "9/30/2019", "Total Assets": "4,919,000", "Total Liabilities Net Minority Interest": "3,345,700", "Total Equity Gross Minority Interest": "1,573,300", "Total Capitalization": "3,356,400", "Common Stock Equity": "1,573,300", "Net Tangible Assets": "-1,261,100", "Working Capital": "395,100", "Invested Capital": "4,016,800", "Tangible Book Value": "-1,261,100", "Total Debt": "2,443,500", "Net Debt": "2,229,400", "Share Issued": "88,458", "Ordinary Shares Number": "66,625", "Treasury Shares Number": "21,833"}, "9/30/2018": {"Duration": "9/30/2018", "Total Assets": "4,360,000", "Total Liabilities Net Minority Interest": "2,743,800", "Total Equity Gross Minority Interest": "1,616,200", "Total Capitalization": "3,406,600", "Common Stock Equity": "1,616,200", "Net Tangible Assets": "-1,149,800", "Working Capital": "493,200", "Invested Capital": "3,589,100", "Tangible Book Value": "-1,149,800", "Total Debt": "1,972,900", "Net Debt": "1,789,900", "Share Issued": "88,458", "Ordinary Shares Number": "67,256", "Treasury Shares Number": "21,202"}}, "cf": {"TTM": {"Duration": "TTM", "Operating Cash Flow": "504,900", "Investing Cash Flow": "-136,400", "Financing Cash Flow": "-287,700", "End Cash Position": "285,200", "Income Tax Paid Supplemental Data": "-", "Interest Paid Supplemental Data": "-", "Capital Expenditure": "-110,900", "Issuance of Capital Stock": "-", "Issuance of Debt": "178,900", "Repayment of Debt": "-311,600", "Repurchase of Capital Stock": "-101,500", "Free Cash Flow": "394,000"}, "9/30/2020": {"Duration": "9/30/2020", "Operating Cash Flow": "481,700", "Investing Cash Flow": "-131,200", "Financing Cash Flow": "-695,000", "End Cash Position": "296,500", "Income Tax Paid Supplemental Data": "88,000", "Interest Paid Supplemental Data": "72,400", "Capital Expenditure": "-105,900", "Issuance of Capital Stock": "-", "Issuance of Debt": "240,300", "Repayment of Debt": "-824,000", "Repurchase of Capital Stock": "-54,100", "Free Cash Flow": "375,800"}, "9/30/2019": {"Duration": "9/30/2019", "Operating Cash Flow": "401,400", "Investing Cash Flow": "-249,000", "Financing Cash Flow": "304,700", "End Cash Position": "633,800", "Income Tax Paid Supplemental Data": "54,400", "Interest Paid Supplemental Data": "91,800", "Capital Expenditure": "-90,500", "Issuance of Capital Stock": "7,500", "Issuance of Debt": "1,919,400", "Repayment of Debt": "-1,446,700", "Repurchase of Capital Stock": "-117,200", "Free Cash Flow": "310,900"}, "9/30/2018": {"Duration": "9/30/2018", "Operating Cash Flow": "395,200", "Investing Cash Flow": "-82,400", "Financing Cash Flow": "-356,600", "End Cash Position": "183,000", "Income Tax Paid Supplemental Data": "44,800", "Interest Paid Supplemental Data": "90,400", "Capital Expenditure": "-89,500", "Issuance of Capital Stock": "6,400", "Issuance of Debt": "270,000", "Repayment of Debt": "-606,700", "Repurchase of Capital Stock": "-14,100", "Free Cash Flow": "305,700"}}}}, {"UEEC": {"quote": {"03/28/2021": {"value": "1.0500", "Market Cap": "197.687M", "Beta (5Y Monthly)": "-0.37", "PE Ratio (TTM)": "N/A", "EPS (TTM)": "-0.0730", "Earnings Date": "Jun 29, 2020 - Jun 30, 2020", "Forward Dividend & Yield": "N/A (N/A)", "Ex-Dividend Date": "N/A", "1y Target Est": "N/A"}}, "fin": {"TTM": {"Duration": "TTM", "Total Revenue": "0.643", "Cost of Revenue": "0.195", "Gross Profit": "0.448", "Operating Expense": "14,849", "Operating Income": "-14,849", "Net Non Operating Interest Income Expense": "-546.228", "Other Income Expense": "-316.521", "Pretax Income": "-15,711", "Tax Provision": "0", "Net Income Common Stockholders": "-15,711", "Diluted NI Available to Com Stockholders": "-15,711", "Basic EPS": "-", "Diluted EPS": "-", "Basic Average Shares": "-", "Diluted Average Shares": "-", "Total Operating Income as Reported": "-14,849", "Total Expenses": "14,849", "Net Income from Continuing & Discontinued Operation": "-15,711", "Normalized Income": "-15,395", "Interest Expense": "546.228", "Net Interest Income": "-546.228", "EBIT": "-15,165", "EBITDA": "-15,165", "Reconciled Cost of Revenue": "0.195", "Net Income from Continuing Operation Net Minority Interest": "-15,711", "Total Unusual Items Excluding Goodwill": "-316.521", "Total Unusual Items": "-316.521", "Normalized EBITDA": "-14,849", "Tax Rate for Calcs": "0", "Tax Effect of Unusual Items": "0"}, "12/31/2020": {"Duration": "12/31/2020", "Total Revenue": "0.643", "Cost of Revenue": "0.195", "Gross Profit": "0.448", "Operating Expense": "14,849", "Operating Income": "-14,849", "Net Non Operating Interest Income Expense": "-546.228", "Other Income Expense": "-316.521", "Pretax Income": "-15,711", "Tax Provision": "0", "Net Income Common Stockholders": "-15,711", "Diluted NI Available to Com Stockholders": "-15,711", "Basic EPS": "-", "Diluted EPS": "-", "Basic Average Shares": "-", "Diluted Average Shares": "-", "Total Operating Income as Reported": "-14,849", "Total Expenses": "14,849", "Net Income from Continuing & Discontinued Operation": "-15,711", "Normalized Income": "-15,395", "Interest Expense": "546.228", "Net Interest Income": "-546.228", "EBIT": "-15,165", "EBITDA": "-", "Reconciled Cost of Revenue": "0.195", "Net Income from Continuing Operation Net Minority Interest": "-15,711", "Total Unusual Items Excluding Goodwill": "-316.521", "Total Unusual Items": "-316.521", "Normalized EBITDA": "-14,849", "Tax Rate for Calcs": "0", "Tax Effect of Unusual Items": "0"}, "12/31/2019": {"Duration": "12/31/2019", "Total Revenue": "4.927", "Cost of Revenue": "1.316", "Gross Profit": "3.611", "Operating Expense": "6,098", "Operating Income": "-6,094", "Net Non Operating Interest Income Expense": "-508.183", "Other Income Expense": "-", "Pretax Income": "-6,602", "Tax Provision": "-", "Net Income Common Stockholders": "-6,602", "Diluted NI Available to Com Stockholders": "-6,602", "Basic EPS": "-0.04", "Diluted EPS": "-0.04", "Basic Average Shares": "175,876", "Diluted Average Shares": "175,876", "Total Operating Income as Reported": "-6,094", "Total Expenses": "6,099", "Net Income from Continuing & Discontinued Operation": "-6,602", "Normalized Income": "-6,602", "Interest Expense": "508.183", "Net Interest Income": "-508.183", "EBIT": "-6,094", "EBITDA": "-", "Reconciled Cost of Revenue": "1.316", "Net Income from Continuing Operation Net Minority Interest": "-6,602", "Total Unusual Items Excluding Goodwill": "0", "Total Unusual Items": "0", "Normalized EBITDA": "-6,094", "Tax Rate for Calcs": "0", "Tax Effect of Unusual Items": "0"}, "12/31/2018": {"Duration": "12/31/2018", "Total Revenue": "45.862", "Cost of Revenue": "96.701", "Gross Profit": "-50.839", "Operating Expense": "2,327", "Operating Income": "-2,378", "Net Non Operating Interest Income Expense": "0", "Other Income Expense": "-3,629", "Pretax Income": "-6,006", "Tax Provision": "-", "Net Income Common Stockholders": "-6,006", "Diluted NI Available to Com Stockholders": "-6,006", "Basic EPS": "-0.04", "Diluted EPS": "-0.04", "Basic Average Shares": "170,056", "Diluted Average Shares": "170,056", "Total Operating Income as Reported": "-2,378", "Total Expenses": "2,423", "Net Income from Continuing & Discontinued Operation": "-6,006", "Normalized Income": "-2,374", "Interest Expense": "0", "Net Interest Income": "0", "EBIT": "-6,006", "EBITDA": "-", "Reconciled Cost of Revenue": "96.701", "Net Income from Continuing Operation Net Minority Interest": "-6,006", "Total Unusual Items Excluding Goodwill": "-3,632", "Total Unusual Items": "-3,632", "Normalized EBITDA": "-2,374", "Tax Rate for Calcs": "0", "Tax Effect of Unusual Items": "0"}}, "bs": {"12/31/2020": {"Duration": "12/31/2020", "Total Assets": "217.1", "Total Liabilities Net Minority Interest": "1,170", "Total Equity Gross Minority Interest": "-953.262", "Total Capitalization": "-953.262", "Common Stock Equity": "-953.262", "Net Tangible Assets": "-953.262", "Working Capital": "-1,055", "Invested Capital": "-393.31", "Tangible Book Value": "-953.262", "Total Debt": "559.952", "Net Debt": "513.876", "Share Issued": "189,357", "Ordinary Shares Number": "189,357", "Treasury Shares Number": "-"}, "12/31/2019": {"Duration": "12/31/2019", "Total Assets": "93.472", "Total Liabilities Net Minority Interest": "997.277", "Total Equity Gross Minority Interest": "-903.805", "Total Capitalization": "-903.805", "Common Stock Equity": "-903.805", "Net Tangible Assets": "-903.805", "Working Capital": "-903.805", "Invested Capital": "-538.02", "Tangible Book Value": "-903.805", "Total Debt": "365.785", "Net Debt": "349.161", "Share Issued": "178,300", "Ordinary Shares Number": "178,300", "Treasury Shares Number": "-"}, "12/31/2018": {"Duration": "12/31/2018", "Total Assets": "125.977", "Total Liabilities Net Minority Interest": "478.677", "Total Equity Gross Minority Interest": "-352.7", "Total Capitalization": "-352.7", "Common Stock Equity": "-352.7", "Net Tangible Assets": "-352.7", "Working Capital": "-352.7", "Invested Capital": "-344.579", "Tangible Book Value": "-352.7", "Total Debt": "8.121", "Net Debt": "-", "Share Issued": "185,943", "Ordinary Shares Number": "171,793", "Treasury Shares Number": "14,150"}}, "cf": {"TTM": {"Duration": "TTM", "Operating Cash Flow": "-1,326", "Investing Cash Flow": "-101.35", "Financing Cash Flow": "1,457", "End Cash Position": "46.076", "Income Tax Paid Supplemental Data": "0", "Interest Paid Supplemental Data": "0", "Capital Expenditure": "-101.35", "Issuance of Capital Stock": "1,131", "Issuance of Debt": "-", "Repayment of Debt": "0", "Free Cash Flow": "-1,427"}, "12/31/2020": {"Duration": "12/31/2020", "Operating Cash Flow": "-1,326", "Investing Cash Flow": "-101.35", "Financing Cash Flow": "1,457", "End Cash Position": "46.076", "Income Tax Paid Supplemental Data": "0", "Interest Paid Supplemental Data": "0", "Capital Expenditure": "-101.35", "Issuance of Capital Stock": "1,131", "Issuance of Debt": "-", "Repayment of Debt": "-", "Free Cash Flow": "-1,427"}, "12/31/2019": {"Duration": "12/31/2019", "Operating Cash Flow": "-1,767", "Investing Cash Flow": "0", "Financing Cash Flow": "1,752", "End Cash Position": "16.624", "Income Tax Paid Supplemental Data": "0", "Interest Paid Supplemental Data": "0", "Capital Expenditure": "-", "Issuance of Capital Stock": "1,256", "Issuance of Debt": "0", "Repayment of Debt": "0", "Free Cash Flow": "-1,767"}, "12/31/2018": {"Duration": "12/31/2018", "Operating Cash Flow": "-1,274", "Investing Cash Flow": "0", "Financing Cash Flow": "1,115", "End Cash Position": "31.273", "Income Tax Paid Supplemental Data": "0", "Interest Paid Supplemental Data": "0", "Capital Expenditure": "-", "Issuance of Capital Stock": "1,415", "Issuance of Debt": "0", "Repayment of Debt": "-10", "Free Cash Flow": "-1,274"}}}}, {"ISR": {"quote": {"03/28/2021": {"value": "1.1200", "Market Cap": "158.144M", "Beta (5Y Monthly)": "1.19", "PE Ratio (TTM)": "N/A", "EPS (TTM)": "-0.0460", "Earnings Date": "Feb 09, 2021", "Forward Dividend & Yield": "N/A (N/A)", "Ex-Dividend Date": "N/A", "1y Target Est": "2.15"}}, "fin": {"TTM": {"Duration": "TTM", "Total Revenue": "9,902", "Cost of Revenue": "4,712", "Gross Profit": "5,190", "Operating Expense": "8,507", "Operating Income": "-3,317", "Net Non Operating Interest Income Expense": "10", "Other Income Expense": "-", "Pretax Income": "-3,314", "Net Income Common Stockholders": "-3,323", "Diluted NI Available to Com Stockholders": "-3,323", "Basic EPS": "-", "Diluted EPS": "-", "Basic Average Shares": "-", "Diluted Average Shares": "-", "Total Operating Income as Reported": "-3,324", "Total Expenses": "13,219", "Net Income from Continuing & Discontinued Operation": "-3,314", "Normalized Income": "-3,307", "Interest Income": "10", "Interest Expense": "-", "Net Interest Income": "10", "EBIT": "-3,317", "EBITDA": "-3,139", "Reconciled Cost of Revenue": "4,712", "Reconciled Depreciation": "178", "Net Income from Continuing Operation Net Minority Interest": "-3,314", "Total Unusual Items Excluding Goodwill": "-7", "Total Unusual Items": "-7", "Normalized EBITDA": "-3,132", "Tax Rate for Calcs": "0", "Tax Effect of Unusual Items": "0"}, "6/30/2020": {"Duration": "6/30/2020", "Total Revenue": "9,680", "Cost of Revenue": "4,556", "Gross Profit": "5,124", "Operating Expense": "8,600", "Operating Income": "-3,476", "Net Non Operating Interest Income Expense": "30", "Other Income Expense": "-", "Pretax Income": "-3,446", "Net Income Common Stockholders": "-3,457", "Diluted NI Available to Com Stockholders": "-3,457", "Basic EPS": "-0.05", "Diluted EPS": "-0.05", "Basic Average Shares": "67,601", "Diluted Average Shares": "67,601", "Total Operating Income as Reported": "-3,476", "Total Expenses": "13,156", "Net Income from Continuing & Discontinued Operation": "-3,446", "Normalized Income": "-3,446", "Interest Income": "30", "Interest Expense": "-", "Net Interest Income": "30", "EBIT": "-3,476", "EBITDA": "-", "Reconciled Cost of Revenue": "4,556", "Reconciled Depreciation": "185", "Net Income from Continuing Operation Net Minority Interest": "-3,446", "Total Unusual Items Excluding Goodwill": "0", "Total Unusual Items": "0", "Normalized EBITDA": "-3,291", "Tax Rate for Calcs": "0", "Tax Effect of Unusual Items": "0"}, "6/30/2019": {"Duration": "6/30/2019", "Total Revenue": "7,314", "Cost of Revenue": "4,267", "Gross Profit": "3,047", "Operating Expense": "8,325", "Operating Income": "-5,278", "Net Non Operating Interest Income Expense": "108", "Other Income Expense": "26", "Pretax Income": "-5,144", "Net Income Common Stockholders": "-5,155", "Diluted NI Available to Com Stockholders": "-5,155", "Basic EPS": "-0.08", "Diluted EPS": "-0.08", "Basic Average Shares": "67,042", "Diluted Average Shares": "67,042", "Total Operating Income as Reported": "-5,254", "Total Expenses": "12,592", "Net Income from Continuing & Discontinued Operation": "-5,144", "Normalized Income": "-5,168", "Interest Income": "108", "Interest Expense": "-", "Net Interest Income": "108", "EBIT": "-5,278", "EBITDA": "-", "Reconciled Cost of Revenue": "4,267", "Reconciled Depreciation": "186", "Net Income from Continuing Operation Net Minority Interest": "-5,144", "Total Unusual Items Excluding Goodwill": "24", "Total Unusual Items": "24", "Normalized EBITDA": "-5,116", "Tax Rate for Calcs": "0", "Tax Effect of Unusual Items": "0"}, "6/30/2018": {"Duration": "6/30/2018", "Total Revenue": "5,923", "Cost of Revenue": "4,081", "Gross Profit": "1,842", "Operating Expense": "8,571", "Operating Income": "-6,729", "Net Non Operating Interest Income Expense": "29", "Other Income Expense": "-", "Pretax Income": "-6,700", "Net Income Common Stockholders": "-6,711", "Diluted NI Available to Com Stockholders": "-6,711", "Basic EPS": "-0.12", "Diluted EPS": "-0.12", "Basic Average Shares": "55,159", "Diluted Average Shares": "55,159", "Total Operating Income as Reported": "-6,729", "Total Expenses": "12,652", "Net Income from Continuing & Discontinued Operation": "-6,700", "Normalized Income": "-6,700", "Interest Income": "29", "Interest Expense": "0", "Net Interest Income": "29", "EBIT": "-6,700", "EBITDA": "-", "Reconciled Cost of Revenue": "4,081", "Reconciled Depreciation": "130", "Net Income from Continuing Operation Net Minority Interest": "-6,700", "Total Unusual Items Excluding Goodwill": "-", "Total Unusual Items": "-", "Normalized EBITDA": "-6,570", "Tax Rate for Calcs": "0", "Tax Effect of Unusual Items": "0"}}, "bs": {"6/30/2020": {"Duration": "6/30/2020", "Total Assets": "8,699", "Total Liabilities Net Minority Interest": "2,976", "Total Equity Gross Minority Interest": "5,723", "Total Capitalization": "5,723", "Common Stock Equity": "5,723", "Capital Lease Obligations": "1,005", "Net Tangible Assets": "5,585", "Working Capital": "3,932", "Invested Capital": "5,723", "Tangible Book Value": "5,585", "Total Debt": "1,005", "Share Issued": "68,898", "Ordinary Shares Number": "68,898", "Preferred Shares Number": "59.065"}, "6/30/2019": {"Duration": "6/30/2019", "Total Assets": "9,422", "Total Liabilities Net Minority Interest": "1,742", "Total Equity Gross Minority Interest": "7,680", "Total Capitalization": "7,680", "Common Stock Equity": "7,680", "Capital Lease Obligations": "-", "Net Tangible Assets": "7,518", "Working Capital": "6,194", "Invested Capital": "7,680", "Tangible Book Value": "7,518", "Total Debt": "-", "Share Issued": "67,388", "Ordinary Shares Number": "67,388", "Preferred Shares Number": "59.065"}, "6/30/2018": {"Duration": "6/30/2018", "Total Assets": "7,455", "Total Liabilities Net Minority Interest": "2,425", "Total Equity Gross Minority Interest": "5,030", "Total Capitalization": "5,030", "Common Stock Equity": "5,030", "Capital Lease Obligations": "-", "Net Tangible Assets": "4,832", "Working Capital": "3,611", "Invested Capital": "5,030", "Tangible Book Value": "4,832", "Total Debt": "-", "Share Issued": "56,331", "Ordinary Shares Number": "56,331", "Preferred Shares Number": "59.065"}}, "cf": {"TTM": {"Duration": "TTM", "Operating Cash Flow": "-2,808", "Investing Cash Flow": "-256", "Financing Cash Flow": "9,470", "End Cash Position": "9,767", "Interest Paid Supplemental Data": "-", "Capital Expenditure": "-242", "Issuance of Capital Stock": "9,345", "Free Cash Flow": "-3,050"}, "6/30/2020": {"Duration": "6/30/2020", "Operating Cash Flow": "-3,641", "Investing Cash Flow": "-287", "Financing Cash Flow": "994", "End Cash Position": "2,573", "Interest Paid Supplemental Data": "-", "Capital Expenditure": "-273", "Issuance of Capital Stock": "874", "Free Cash Flow": "-3,914"}, "6/30/2019": {"Duration": "6/30/2019", "Operating Cash Flow": "-5,049", "Investing Cash Flow": "401", "Financing Cash Flow": "7,374", "End Cash Position": "5,507", "Interest Paid Supplemental Data": "-", "Capital Expenditure": "-444", "Issuance of Capital Stock": "7,370", "Free Cash Flow": "-5,493"}, "6/30/2018": {"Duration": "6/30/2018", "Operating Cash Flow": "-5,712", "Investing Cash Flow": "1,859", "Financing Cash Flow": "521", "End Cash Position": "2,600", "Interest Paid Supplemental Data": "0", "Capital Expenditure": "-337", "Issuance of Capital Stock": "479", "Free Cash Flow": "-6,049"}}}}, {"WST": {"quote": {"03/28/2021": {"value": "280.31", "Market Cap": "20.701B", "Beta (5Y Monthly)": "0.99", "PE Ratio (TTM)": "61.34", "EPS (TTM)": "4.57", "Earnings Date": "Apr 21, 2021 - Apr 26, 2021", "Forward Dividend & Yield": "0.68 (0.24%)", "Ex-Dividend Date": "Apr 20, 2021", "1y Target Est": "328.00"}}, "fin": {"TTM": {"Duration": "TTM", "Total Revenue": "2,146,900", "Cost of Revenue": "1,379,100", "Gross Profit": "767,800", "Operating Expense": "348,900", "Operating Income": "418,900", "Net Non Operating Interest Income Expense": "-6,800", "Other Income Expense": "-10,800", "Pretax Income": "401,300", "Tax Provision": "72,500", "Earnings from Equity Interest Net of Tax": "17,400", "Net Income Common Stockholders": "346,200", "Diluted NI Available to Com Stockholders": "346,200", "Basic EPS": "-", "Diluted EPS": "-", "Basic Average Shares": "-", "Diluted Average Shares": "-", "Total Operating Income as Reported": "406,900", "Total Expenses": "1,728,000", "Net Income from Continuing & Discontinued Operation": "346,200", "Normalized Income": "356,028", "Interest Income": "1,400", "Interest Expense": "8,200", "Net Interest Income": "-6,800", "EBIT": "409,500", "EBITDA": "518,600", "Reconciled Cost of Revenue": "1,379,100", "Reconciled Depreciation": "109,100", "Net Income from Continuing Operation Net Minority Interest": "346,200", "Total Unusual Items Excluding Goodwill": "-12,000", "Total Unusual Items": "-12,000", "Normalized EBITDA": "530,600", "Tax Rate for Calcs": "0", "Tax Effect of Unusual Items": "-2,172"}, "12/31/2020": {"Duration": "12/31/2020", "Total Revenue": "2,146,900", "Cost of Revenue": "1,379,100", "Gross Profit": "767,800", "Operating Expense": "348,900", "Operating Income": "418,900", "Net Non Operating Interest Income Expense": "-6,800", "Other Income Expense": "-10,800", "Pretax Income": "401,300", "Tax Provision": "72,500", "Earnings from Equity Interest Net of Tax": "17,400", "Net Income Common Stockholders": "346,200", "Diluted NI Available to Com Stockholders": "346,200", "Basic EPS": "4.68", "Diluted EPS": "4.57", "Basic Average Shares": "73,900", "Diluted Average Shares": "75,800", "Total Operating Income as Reported": "406,900", "Total Expenses": "1,728,000", "Net Income from Continuing & Discontinued Operation": "346,200", "Normalized Income": "356,028", "Interest Income": "1,400", "Interest Expense": "8,200", "Net Interest Income": "-6,800", "EBIT": "409,500", "EBITDA": "-", "Reconciled Cost of Revenue": "1,379,100", "Reconciled Depreciation": "109,100", "Net Income from Continuing Operation Net Minority Interest": "346,200", "Total Unusual Items Excluding Goodwill": "-12,000", "Total Unusual Items": "-12,000", "Normalized EBITDA": "530,600", "Tax Rate for Calcs": "0", "Tax Effect of Unusual Items": "-2,172"}, "12/31/2019": {"Duration": "12/31/2019", "Total Revenue": "1,839,900", "Cost of Revenue": "1,234,200", "Gross Profit": "605,700", "Operating Expense": "306,900", "Operating Income": "298,800", "Net Non Operating Interest Income Expense": "-4,700", "Other Income Expense": "-2,300", "Pretax Income": "291,800", "Tax Provision": "59,000", "Earnings from Equity Interest Net of Tax": "8,900", "Net Income Common Stockholders": "241,700", "Diluted NI Available to Com Stockholders": "241,700", "Basic EPS": "3.27", "Diluted EPS": "3.21", "Basic Average Shares": "74,000", "Diluted Average Shares": "75,400", "Total Operating Income as Reported": "296,600", "Total Expenses": "1,541,100", "Net Income from Continuing & Discontinued Operation": "241,700", "Normalized Income": "248,084", "Interest Income": "3,800", "Interest Expense": "8,500", "Net Interest Income": "-4,700", "EBIT": "300,300", "EBITDA": "-", "Reconciled Cost of Revenue": "1,234,200", "Reconciled Depreciation": "103,400", "Net Income from Continuing Operation Net Minority Interest": "241,700", "Total Unusual Items Excluding Goodwill": "-8,000", "Total Unusual Items": "-8,000", "Normalized EBITDA": "411,700", "Tax Rate for Calcs": "0", "Tax Effect of Unusual Items": "-1,616"}, "12/31/2018": {"Duration": "12/31/2018", "Total Revenue": "1,717,400", "Cost of Revenue": "1,172,000", "Gross Profit": "545,400", "Operating Expense": "303,200", "Operating Income": "242,200", "Net Non Operating Interest Income Expense": "-6,300", "Other Income Expense": "4,800", "Pretax Income": "240,700", "Tax Provision": "41,400", "Earnings from Equity Interest Net of Tax": "7,600", "Net Income Common Stockholders": "206,900", "Diluted NI Available to Com Stockholders": "206,900", "Basic EPS": "2.80", "Diluted EPS": "2.74", "Basic Average Shares": "73,900", "Diluted Average Shares": "75,400", "Total Operating Income as Reported": "240,300", "Total Expenses": "1,475,200", "Net Income from Continuing & Discontinued Operation": "206,900", "Normalized Income": "213,193", "Interest Income": "2,100", "Interest Expense": "8,400", "Net Interest Income": "-6,300", "EBIT": "249,100", "EBITDA": "-", "Reconciled Cost of Revenue": "1,172,000", "Reconciled Depreciation": "104,400", "Net Income from Continuing Operation Net Minority Interest": "206,900", "Total Unusual Items Excluding Goodwill": "-7,600", "Total Unusual Items": "-7,600", "Normalized EBITDA": "361,100", "Tax Rate for Calcs": "0", "Tax Effect of Unusual Items": "-1,307"}}, "bs": {"12/31/2020": {"Duration": "12/31/2020", "Total Assets": "2,793,800", "Total Liabilities Net Minority Interest": "939,300", "Total Equity Gross Minority Interest": "1,854,500", "Total Capitalization": "2,107,400", "Common Stock Equity": "1,854,500", "Capital Lease Obligations": "70,500", "Net Tangible Assets": "1,712,900", "Working Capital": "870,300", "Invested Capital": "2,109,700", "Tangible Book Value": "1,712,900", "Total Debt": "325,700", "Share Issued": "75,300", "Ordinary Shares Number": "74,000", "Treasury Shares Number": "1,300"}, "12/31/2019": {"Duration": "12/31/2019", "Total Assets": "2,341,400", "Total Liabilities Net Minority Interest": "768,200", "Total Equity Gross Minority Interest": "1,573,200", "Total Capitalization": "1,828,200", "Common Stock Equity": "1,573,200", "Capital Lease Obligations": "72,000", "Net Tangible Assets": "1,435,600", "Working Capital": "717,100", "Invested Capital": "1,830,500", "Tangible Book Value": "1,435,600", "Total Debt": "329,300", "Share Issued": "75,300", "Ordinary Shares Number": "74,100", "Treasury Shares Number": "1,200"}, "12/31/2018": {"Duration": "12/31/2018", "Total Assets": "1,978,900", "Total Liabilities Net Minority Interest": "582,600", "Total Equity Gross Minority Interest": "1,396,300", "Total Capitalization": "1,592,300", "Common Stock Equity": "1,396,300", "Capital Lease Obligations": "-", "Net Tangible Assets": "1,270,100", "Working Capital": "610,700", "Invested Capital": "1,592,400", "Tangible Book Value": "1,270,100", "Total Debt": "196,100", "Share Issued": "75,300", "Ordinary Shares Number": "74,100", "Treasury Shares Number": "1,200"}}, "cf": {"TTM": {"Duration": "TTM", "Operating Cash Flow": "472,500", "Investing Cash Flow": "-179,500", "Financing Cash Flow": "-137,100", "End Cash Position": "615,500", "Income Tax Paid Supplemental Data": "48,400", "Interest Paid Supplemental Data": "8,100", "Capital Expenditure": "-174,400", "Issuance of Debt": "0", "Repayment of Debt": "-2,300", "Repurchase of Capital Stock": "-115,500", "Free Cash Flow": "298,100"}, "12/31/2020": {"Duration": "12/31/2020", "Operating Cash Flow": "472,500", "Investing Cash Flow": "-179,500", "Financing Cash Flow": "-137,100", "End Cash Position": "615,500", "Income Tax Paid Supplemental Data": "48,400", "Interest Paid Supplemental Data": "8,100", "Capital Expenditure": "-174,400", "Issuance of Debt": "0", "Repayment of Debt": "-2,300", "Repurchase of Capital Stock": "-115,500", "Free Cash Flow": "298,100"}, "12/31/2019": {"Duration": "12/31/2019", "Operating Cash Flow": "367,200", "Investing Cash Flow": "-228,000", "Financing Cash Flow": "-36,800", "End Cash Position": "439,100", "Income Tax Paid Supplemental Data": "47,500", "Interest Paid Supplemental Data": "8,600", "Capital Expenditure": "-126,400", "Issuance of Debt": "198,500", "Repayment of Debt": "-136,400", "Repurchase of Capital Stock": "-83,100", "Free Cash Flow": "240,800"}, "12/31/2018": {"Duration": "12/31/2018", "Operating Cash Flow": "288,600", "Investing Cash Flow": "-100,800", "Financing Cash Flow": "-80,700", "End Cash Position": "337,400", "Income Tax Paid Supplemental Data": "42,000", "Interest Paid Supplemental Data": "8,400", "Capital Expenditure": "-104,700", "Issuance of Debt": "-", "Repayment of Debt": "-100", "Repurchase of Capital Stock": "-75,200", "Free Cash Flow": "183,900"}}}}, {"TFX": {"quote": {"03/28/2021": {"value": "413.02", "Market Cap": "19.284B", "Beta (5Y Monthly)": "1.21", "PE Ratio (TTM)": "58.25", "EPS (TTM)": "7.09", "Earnings Date": "Apr 28, 2021 - May 03, 2021", "Forward Dividend & Yield": "1.36 (0.33%)", "Ex-Dividend Date": "Mar 04, 2021", "1y Target Est": "456.91"}}, "fin": {"TTM": {"Duration": "TTM", "Total Revenue": "2,537,156", "Cost of Revenue": "1,212,282", "Gross Profit": "1,324,874", "Operating Expense": "863,315", "Operating Income": "461,559", "Net Non Operating Interest Income Expense": "-65,336", "Other Income Expense": "-38,491", "Pretax Income": "357,732", "Tax Provision": "21,931", "Net Income Common Stockholders": "335,324", "Diluted NI Available to Com Stockholders": "335,324", "Basic EPS": "-", "Diluted EPS": "-", "Basic Average Shares": "-", "Diluted Average Shares": "-", "Total Operating Income as Reported": "423,068", "Total Expenses": "2,075,597", "Net Income from Continuing & Discontinued Operation": "335,324", "Normalized Income": "371,944", "Interest Income": "1,158", "Interest Expense": "66,494", "Net Interest Income": "-65,336", "EBIT": "424,226", "EBITDA": "651,478", "Reconciled Cost of Revenue": "1,212,282", "Reconciled Depreciation": "227,252", "Net Income from Continuing Operation Net Minority Interest": "335,801", "Total Unusual Items Excluding Goodwill": "-38,491", "Total Unusual Items": "-38,491", "Normalized EBITDA": "689,969", "Tax Rate for Calcs": "0", "Tax Effect of Unusual Items": "-2,348"}, "12/31/2020": {"Duration": "12/31/2020", "Total Revenue": "2,537,156", "Cost of Revenue": "1,212,282", "Gross Profit": "1,324,874", "Operating Expense": "863,315", "Operating Income": "461,559", "Net Non Operating Interest Income Expense": "-65,336", "Other Income Expense": "-38,491", "Pretax Income": "357,732", "Tax Provision": "21,931", "Net Income Common Stockholders": "335,324", "Diluted NI Available to Com Stockholders": "335,324", "Basic EPS": "-", "Diluted EPS": "-", "Basic Average Shares": "-", "Diluted Average Shares": "-", "Total Operating Income as Reported": "423,068", "Total Expenses": "2,075,597", "Net Income from Continuing & Discontinued Operation": "335,324", "Normalized Income": "371,944", "Interest Income": "1,158", "Interest Expense": "66,494", "Net Interest Income": "-65,336", "EBIT": "424,226", "EBITDA": "-", "Reconciled Cost of Revenue": "1,212,282", "Reconciled Depreciation": "227,252", "Net Income from Continuing Operation Net Minority Interest": "335,801", "Total Unusual Items Excluding Goodwill": "-38,491", "Total Unusual Items": "-38,491", "Normalized EBITDA": "689,969", "Tax Rate for Calcs": "0", "Tax Effect of Unusual Items": "-2,348"}, "12/31/2019": {"Duration": "12/31/2019", "Total Revenue": "2,595,362", "Cost of Revenue": "1,103,750", "Gross Profit": "1,491,612", "Operating Expense": "1,048,230", "Operating Income": "443,382", "Net Non Operating Interest Income Expense": "-78,529", "Other Income Expense": "-24,950", "Pretax Income": "339,903", "Tax Provision": "-122,078", "Net Income Common Stockholders": "461,466", "Diluted NI Available to Com Stockholders": "461,466", "Basic EPS": "9.99", "Diluted EPS": "9.80", "Basic Average Shares": "46,200", "Diluted Average Shares": "47,090", "Total Operating Income as Reported": "427,254", "Total Expenses": "2,151,980", "Net Income from Continuing & Discontinued Operation": "461,466", "Normalized Income": "480,195", "Interest Income": "1,741", "Interest Expense": "80,270", "Net Interest Income": "-78,529", "EBIT": "420,173", "EBITDA": "-", "Reconciled Cost of Revenue": "1,103,750", "Reconciled Depreciation": "214,062", "Net Income from Continuing Operation Net Minority Interest": "461,981", "Total Unusual Items Excluding Goodwill": "-24,950", "Total Unusual Items": "-24,950", "Normalized EBITDA": "659,185", "Tax Rate for Calcs": "0", "Tax Effect of Unusual Items": "-6,736"}, "12/31/2018": {"Duration": "12/31/2018", "Total Revenue": "2,448,383", "Cost of Revenue": "1,063,941", "Gross Profit": "1,384,442", "Operating Expense": "984,896", "Operating Income": "399,546", "Net Non Operating Interest Income Expense": "-102,076", "Other Income Expense": "-77,842", "Pretax Income": "219,628", "Tax Provision": "23,196", "Net Income Common Stockholders": "200,802", "Diluted NI Available to Com Stockholders": "200,802", "Basic EPS": "4.39", "Diluted EPS": "4.29", "Basic Average Shares": "45,689", "Diluted Average Shares": "46,801", "Total Operating Income as Reported": "321,704", "Total Expenses": "2,048,837", "Net Income from Continuing & Discontinued Operation": "200,802", "Normalized Income": "266,023", "Interest Income": "944", "Interest Expense": "103,020", "Net Interest Income": "-102,076", "EBIT": "322,648", "EBITDA": "-", "Reconciled Cost of Revenue": "1,063,941", "Reconciled Depreciation": "209,980", "Net Income from Continuing Operation Net Minority Interest": "196,432", "Total Unusual Items Excluding Goodwill": "-77,842", "Total Unusual Items": "-77,842", "Normalized EBITDA": "610,470", "Tax Rate for Calcs": "0", "Tax Effect of Unusual Items": "-8,251"}}, "bs": {"12/31/2020": {"Duration": "12/31/2020", "Total Assets": "7,152,559", "Total Liabilities Net Minority Interest": "3,816,102", "Total Equity Gross Minority Interest": "3,336,457", "Total Capitalization": "5,714,345", "Common Stock Equity": "3,336,457", "Capital Lease Obligations": "86,097", "Net Tangible Assets": "-1,769,255", "Working Capital": "882,398", "Invested Capital": "5,814,845", "Tangible Book Value": "-1,769,255", "Total Debt": "2,564,485", "Net Debt": "2,102,508", "Share Issued": "47,812", "Ordinary Shares Number": "46,680", "Treasury Shares Number": "1,132"}, "12/31/2019": {"Duration": "12/31/2019", "Total Assets": "6,309,820", "Total Liabilities Net Minority Interest": "3,330,500", "Total Equity Gross Minority Interest": "2,979,320", "Total Capitalization": "4,838,263", "Common Stock Equity": "2,979,320", "Capital Lease Obligations": "101,372", "Net Tangible Assets": "-1,422,270", "Working Capital": "743,277", "Invested Capital": "4,888,263", "Tangible Book Value": "-1,422,270", "Total Debt": "2,010,315", "Net Debt": "1,607,860", "Share Issued": "47,536", "Ordinary Shares Number": "46,354", "Treasury Shares Number": "1,182"}, "12/31/2018": {"Duration": "12/31/2018", "Total Assets": "6,277,991", "Total Liabilities Net Minority Interest": "3,738,013", "Total Equity Gross Minority Interest": "2,539,978", "Total Capitalization": "4,612,178", "Common Stock Equity": "2,539,978", "Capital Lease Obligations": "-", "Net Tangible Assets": "-2,031,653", "Working Capital": "653,713", "Invested Capital": "4,698,803", "Tangible Book Value": "-2,031,653", "Total Debt": "2,158,825", "Net Debt": "1,801,664", "Share Issued": "47,248", "Ordinary Shares Number": "46,016", "Treasury Shares Number": "1,232"}}, "cf": {"TTM": {"Duration": "TTM", "Operating Cash Flow": "436,406", "Investing Cash Flow": "-837,783", "Financing Cash Flow": "455,163", "End Cash Position": "375,880", "Income Tax Paid Supplemental Data": "-", "Interest Paid Supplemental Data": "-", "Capital Expenditure": "-90,694", "Issuance of Debt": "1,513,807", "Repayment of Debt": "-938,807", "Free Cash Flow": "345,712"}, "12/31/2020": {"Duration": "12/31/2020", "Operating Cash Flow": "436,406", "Investing Cash Flow": "-837,783", "Financing Cash Flow": "455,163", "End Cash Position": "375,880", "Income Tax Paid Supplemental Data": "-", "Interest Paid Supplemental Data": "-", "Capital Expenditure": "-90,694", "Issuance of Debt": "1,513,807", "Repayment of Debt": "-938,807", "Free Cash Flow": "345,712"}, "12/31/2019": {"Duration": "12/31/2019", "Operating Cash Flow": "439,525", "Investing Cash Flow": "-73,481", "Financing Cash Flow": "-418,836", "End Cash Position": "301,083", "Income Tax Paid Supplemental Data": "-", "Interest Paid Supplemental Data": "95,954", "Capital Expenditure": "-102,695", "Issuance of Debt": "275,000", "Repayment of Debt": "-528,500", "Free Cash Flow": "336,830"}, "12/31/2018": {"Duration": "12/31/2018", "Operating Cash Flow": "437,378", "Investing Cash Flow": "-196,394", "Financing Cash Flow": "-206,433", "End Cash Position": "357,161", "Income Tax Paid Supplemental Data": "65,605", "Interest Paid Supplemental Data": "101,790", "Capital Expenditure": "-80,795", "Issuance of Debt": "35,000", "Repayment of Debt": "-128,500", "Free Cash Flow": "356,583"}}}}, {"MMSI": {"quote": {"03/28/2021": {"value": "56.92", "Market Cap": "3.17B", "Beta (5Y Monthly)": "1.20", "PE Ratio (TTM)": "N/A", "EPS (TTM)": "-0.18", "Earnings Date": "Apr 21, 2021 - Apr 26, 2021", "Forward Dividend & Yield": "N/A (N/A)", "Ex-Dividend Date": "N/A", "1y Target Est": "64.56"}}, "fin": {"TTM": {"Duration": "TTM", "Total Revenue": "963,875", "Cost of Revenue": "562,698", "Gross Profit": "401,177", "Operating Expense": "355,261", "Operating Income": "45,916", "Net Non Operating Interest Income Expense": "-9,390", "Other Income Expense": "-49,757", "Pretax Income": "-13,231", "Tax Provision": "-3,388", "Net Income Common Stockholders": "-9,843", "Diluted NI Available to Com Stockholders": "-9,843", "Basic EPS": "-", "Diluted EPS": "-", "Basic Average Shares": "-", "Diluted Average Shares": "-", "Total Operating Income as Reported": "-1,562", "Total Expenses": "917,959", "Net Income from Continuing & Discontinued Operation": "-9,843", "Normalized Income": "25,481", "Interest Income": "604", "Interest Expense": "9,994", "Net Interest Income": "-9,390", "EBIT": "-3,237", "EBITDA": "103,579", "Reconciled Cost of Revenue": "562,698", "Reconciled Depreciation": "106,816", "Net Income from Continuing Operation Net Minority Interest": "-9,843", "Total Unusual Items Excluding Goodwill": "-47,478", "Total Unusual Items": "-47,478", "Normalized EBITDA": "151,057", "Tax Rate for Calcs": "0", "Tax Effect of Unusual Items": "-12,154"}, "12/31/2020": {"Duration": "12/31/2020", "Total Revenue": "963,875", "Cost of Revenue": "562,698", "Gross Profit": "401,177", "Operating Expense": "355,261", "Operating Income": "45,916", "Net Non Operating Interest Income Expense": "-9,390", "Other Income Expense": "-49,757", "Pretax Income": "-13,231", "Tax Provision": "-3,388", "Net Income Common Stockholders": "-9,843", "Diluted NI Available to Com Stockholders": "-9,843", "Basic EPS": "-", "Diluted EPS": "-", "Basic Average Shares": "-", "Diluted Average Shares": "-", "Total Operating Income as Reported": "-1,562", "Total Expenses": "917,959", "Net Income from Continuing & Discontinued Operation": "-9,843", "Normalized Income": "25,481", "Interest Income": "604", "Interest Expense": "9,994", "Net Interest Income": "-9,390", "EBIT": "-3,237", "EBITDA": "-", "Reconciled Cost of Revenue": "562,698", "Reconciled Depreciation": "106,816", "Net Income from Continuing Operation Net Minority Interest": "-9,843", "Total Unusual Items Excluding Goodwill": "-47,478", "Total Unusual Items": "-47,478", "Normalized EBITDA": "151,057", "Tax Rate for Calcs": "0", "Tax Effect of Unusual Items": "-12,154"}, "12/31/2019": {"Duration": "12/31/2019", "Total Revenue": "994,852", "Cost of Revenue": "562,486", "Gross Profit": "432,366", "Operating Expense": "392,889", "Operating Income": "39,477", "Net Non Operating Interest Income Expense": "-12,704", "Other Income Expense": "-24,580", "Pretax Income": "2,193", "Tax Provision": "-3,258", "Net Income Common Stockholders": "5,451", "Diluted NI Available to Com Stockholders": "5,451", "Basic EPS": "0.10", "Diluted EPS": "0.10", "Basic Average Shares": "55,075", "Diluted Average Shares": "56,235", "Total Operating Income as Reported": "15,434", "Total Expenses": "955,375", "Net Income from Continuing & Discontinued Operation": "5,451", "Normalized Income": "23,002", "Interest Income": "-291", "Interest Expense": "12,704", "Net Interest Income": "-12,704", "EBIT": "14,897", "EBITDA": "-", "Reconciled Cost of Revenue": "562,486", "Reconciled Depreciation": "104,356", "Net Income from Continuing Operation Net Minority Interest": "5,451", "Total Unusual Items Excluding Goodwill": "-24,043", "Total Unusual Items": "-24,043", "Normalized EBITDA": "143,296", "Tax Rate for Calcs": "0", "Tax Effect of Unusual Items": "-6,492"}, "12/31/2018": {"Duration": "12/31/2018", "Total Revenue": "882,753", "Cost of Revenue": "487,983", "Gross Profit": "394,770", "Operating Expense": "335,550", "Operating Income": "59,220", "Net Non Operating Interest Income Expense": "-9,161", "Other Income Expense": "-540", "Pretax Income": "49,519", "Tax Provision": "7,502", "Net Income Common Stockholders": "42,017", "Diluted NI Available to Com Stockholders": "42,017", "Basic EPS": "0.80", "Diluted EPS": "0.78", "Basic Average Shares": "52,268", "Diluted Average Shares": "53,931", "Total Operating Income as Reported": "58,617", "Total Expenses": "823,533", "Net Income from Continuing & Discontinued Operation": "42,017", "Normalized Income": "42,528", "Interest Income": "1,199", "Interest Expense": "10,360", "Net Interest Income": "-9,161", "EBIT": "59,879", "EBITDA": "-", "Reconciled Cost of Revenue": "487,983", "Reconciled Depreciation": "69,546", "Net Income from Continuing Operation Net Minority Interest": "42,017", "Total Unusual Items Excluding Goodwill": "-603", "Total Unusual Items": "-603", "Normalized EBITDA": "130,028", "Tax Rate for Calcs": "0", "Tax Effect of Unusual Items": "-91.656"}}, "bs": {"12/31/2020": {"Duration": "12/31/2020", "Total Assets": "1,664,396", "Total Liabilities Net Minority Interest": "705,821", "Total Equity Gross Minority Interest": "958,575", "Total Capitalization": "1,302,297", "Common Stock Equity": "958,575", "Capital Lease Obligations": "83,844", "Net Tangible Assets": "227,127", "Working Capital": "244,703", "Invested Capital": "1,309,797", "Tangible Book Value": "227,127", "Total Debt": "435,066", "Net Debt": "294,306", "Share Issued": "55,623", "Ordinary Shares Number": "55,623"}, "12/31/2019": {"Duration": "12/31/2019", "Total Assets": "1,757,321", "Total Liabilities Net Minority Interest": "807,377", "Total Equity Gross Minority Interest": "949,944", "Total Capitalization": "1,381,928", "Common Stock Equity": "949,944", "Capital Lease Obligations": "84,264", "Net Tangible Assets": "151,439", "Working Capital": "272,882", "Invested Capital": "1,389,428", "Tangible Book Value": "151,439", "Total Debt": "523,748", "Net Debt": "395,164", "Share Issued": "55,213", "Ordinary Shares Number": "55,213"}, "12/31/2018": {"Duration": "12/31/2018", "Total Assets": "1,620,012", "Total Liabilities Net Minority Interest": "687,237", "Total Equity Gross Minority Interest": "932,775", "Total Capitalization": "1,305,927", "Common Stock Equity": "932,775", "Capital Lease Obligations": "-", "Net Tangible Assets": "134,629", "Working Capital": "254,491", "Invested Capital": "1,327,927", "Tangible Book Value": "134,629", "Total Debt": "395,152", "Net Debt": "327,793", "Share Issued": "54,893", "Ordinary Shares Number": "54,893"}}, "cf": {"TTM": {"Duration": "TTM", "Operating Cash Flow": "165,270", "Investing Cash Flow": "-58,652", "Financing Cash Flow": "-95,706", "End Cash Position": "56,916", "Income Tax Paid Supplemental Data": "8,918", "Interest Paid Supplemental Data": "10,077", "Capital Expenditure": "-49,276", "Issuance of Capital Stock": "6,635", "Issuance of Debt": "68,625", "Repayment of Debt": "-157,000", "Free Cash Flow": "115,994"}, "12/31/2020": {"Duration": "12/31/2020", "Operating Cash Flow": "165,270", "Investing Cash Flow": "-58,652", "Financing Cash Flow": "-95,706", "End Cash Position": "56,916", "Income Tax Paid Supplemental Data": "8,918", "Interest Paid Supplemental Data": "10,077", "Capital Expenditure": "-49,276", "Issuance of Capital Stock": "6,635", "Issuance of Debt": "68,625", "Repayment of Debt": "-157,000", "Free Cash Flow": "115,994"}, "12/31/2019": {"Duration": "12/31/2019", "Operating Cash Flow": "77,813", "Investing Cash Flow": "-134,481", "Financing Cash Flow": "33,533", "End Cash Position": "44,320", "Income Tax Paid Supplemental Data": "12,069", "Interest Paid Supplemental Data": "12,434", "Capital Expenditure": "-81,497", "Issuance of Capital Stock": "6,252", "Issuance of Debt": "246,659", "Repayment of Debt": "-202,159", "Free Cash Flow": "-3,684"}, "12/31/2018": {"Duration": "12/31/2018", "Operating Cash Flow": "86,533", "Investing Cash Flow": "-378,820", "Financing Cash Flow": "328,280", "End Cash Position": "67,359", "Income Tax Paid Supplemental Data": "8,692", "Interest Paid Supplemental Data": "10,324", "Capital Expenditure": "-66,336", "Issuance of Capital Stock": "214,993", "Issuance of Debt": "639,108", "Repayment of Debt": "-522,608", "Free Cash Flow": "20,197"}}}}, {"MTD": {"quote": {"03/28/2021": {"value": "1,163.08", "Market Cap": "27.124B", "Beta (5Y Monthly)": "1.00", "PE Ratio (TTM)": "46.69", "EPS (TTM)": "24.91", "Earnings Date": "May 05, 2021 - May 10, 2021", "Forward Dividend & Yield": "N/A (N/A)", "Ex-Dividend Date": "N/A", "1y Target Est": "1,182.18"}}, "fin": {"TTM": {"Duration": "TTM", "Total Revenue": "3,085,177", "Cost of Revenue": "1,284,146", "Gross Profit": "1,801,031", "Operating Expense": "1,016,988", "Operating Income": "784,043", "Net Non Operating Interest Income Expense": "-38,616", "Other Income Expense": "3,316", "Pretax Income": "748,743", "Tax Provision": "146,004", "Net Income Common Stockholders": "602,739", "Diluted NI Available to Com Stockholders": "602,739", "Basic EPS": "-", "Diluted EPS": "-", "Basic Average Shares": "-", "Diluted Average Shares": "-", "Total Expenses": "2,301,134", "Net Income from Continuing & Discontinued Operation": "602,739", "Normalized Income": "611,204", "Interest Expense": "38,616", "Net Interest Income": "-38,616", "EBIT": "787,359", "EBITDA": "886,068", "Reconciled Cost of Revenue": "1,242,102", "Reconciled Depreciation": "98,709", "Net Income from Continuing Operation Net Minority Interest": "602,739", "Total Unusual Items Excluding Goodwill": "-10,516", "Total Unusual Items": "-10,516", "Normalized EBITDA": "896,584", "Tax Rate for Calcs": "0", "Tax Effect of Unusual Items": "-2,051"}, "12/31/2020": {"Duration": "12/31/2020", "Total Revenue": "3,085,177", "Cost of Revenue": "1,284,146", "Gross Profit": "1,801,031", "Operating Expense": "1,016,988", "Operating Income": "784,043", "Net Non Operating Interest Income Expense": "-38,616", "Other Income Expense": "3,316", "Pretax Income": "748,743", "Tax Provision": "146,004", "Net Income Common Stockholders": "602,739", "Diluted NI Available to Com Stockholders": "602,739", "Basic EPS": "25.24", "Diluted EPS": "24.91", "Basic Average Shares": "23,883", "Diluted Average Shares": "24,199", "Total Expenses": "2,301,134", "Net Income from Continuing & Discontinued Operation": "602,739", "Normalized Income": "611,204", "Interest Expense": "38,616", "Net Interest Income": "-38,616", "EBIT": "787,359", "EBITDA": "-", "Reconciled Cost of Revenue": "1,242,102", "Reconciled Depreciation": "98,709", "Net Income from Continuing Operation Net Minority Interest": "602,739", "Total Unusual Items Excluding Goodwill": "-10,516", "Total Unusual Items": "-10,516", "Normalized EBITDA": "896,584", "Tax Rate for Calcs": "0", "Tax Effect of Unusual Items": "-2,051"}, "12/31/2019": {"Duration": "12/31/2019", "Total Revenue": "3,008,652", "Cost of Revenue": "1,267,441", "Gross Profit": "1,741,211", "Operating Expense": "1,012,823", "Operating Income": "728,388", "Net Non Operating Interest Income Expense": "-37,411", "Other Income Expense": "-9,583", "Pretax Income": "681,394", "Tax Provision": "120,285", "Net Income Common Stockholders": "561,109", "Diluted NI Available to Com Stockholders": "561,109", "Basic EPS": "22.84", "Diluted EPS": "22.47", "Basic Average Shares": "24,568", "Diluted Average Shares": "24,974", "Total Expenses": "2,280,264", "Net Income from Continuing & Discontinued Operation": "561,109", "Normalized Income": "574,079", "Interest Expense": "37,411", "Net Interest Income": "-37,411", "EBIT": "718,805", "EBITDA": "-", "Reconciled Cost of Revenue": "1,228,450", "Reconciled Depreciation": "88,681", "Net Income from Continuing Operation Net Minority Interest": "561,109", "Total Unusual Items Excluding Goodwill": "-15,760", "Total Unusual Items": "-15,760", "Normalized EBITDA": "823,246", "Tax Rate for Calcs": "0", "Tax Effect of Unusual Items": "-2,790"}, "12/31/2018": {"Duration": "12/31/2018", "Total Revenue": "2,935,586", "Cost of Revenue": "1,251,208", "Gross Profit": "1,684,378", "Operating Expense": "1,001,397", "Operating Income": "682,981", "Net Non Operating Interest Income Expense": "-34,511", "Other Income Expense": "3,388", "Pretax Income": "651,858", "Tax Provision": "139,247", "Net Income Common Stockholders": "512,611", "Diluted NI Available to Com Stockholders": "512,611", "Basic EPS": "20.33", "Diluted EPS": "19.88", "Basic Average Shares": "25,216", "Diluted Average Shares": "25,781", "Total Expenses": "2,252,605", "Net Income from Continuing & Discontinued Operation": "512,611", "Normalized Income": "527,089", "Interest Expense": "34,511", "Net Interest Income": "-34,511", "EBIT": "686,369", "EBITDA": "-", "Reconciled Cost of Revenue": "1,214,041", "Reconciled Depreciation": "84,691", "Net Income from Continuing Operation Net Minority Interest": "512,611", "Total Unusual Items Excluding Goodwill": "-18,420", "Total Unusual Items": "-18,420", "Normalized EBITDA": "789,480", "Tax Rate for Calcs": "0", "Tax Effect of Unusual Items": "-3,942"}}, "bs": {"12/31/2020": {"Duration": "12/31/2020", "Total Assets": "2,814,549", "Total Liabilities Net Minority Interest": "2,531,874", "Total Equity Gross Minority Interest": "282,675", "Total Capitalization": "1,566,849", "Common Stock Equity": "282,675", "Net Tangible Assets": "-464,380", "Working Capital": "216,577", "Invested Capital": "1,617,166", "Tangible Book Value": "-464,380", "Total Debt": "1,334,491", "Net Debt": "1,240,237", "Share Issued": "44,786", "Ordinary Shares Number": "23,472", "Treasury Shares Number": "21,314"}, "12/31/2019": {"Duration": "12/31/2019", "Total Assets": "2,789,321", "Total Liabilities Net Minority Interest": "2,368,541", "Total Equity Gross Minority Interest": "420,780", "Total Capitalization": "1,656,130", "Common Stock Equity": "420,780", "Net Tangible Assets": "-321,441", "Working Capital": "355,135", "Invested Capital": "1,711,998", "Tangible Book Value": "-321,441", "Total Debt": "1,291,218", "Net Debt": "1,083,433", "Share Issued": "44,786", "Ordinary Shares Number": "24,125", "Treasury Shares Number": "20,661"}, "12/31/2018": {"Duration": "12/31/2018", "Total Assets": "2,618,847", "Total Liabilities Net Minority Interest": "2,028,784", "Total Equity Gross Minority Interest": "590,063", "Total Capitalization": "1,575,084", "Common Stock Equity": "590,063", "Net Tangible Assets": "-162,025", "Working Capital": "311,426", "Invested Capital": "1,624,754", "Tangible Book Value": "-162,025", "Total Debt": "1,034,691", "Net Debt": "856,581", "Share Issued": "44,786", "Ordinary Shares Number": "24,922", "Treasury Shares Number": "19,864"}}, "cf": {"TTM": {"Duration": "TTM", "Operating Cash Flow": "724,699", "Investing Cash Flow": "-100,360", "Financing Cash Flow": "-743,908", "End Cash Position": "94,254", "Income Tax Paid Supplemental Data": "134,674", "Interest Paid Supplemental Data": "37,772", "Capital Expenditure": "-92,494", "Issuance of Debt": "1,489,040", "Repayment of Debt": "-1,483,869", "Repurchase of Capital Stock": "-774,998", "Free Cash Flow": "632,205"}, "12/31/2020": {"Duration": "12/31/2020", "Operating Cash Flow": "724,699", "Investing Cash Flow": "-100,360", "Financing Cash Flow": "-743,908", "End Cash Position": "94,254", "Income Tax Paid Supplemental Data": "134,674", "Interest Paid Supplemental Data": "37,772", "Capital Expenditure": "-92,494", "Issuance of Debt": "1,489,040", "Repayment of Debt": "-1,483,869", "Repurchase of Capital Stock": "-774,998", "Free Cash Flow": "632,205"}, "12/31/2019": {"Duration": "12/31/2019", "Operating Cash Flow": "603,450", "Investing Cash Flow": "-99,083", "Financing Cash Flow": "-477,368", "End Cash Position": "207,785", "Income Tax Paid Supplemental Data": "129,347", "Interest Paid Supplemental Data": "37,499", "Capital Expenditure": "-97,341", "Issuance of Debt": "1,435,081", "Repayment of Debt": "-1,176,784", "Repurchase of Capital Stock": "-774,999", "Free Cash Flow": "506,109"}, "12/31/2018": {"Duration": "12/31/2018", "Operating Cash Flow": "565,005", "Investing Cash Flow": "-138,944", "Financing Cash Flow": "-388,022", "End Cash Position": "178,110", "Income Tax Paid Supplemental Data": "132,410", "Interest Paid Supplemental Data": "34,451", "Capital Expenditure": "-142,726", "Issuance of Debt": "940,615", "Repayment of Debt": "-876,324", "Repurchase of Capital Stock": "-474,999", "Free Cash Flow": "422,279"}}}}, {"MLAB": {"quote": {"03/28/2021": {"value": "243.02", "Market Cap": "1.247B", "Beta (5Y Monthly)": "0.40", "PE Ratio (TTM)": "N/A", "EPS (TTM)": "-0.55", "Earnings Date": "May 31, 2021 - Jun 04, 2021", "Forward Dividend & Yield": "0.64 (0.26%)", "Ex-Dividend Date": "Feb 25, 2021", "1y Target Est": "284.25"}}, "fin": {"TTM": {"Duration": "TTM", "Total Revenue": "130,181", "Cost of Revenue": "49,563", "Gross Profit": "80,618", "Operating Expense": "71,908", "Operating Income": "8,710", "Net Non Operating Interest Income Expense": "-6,825", "Other Income Expense": "-5,163", "Pretax Income": "-3,278", "Tax Provision": "-651", "Net Income Common Stockholders": "-2,627", "Diluted NI Available to Com Stockholders": "-2,627", "Basic EPS": "-", "Diluted EPS": "-", "Basic Average Shares": "-", "Diluted Average Shares": "-", "Total Operating Income as Reported": "8,660", "Total Expenses": "121,471", "Net Income from Continuing & Discontinued Operation": "-2,627", "Normalized Income": "-2,587", "Interest Income": "-", "Interest Expense": "7,785", "Net Interest Income": "-6,825", "EBIT": "4,507", "EBITDA": "22,929", "Reconciled Cost of Revenue": "49,563", "Reconciled Depreciation": "18,422", "Net Income from Continuing Operation Net Minority Interest": "-2,627", "Total Unusual Items Excluding Goodwill": "-50", "Total Unusual Items": "-50", "Normalized EBITDA": "22,979", "Tax Rate for Calcs": "0", "Tax Effect of Unusual Items": "-9.9298"}, "3/31/2020": {"Duration": "3/31/2020", "Total Revenue": "117,687", "Cost of Revenue": "52,754", "Gross Profit": "64,933", "Operating Expense": "57,091", "Operating Income": "7,842", "Net Non Operating Interest Income Expense": "-4,544", "Other Income Expense": "135", "Pretax Income": "3,433", "Tax Provision": "2,084", "Net Income Common Stockholders": "1,349", "Diluted NI Available to Com Stockholders": "1,349", "Basic EPS": "0.32", "Diluted EPS": "0.31", "Basic Average Shares": "4,200", "Diluted Average Shares": "4,371", "Total Operating Income as Reported": "7,494", "Total Expenses": "109,845", "Net Income from Continuing & Discontinued Operation": "1,349", "Normalized Income": "1,603", "Interest Income": "960", "Interest Expense": "5,504", "Net Interest Income": "-4,544", "EBIT": "8,937", "EBITDA": "-", "Reconciled Cost of Revenue": "52,754", "Reconciled Depreciation": "12,990", "Net Income from Continuing Operation Net Minority Interest": "1,349", "Total Unusual Items Excluding Goodwill": "-348", "Total Unusual Items": "-348", "Normalized EBITDA": "22,275", "Tax Rate for Calcs": "0", "Tax Effect of Unusual Items": "-93.96"}, "3/31/2019": {"Duration": "3/31/2019", "Total Revenue": "103,135", "Cost of Revenue": "42,219", "Gross Profit": "60,916", "Operating Expense": "43,061", "Operating Income": "17,855", "Net Non Operating Interest Income Expense": "-", "Other Income Expense": "-9,232", "Pretax Income": "8,623", "Tax Provision": "1,139", "Net Income Common Stockholders": "7,484", "Diluted NI Available to Com Stockholders": "7,484", "Basic EPS": "1.95", "Diluted EPS": "1.86", "Basic Average Shares": "3,839", "Diluted Average Shares": "4,033", "Total Operating Income as Reported": "9,781", "Total Expenses": "85,280", "Net Income from Continuing & Discontinued Operation": "7,484", "Normalized Income": "14,492", "Interest Income": "-", "Interest Expense": "-", "Net Interest Income": "-", "EBIT": "17,855", "EBITDA": "-", "Reconciled Cost of Revenue": "42,219", "Reconciled Depreciation": "9,428", "Net Income from Continuing Operation Net Minority Interest": "7,484", "Total Unusual Items Excluding Goodwill": "-8,074", "Total Unusual Items": "-8,074", "Normalized EBITDA": "35,357", "Tax Rate for Calcs": "0", "Tax Effect of Unusual Items": "-1,066"}}, "bs": {"3/31/2020": {"Duration": "3/31/2020", "Total Assets": "420,206", "Total Liabilities Net Minority Interest": "200,193", "Total Equity Gross Minority Interest": "220,013", "Total Capitalization": "360,291", "Common Stock Equity": "220,013", "Capital Lease Obligations": "1,095", "Net Tangible Assets": "-41,394", "Working Capital": "96,784", "Invested Capital": "360,291", "Tangible Book Value": "-41,394", "Total Debt": "141,373", "Net Debt": "58,898", "Share Issued": "4,387", "Ordinary Shares Number": "4,387"}, "3/31/2019": {"Duration": "3/31/2019", "Total Assets": "156,767", "Total Liabilities Net Minority Interest": "45,456", "Total Equity Gross Minority Interest": "111,311", "Total Capitalization": "131,924", "Common Stock Equity": "111,311", "Capital Lease Obligations": "-", "Net Tangible Assets": "11,715", "Working Capital": "9,962", "Invested Capital": "134,049", "Tangible Book Value": "11,715", "Total Debt": "22,738", "Net Debt": "12,553", "Share Issued": "3,890", "Ordinary Shares Number": "3,890"}}, "cf": {"TTM": {"Duration": "TTM", "Operating Cash Flow": "31,956", "Investing Cash Flow": "-1,502", "Financing Cash Flow": "147,669", "End Cash Position": "251,801", "Income Tax Paid Supplemental Data": "-", "Interest Paid Supplemental Data": "-", "Capital Expenditure": "-1,517", "Issuance of Capital Stock": "145,935", "Issuance of Debt": "5,430", "Repayment of Debt": "0", "Free Cash Flow": "30,439"}, "3/31/2020": {"Duration": "3/31/2020", "Operating Cash Flow": "26,559", "Investing Cash Flow": "-185,585", "Financing Cash Flow": "231,277", "End Cash Position": "81,380", "Income Tax Paid Supplemental Data": "-2,634", "Interest Paid Supplemental Data": "-1,627", "Capital Expenditure": "-1,498", "Issuance of Capital Stock": "84,995", "Issuance of Debt": "172,500", "Repayment of Debt": "-23,000", "Free Cash Flow": "25,061"}, "3/31/2019": {"Duration": "3/31/2019", "Operating Cash Flow": "30,554", "Investing Cash Flow": "-3,880", "Financing Cash Flow": "-21,672", "End Cash Position": "10,185", "Income Tax Paid Supplemental Data": "5,870", "Interest Paid Supplemental Data": "1,637", "Capital Expenditure": "-1,262", "Issuance of Capital Stock": "-", "Issuance of Debt": "2,000", "Repayment of Debt": "-25,625", "Free Cash Flow": "29,292"}}}}, {"LAKE": {"quote": {"03/28/2021": {"value": "27.27", "Market Cap": "218.705M", "Beta (5Y Monthly)": "0.07", "PE Ratio (TTM)": "7.75", "EPS (TTM)": "3.52", "Earnings Date": "Dec 10, 2020", "Forward Dividend & Yield": "N/A (N/A)", "Ex-Dividend Date": "N/A", "1y Target Est": "31.50"}}, "fin": {"TTM": {"Duration": "TTM", "Total Revenue": "159,000", "Cost of Revenue": "79,750", "Gross Profit": "79,250", "Operating Expense": "35,397", "Operating Income": "43,853", "Net Non Operating Interest Income Expense": "-23", "Other Income Expense": "50", "Pretax Income": "43,880", "Tax Provision": "8,774", "Net Income Common Stockholders": "35,106", "Diluted NI Available to Com Stockholders": "35,106", "Basic EPS": "-", "Diluted EPS": "-", "Basic Average Shares": "-", "Diluted Average Shares": "-", "Total Operating Income as Reported": "43,853", "Total Expenses": "115,147", "Net Income from Continuing & Discontinued Operation": "35,106", "Normalized Income": "35,106", "Interest Expense": "23", "Net Interest Income": "-23", "EBIT": "43,903", "EBITDA": "45,868", "Reconciled Cost of Revenue": "79,750", "Reconciled Depreciation": "1,965", "Net Income from Continuing Operation Net Minority Interest": "35,106", "Normalized EBITDA": "45,868", "Tax Rate for Calcs": "0", "Tax Effect of Unusual Items": "0"}, "1/31/2021": {"Duration": "1/31/2021", "Total Revenue": "159,000", "Cost of Revenue": "79,750", "Gross Profit": "79,250", "Operating Expense": "35,397", "Operating Income": "43,853", "Net Non Operating Interest Income Expense": "-23", "Other Income Expense": "50", "Pretax Income": "43,880", "Tax Provision": "8,774", "Net Income Common Stockholders": "35,106", "Diluted NI Available to Com Stockholders": "35,106", "Basic EPS": "4.40", "Diluted EPS": "4.31", "Basic Average Shares": "7,978", "Diluted Average Shares": "8,141", "Total Operating Income as Reported": "43,853", "Total Expenses": "115,147", "Net Income from Continuing & Discontinued Operation": "35,106", "Normalized Income": "35,106", "Interest Expense": "23", "Net Interest Income": "-23", "EBIT": "43,903", "EBITDA": "-", "Reconciled Cost of Revenue": "79,750", "Reconciled Depreciation": "1,965", "Net Income from Continuing Operation Net Minority Interest": "35,106", "Normalized EBITDA": "45,868", "Tax Rate for Calcs": "0", "Tax Effect of Unusual Items": "0"}, "1/31/2020": {"Duration": "1/31/2020", "Total Revenue": "107,809", "Cost of Revenue": "69,912", "Gross Profit": "37,897", "Operating Expense": "32,021", "Operating Income": "5,876", "Net Non Operating Interest Income Expense": "-116", "Other Income Expense": "-7", "Pretax Income": "5,753", "Tax Provision": "2,472", "Net Income Common Stockholders": "3,281", "Diluted NI Available to Com Stockholders": "3,281", "Basic EPS": "0.41", "Diluted EPS": "0.41", "Basic Average Shares": "8,006", "Diluted Average Shares": "8,037", "Total Operating Income as Reported": "5,876", "Total Expenses": "101,933", "Net Income from Continuing & Discontinued Operation": "3,281", "Normalized Income": "3,281", "Interest Expense": "116", "Net Interest Income": "-116", "EBIT": "5,869", "EBITDA": "-", "Reconciled Cost of Revenue": "69,912", "Reconciled Depreciation": "1,645", "Net Income from Continuing Operation Net Minority Interest": "3,281", "Normalized EBITDA": "7,514", "Tax Rate for Calcs": "0", "Tax Effect of Unusual Items": "0"}, "1/31/2019": {"Duration": "1/31/2019", "Total Revenue": "99,011", "Cost of Revenue": "65,105", "Gross Profit": "33,906", "Operating Expense": "30,341", "Operating Income": "3,565", "Net Non Operating Interest Income Expense": "-125", "Other Income Expense": "41", "Pretax Income": "3,481", "Tax Provision": "2,022", "Net Income Common Stockholders": "1,459", "Diluted NI Available to Com Stockholders": "1,459", "Basic EPS": "0.18", "Diluted EPS": "0.18", "Basic Average Shares": "8,111", "Diluted Average Shares": "8,170", "Total Operating Income as Reported": "3,565", "Total Expenses": "95,446", "Net Income from Continuing & Discontinued Operation": "1,459", "Normalized Income": "1,459", "Interest Expense": "125", "Net Interest Income": "-125", "EBIT": "3,606", "EBITDA": "-", "Reconciled Cost of Revenue": "65,105", "Reconciled Depreciation": "965", "Net Income from Continuing Operation Net Minority Interest": "1,459", "Normalized EBITDA": "4,571", "Tax Rate for Calcs": "0", "Tax Effect of Unusual Items": "0"}}, "bs": {"1/31/2021": {"Duration": "1/31/2021", "Total Assets": "139,925", "Total Liabilities Net Minority Interest": "17,007", "Total Equity Gross Minority Interest": "122,918", "Total Capitalization": "122,918", "Common Stock Equity": "122,918", "Capital Lease Obligations": "2,381", "Net Tangible Assets": "122,047", "Working Capital": "108,215", "Invested Capital": "122,918", "Tangible Book Value": "122,047", "Total Debt": "2,381", "Share Issued": "8,494", "Ordinary Shares Number": "7,985", "Treasury Shares Number": "509.242"}, "1/31/2020": {"Duration": "1/31/2020", "Total Assets": "99,405", "Total Liabilities Net Minority Interest": "14,353", "Total Equity Gross Minority Interest": "85,052", "Total Capitalization": "85,052", "Common Stock Equity": "85,052", "Capital Lease Obligations": "2,249", "Net Tangible Assets": "84,181", "Working Capital": "66,868", "Invested Capital": "86,207", "Tangible Book Value": "84,181", "Total Debt": "3,404", "Share Issued": "8,482", "Ordinary Shares Number": "7,972", "Treasury Shares Number": "509.242"}, "1/31/2019": {"Duration": "1/31/2019", "Total Assets": "94,723", "Total Liabilities Net Minority Interest": "11,495", "Total Equity Gross Minority Interest": "83,228", "Total Capitalization": "84,389", "Common Stock Equity": "83,228", "Capital Lease Obligations": "-", "Net Tangible Assets": "82,357", "Working Capital": "65,136", "Invested Capital": "84,547", "Tangible Book Value": "82,357", "Total Debt": "1,319", "Share Issued": "8,476", "Ordinary Shares Number": "8,014", "Treasury Shares Number": "462.089"}}, "cf": {"TTM": {"Duration": "TTM", "Operating Cash Flow": "40,666", "Investing Cash Flow": "-1,662", "Financing Cash Flow": "-1,277", "End Cash Position": "52,596", "Income Tax Paid Supplemental Data": "3,561", "Interest Paid Supplemental Data": "23", "Capital Expenditure": "-1,662", "Issuance of Capital Stock": "-", "Issuance of Debt": "-", "Repayment of Debt": "-1,161", "Repurchase of Capital Stock": "-116", "Free Cash Flow": "39,004"}, "1/31/2021": {"Duration": "1/31/2021", "Operating Cash Flow": "40,666", "Investing Cash Flow": "-1,662", "Financing Cash Flow": "-1,277", "End Cash Position": "52,596", "Income Tax Paid Supplemental Data": "3,561", "Interest Paid Supplemental Data": "23", "Capital Expenditure": "-1,662", "Issuance of Capital Stock": "-", "Issuance of Debt": "-", "Repayment of Debt": "-1,161", "Repurchase of Capital Stock": "-116", "Free Cash Flow": "39,004"}, "1/31/2020": {"Duration": "1/31/2020", "Operating Cash Flow": "3,590", "Investing Cash Flow": "-1,033", "Financing Cash Flow": "-688", "End Cash Position": "14,606", "Income Tax Paid Supplemental Data": "1,700", "Interest Paid Supplemental Data": "116", "Capital Expenditure": "-1,033", "Issuance of Capital Stock": "-", "Issuance of Debt": "-", "Repayment of Debt": "-158", "Repurchase of Capital Stock": "-530", "Free Cash Flow": "2,557"}, "1/31/2019": {"Duration": "1/31/2019", "Operating Cash Flow": "1,785", "Investing Cash Flow": "-3,103", "Financing Cash Flow": "-1,551", "End Cash Position": "12,831", "Income Tax Paid Supplemental Data": "1,667", "Interest Paid Supplemental Data": "125", "Capital Expenditure": "-3,103", "Issuance of Capital Stock": "-", "Issuance of Debt": "175", "Repayment of Debt": "-535", "Repurchase of Capital Stock": "-1,191", "Free Cash Flow": "-1,318"}}}}, {"ICUI": {"quote": {"03/28/2021": {"value": "209.83", "Market Cap": "4.436B", "Beta (5Y Monthly)": "0.66", "PE Ratio (TTM)": "52.20", "EPS (TTM)": "4.02", "Earnings Date": "May 05, 2021 - May 10, 2021", "Forward Dividend & Yield": "N/A (N/A)", "Ex-Dividend Date": "N/A", "1y Target Est": "240.33"}}, "fin": {"TTM": {"Duration": "TTM", "Total Revenue": "1,271,004", "Cost of Revenue": "809,507", "Gross Profit": "461,497", "Operating Expense": "326,901", "Operating Income": "134,596", "Net Non Operating Interest Income Expense": "-1,753", "Other Income Expense": "-35,349", "Pretax Income": "97,494", "Tax Provision": "10,624", "Net Income Common Stockholders": "86,870", "Diluted NI Available to Com Stockholders": "86,870", "Basic EPS": "-", "Diluted EPS": "-", "Basic Average Shares": "-", "Diluted Average Shares": "-", "Total Operating Income as Reported": "98,162", "Total Expenses": "1,136,408", "Net Income from Continuing & Discontinued Operation": "86,870", "Normalized Income": "119,333", "Interest Expense": "1,753", "Net Interest Income": "-1,753", "EBIT": "99,247", "EBITDA": "194,094", "Reconciled Cost of Revenue": "809,507", "Reconciled Depreciation": "94,847", "Net Income from Continuing Operation Net Minority Interest": "86,870", "Total Unusual Items Excluding Goodwill": "-36,434", "Total Unusual Items": "-36,434", "Normalized EBITDA": "230,528", "Tax Rate for Calcs": "0", "Tax Effect of Unusual Items": "-3,971"}, "12/31/2020": {"Duration": "12/31/2020", "Total Revenue": "1,271,004", "Cost of Revenue": "809,507", "Gross Profit": "461,497", "Operating Expense": "326,901", "Operating Income": "134,596", "Net Non Operating Interest Income Expense": "-1,753", "Other Income Expense": "-35,349", "Pretax Income": "97,494", "Tax Provision": "10,624", "Net Income Common Stockholders": "86,870", "Diluted NI Available to Com Stockholders": "86,870", "Basic EPS": "-", "Diluted EPS": "-", "Basic Average Shares": "-", "Diluted Average Shares": "-", "Total Operating Income as Reported": "98,162", "Total Expenses": "1,136,408", "Net Income from Continuing & Discontinued Operation": "86,870", "Normalized Income": "119,333", "Interest Expense": "1,753", "Net Interest Income": "-1,753", "EBIT": "99,247", "EBITDA": "-", "Reconciled Cost of Revenue": "809,507", "Reconciled Depreciation": "94,847", "Net Income from Continuing Operation Net Minority Interest": "86,870", "Total Unusual Items Excluding Goodwill": "-36,434", "Total Unusual Items": "-36,434", "Normalized EBITDA": "230,528", "Tax Rate for Calcs": "0", "Tax Effect of Unusual Items": "-3,971"}, "12/31/2019": {"Duration": "12/31/2019", "Total Revenue": "1,266,208", "Cost of Revenue": "794,344", "Gross Profit": "471,864", "Operating Expense": "325,593", "Operating Income": "146,271", "Net Non Operating Interest Income Expense": "-549", "Other Income Expense": "-31,015", "Pretax Income": "114,707", "Tax Provision": "13,672", "Net Income Common Stockholders": "101,035", "Diluted NI Available to Com Stockholders": "101,035", "Basic EPS": "4.90", "Diluted EPS": "4.69", "Basic Average Shares": "20,629", "Diluted Average Shares": "21,545", "Total Operating Income as Reported": "107,360", "Total Expenses": "1,119,937", "Net Income from Continuing & Discontinued Operation": "101,035", "Normalized Income": "135,316", "Interest Expense": "549", "Net Interest Income": "-549", "EBIT": "115,256", "EBITDA": "-", "Reconciled Cost of Revenue": "794,344", "Reconciled Depreciation": "85,210", "Net Income from Continuing Operation Net Minority Interest": "101,035", "Total Unusual Items Excluding Goodwill": "-38,911", "Total Unusual Items": "-38,911", "Normalized EBITDA": "239,377", "Tax Rate for Calcs": "0", "Tax Effect of Unusual Items": "-4,630"}, "12/31/2018": {"Duration": "12/31/2018", "Total Revenue": "1,400,040", "Cost of Revenue": "830,012", "Gross Profit": "570,028", "Operating Expense": "381,013", "Operating Income": "189,015", "Net Non Operating Interest Income Expense": "-709", "Other Income Expense": "-165,932", "Pretax Income": "22,374", "Tax Provision": "-6,419", "Net Income Common Stockholders": "28,793", "Diluted NI Available to Com Stockholders": "28,793", "Basic EPS": "1.41", "Diluted EPS": "1.33", "Basic Average Shares": "20,394", "Diluted Average Shares": "21,601", "Total Operating Income as Reported": "21,612", "Total Expenses": "1,211,025", "Net Income from Continuing & Discontinued Operation": "28,793", "Normalized Income": "150,997", "Interest Expense": "709", "Net Interest Income": "-709", "EBIT": "23,083", "EBITDA": "-", "Reconciled Cost of Revenue": "830,012", "Reconciled Depreciation": "74,735", "Net Income from Continuing Operation Net Minority Interest": "28,793", "Total Unusual Items Excluding Goodwill": "-167,403", "Total Unusual Items": "-167,403", "Normalized EBITDA": "265,221", "Tax Rate for Calcs": "0", "Tax Effect of Unusual Items": "-45,199"}}, "bs": {"12/31/2020": {"Duration": "12/31/2020", "Total Assets": "1,763,691", "Total Liabilities Net Minority Interest": "261,426", "Total Equity Gross Minority Interest": "1,502,265", "Total Capitalization": "1,502,265", "Common Stock Equity": "1,502,265", "Capital Lease Obligations": "52,147", "Net Tangible Assets": "1,272,033", "Working Capital": "725,289", "Invested Capital": "1,502,265", "Tangible Book Value": "1,272,033", "Total Debt": "52,147", "Share Issued": "21,267", "Ordinary Shares Number": "21,058", "Treasury Shares Number": "209"}, "12/31/2019": {"Duration": "12/31/2019", "Total Assets": "1,692,382", "Total Liabilities Net Minority Interest": "315,138", "Total Equity Gross Minority Interest": "1,377,244", "Total Capitalization": "1,377,244", "Common Stock Equity": "1,377,244", "Capital Lease Obligations": "36,258", "Net Tangible Assets": "1,134,591", "Working Capital": "633,729", "Invested Capital": "1,377,244", "Tangible Book Value": "1,134,591", "Total Debt": "36,258", "Share Issued": "20,743", "Ordinary Shares Number": "20,742", "Treasury Shares Number": "1"}, "12/31/2018": {"Duration": "12/31/2018", "Total Assets": "1,585,391", "Total Liabilities Net Minority Interest": "321,736", "Total Equity Gross Minority Interest": "1,263,655", "Total Capitalization": "1,263,655", "Common Stock Equity": "1,263,655", "Capital Lease Obligations": "-", "Net Tangible Assets": "1,119,039", "Working Capital": "677,747", "Invested Capital": "1,263,655", "Tangible Book Value": "1,119,039", "Total Debt": "-", "Share Issued": "20,492", "Ordinary Shares Number": "20,491", "Treasury Shares Number": "1"}}, "cf": {"TTM": {"Duration": "TTM", "Operating Cash Flow": "222,752", "Investing Cash Flow": "-98,139", "Financing Cash Flow": "-40", "End Cash Position": "396,097", "Income Tax Paid Supplemental Data": "31,628", "Interest Paid Supplemental Data": "1,753", "Capital Expenditure": "-100,390", "Issuance of Capital Stock": "-", "Issuance of Debt": "150,000", "Repayment of Debt": "-150,357", "Repurchase of Capital Stock": "-", "Free Cash Flow": "122,362"}, "12/31/2020": {"Duration": "12/31/2020", "Operating Cash Flow": "222,752", "Investing Cash Flow": "-98,139", "Financing Cash Flow": "-40", "End Cash Position": "396,097", "Income Tax Paid Supplemental Data": "31,628", "Interest Paid Supplemental Data": "1,753", "Capital Expenditure": "-100,390", "Issuance of Capital Stock": "-", "Issuance of Debt": "150,000", "Repayment of Debt": "-150,357", "Repurchase of Capital Stock": "-", "Free Cash Flow": "122,362"}, "12/31/2019": {"Duration": "12/31/2019", "Operating Cash Flow": "101,918", "Investing Cash Flow": "-166,888", "Financing Cash Flow": "-10,907", "End Cash Position": "268,670", "Income Tax Paid Supplemental Data": "9,675", "Interest Paid Supplemental Data": "549", "Capital Expenditure": "-106,040", "Issuance of Capital Stock": "-", "Issuance of Debt": "-", "Repayment of Debt": "0", "Repurchase of Capital Stock": "-18,639", "Free Cash Flow": "-4,122"}, "12/31/2018": {"Duration": "12/31/2018", "Operating Cash Flow": "160,215", "Investing Cash Flow": "-103,370", "Financing Cash Flow": "8,023", "End Cash Position": "344,781", "Income Tax Paid Supplemental Data": "12,598", "Interest Paid Supplemental Data": "709", "Capital Expenditure": "-100,779", "Issuance of Capital Stock": "-", "Issuance of Debt": "-", "Repayment of Debt": "0", "Repurchase of Capital Stock": "-6,252", "Free Cash Flow": "59,436"}}}}, {"LMAT": {"quote": {"03/28/2021": {"value": "46.72", "Market Cap": "959.04M", "Beta (5Y Monthly)": "1.34", "PE Ratio (TTM)": "44.92", "EPS (TTM)": "1.04", "Earnings Date": "Feb 25, 2021", "Forward Dividend & Yield": "0.44 (0.94%)", "Ex-Dividend Date": "Mar 08, 2021", "1y Target Est": "54.00"}}, "fin": {"TTM": {"Duration": "TTM", "Total Revenue": "129,366", "Cost of Revenue": "44,748", "Gross Profit": "84,618", "Operating Expense": "56,300", "Operating Income": "28,318", "Net Non Operating Interest Income Expense": "-1,103", "Other Income Expense": "141", "Pretax Income": "27,356", "Tax Provision": "6,136", "Net Income Common Stockholders": "21,220", "Diluted NI Available to Com Stockholders": "21,220", "Basic EPS": "-", "Diluted EPS": "-", "Basic Average Shares": "-", "Diluted Average Shares": "-", "Total Operating Income as Reported": "28,788", "Total Expenses": "101,048", "Net Income from Continuing & Discontinued Operation": "21,220", "Normalized Income": "21,111", "Interest Income": "207", "Interest Expense": "1,310", "Net Interest Income": "-1,103", "EBIT": "28,666", "EBITDA": "37,061", "Reconciled Cost of Revenue": "44,748", "Reconciled Depreciation": "8,395", "Net Income from Continuing Operation Net Minority Interest": "21,220", "Total Unusual Items Excluding Goodwill": "141", "Total Unusual Items": "141", "Normalized EBITDA": "36,920", "Tax Rate for Calcs": "0", "Tax Effect of Unusual Items": "31.584"}, "12/31/2020": {"Duration": "12/31/2020", "Total Revenue": "129,366", "Cost of Revenue": "44,748", "Gross Profit": "84,618", "Operating Expense": "56,300", "Operating Income": "28,318", "Net Non Operating Interest Income Expense": "-1,103", "Other Income Expense": "141", "Pretax Income": "27,356", "Tax Provision": "6,136", "Net Income Common Stockholders": "21,220", "Diluted NI Available to Com Stockholders": "21,220", "Basic EPS": "-", "Diluted EPS": "-", "Basic Average Shares": "-", "Diluted Average Shares": "-", "Total Operating Income as Reported": "28,788", "Total Expenses": "101,048", "Net Income from Continuing & Discontinued Operation": "21,220", "Normalized Income": "21,111", "Interest Income": "207", "Interest Expense": "1,310", "Net Interest Income": "-1,103", "EBIT": "28,666", "EBITDA": "-", "Reconciled Cost of Revenue": "44,748", "Reconciled Depreciation": "8,395", "Net Income from Continuing Operation Net Minority Interest": "21,220", "Total Unusual Items Excluding Goodwill": "141", "Total Unusual Items": "141", "Normalized EBITDA": "36,920", "Tax Rate for Calcs": "0", "Tax Effect of Unusual Items": "31.584"}, "12/31/2019": {"Duration": "12/31/2019", "Total Revenue": "117,232", "Cost of Revenue": "37,379", "Gross Profit": "79,853", "Operating Expense": "58,670", "Operating Income": "21,183", "Net Non Operating Interest Income Expense": "698", "Other Income Expense": "-202", "Pretax Income": "21,679", "Tax Provision": "3,745", "Net Income Common Stockholders": "17,934", "Diluted NI Available to Com Stockholders": "17,934", "Basic EPS": "0.91", "Diluted EPS": "0.88", "Basic Average Shares": "19,813", "Diluted Average Shares": "20,326", "Total Operating Income as Reported": "21,183", "Total Expenses": "96,049", "Net Income from Continuing & Discontinued Operation": "17,934", "Normalized Income": "18,101", "Interest Income": "698", "Interest Expense": "0", "Net Interest Income": "698", "EBIT": "21,679", "EBITDA": "-", "Reconciled Cost of Revenue": "37,379", "Reconciled Depreciation": "5,416", "Net Income from Continuing Operation Net Minority Interest": "17,934", "Total Unusual Items Excluding Goodwill": "-202", "Total Unusual Items": "-202", "Normalized EBITDA": "27,297", "Tax Rate for Calcs": "0", "Tax Effect of Unusual Items": "-34.946"}, "12/31/2018": {"Duration": "12/31/2018", "Total Revenue": "105,568", "Cost of Revenue": "31,629", "Gross Profit": "73,939", "Operating Expense": "53,204", "Operating Income": "20,735", "Net Non Operating Interest Income Expense": "629", "Other Income Expense": "7,080", "Pretax Income": "28,444", "Tax Provision": "5,501", "Net Income Common Stockholders": "22,943", "Diluted NI Available to Com Stockholders": "22,943", "Basic EPS": "1.18", "Diluted EPS": "1.13", "Basic Average Shares": "19,426", "Diluted Average Shares": "20,242", "Total Operating Income as Reported": "28,209", "Total Expenses": "84,833", "Net Income from Continuing & Discontinued Operation": "22,943", "Normalized Income": "17,229", "Interest Income": "631", "Interest Expense": "2", "Net Interest Income": "629", "EBIT": "28,446", "EBITDA": "-", "Reconciled Cost of Revenue": "31,629", "Reconciled Depreciation": "4,324", "Net Income from Continuing Operation Net Minority Interest": "22,943", "Total Unusual Items Excluding Goodwill": "7,080", "Total Unusual Items": "7,080", "Normalized EBITDA": "25,690", "Tax Rate for Calcs": "0", "Tax Effect of Unusual Items": "1,366"}}, "bs": {"12/31/2020": {"Duration": "12/31/2020", "Total Assets": "252,810", "Total Liabilities Net Minority Interest": "80,238", "Total Equity Gross Minority Interest": "172,572", "Total Capitalization": "208,104", "Common Stock Equity": "172,572", "Capital Lease Obligations": "16,745", "Net Tangible Assets": "47,722", "Working Capital": "69,118", "Invested Capital": "210,604", "Tangible Book Value": "47,722", "Total Debt": "54,777", "Net Debt": "11,268", "Share Issued": "22,062", "Ordinary Shares Number": "20,523", "Treasury Shares Number": "1,539"}, "12/31/2019": {"Duration": "12/31/2019", "Total Assets": "188,341", "Total Liabilities Net Minority Interest": "40,200", "Total Equity Gross Minority Interest": "148,141", "Total Capitalization": "148,141", "Common Stock Equity": "148,141", "Capital Lease Obligations": "15,712", "Net Tangible Assets": "83,297", "Working Capital": "71,241", "Invested Capital": "148,141", "Tangible Book Value": "83,297", "Total Debt": "15,712", "Net Debt": "-", "Share Issued": "21,679", "Ordinary Shares Number": "20,157", "Treasury Shares Number": "1,522"}, "12/31/2018": {"Duration": "12/31/2018", "Total Assets": "153,088", "Total Liabilities Net Minority Interest": "22,853", "Total Equity Gross Minority Interest": "130,235", "Total Capitalization": "130,235", "Common Stock Equity": "130,235", "Capital Lease Obligations": "-", "Net Tangible Assets": "86,675", "Working Capital": "74,259", "Invested Capital": "130,235", "Tangible Book Value": "86,675", "Total Debt": "-", "Net Debt": "-", "Share Issued": "21,110", "Ordinary Shares Number": "19,609", "Treasury Shares Number": "1,502"}}, "cf": {"TTM": {"Duration": "TTM", "Operating Cash Flow": "34,800", "Investing Cash Flow": "-52,891", "Financing Cash Flow": "32,155", "End Cash Position": "26,764", "Income Tax Paid Supplemental Data": "-", "Capital Expenditure": "-2,982", "Issuance of Capital Stock": "5,971", "Issuance of Debt": "65,000", "Repayment of Debt": "-26,000", "Repurchase of Capital Stock": "-570", "Free Cash Flow": "31,818"}, "12/31/2020": {"Duration": "12/31/2020", "Operating Cash Flow": "34,800", "Investing Cash Flow": "-52,891", "Financing Cash Flow": "32,155", "End Cash Position": "26,764", "Income Tax Paid Supplemental Data": "-", "Capital Expenditure": "-2,982", "Issuance of Capital Stock": "5,971", "Issuance of Debt": "65,000", "Repayment of Debt": "-26,000", "Repurchase of Capital Stock": "-570", "Free Cash Flow": "31,818"}, "12/31/2019": {"Duration": "12/31/2019", "Operating Cash Flow": "14,179", "Investing Cash Flow": "-24,100", "Financing Cash Flow": "-4,622", "End Cash Position": "11,786", "Income Tax Paid Supplemental Data": "-", "Capital Expenditure": "-3,761", "Issuance of Capital Stock": "4,856", "Issuance of Debt": "-", "Repayment of Debt": "-", "Repurchase of Capital Stock": "-683", "Free Cash Flow": "10,418"}, "12/31/2018": {"Duration": "12/31/2018", "Operating Cash Flow": "19,506", "Investing Cash Flow": "-7,055", "Financing Cash Flow": "-4,416", "End Cash Position": "26,318", "Income Tax Paid Supplemental Data": "5,521", "Capital Expenditure": "-3,054", "Issuance of Capital Stock": "2,969", "Issuance of Debt": "-", "Repayment of Debt": "-", "Repurchase of Capital Stock": "-741", "Free Cash Flow": "16,452"}}}}, {"UTMD": {"quote": {"03/28/2021": {"value": "85.76", "Market Cap": "312.427M", "Beta (5Y Monthly)": "0.27", "PE Ratio (TTM)": "29.16", "EPS (TTM)": "2.94", "Earnings Date": "Apr 21, 2021 - Apr 26, 2021", "Forward Dividend & Yield": "1.14 (1.33%)", "Ex-Dividend Date": "Mar 16, 2021", "1y Target Est": "N/A"}}, "fin": {"TTM": {"Duration": "TTM", "Total Revenue": "42,178", "Cost of Revenue": "16,630", "Gross Profit": "25,548", "Operating Expense": "11,840", "Operating Income": "13,708", "Net Non Operating Interest Income Expense": "-", "Other Income Expense": "132", "Pretax Income": "13,840", "Tax Provision": "3,042", "Net Income Common Stockholders": "10,798", "Diluted NI Available to Com Stockholders": "10,798", "Basic EPS": "-", "Diluted EPS": "-", "Basic Average Shares": "-", "Diluted Average Shares": "-", "Total Operating Income as Reported": "13,708", "Total Expenses": "28,470", "Net Income from Continuing & Discontinued Operation": "10,798", "Normalized Income": "10,711", "Interest Expense": "-", "Net Interest Income": "-", "EBIT": "13,708", "EBITDA": "20,917", "Reconciled Cost of Revenue": "16,630", "Reconciled Depreciation": "7,209", "Net Income from Continuing Operation Net Minority Interest": "10,798", "Total Unusual Items Excluding Goodwill": "112", "Total Unusual Items": "112", "Normalized EBITDA": "20,805", "Tax Rate for Calcs": "0", "Tax Effect of Unusual Items": "24.64"}, "12/31/2020": {"Duration": "12/31/2020", "Total Revenue": "42,178", "Cost of Revenue": "16,630", "Gross Profit": "25,548", "Operating Expense": "11,840", "Operating Income": "13,708", "Net Non Operating Interest Income Expense": "-", "Other Income Expense": "132", "Pretax Income": "13,840", "Tax Provision": "3,042", "Net Income Common Stockholders": "10,798", "Diluted NI Available to Com Stockholders": "10,798", "Basic EPS": "-", "Diluted EPS": "-", "Basic Average Shares": "-", "Diluted Average Shares": "-", "Total Operating Income as Reported": "13,708", "Total Expenses": "28,470", "Net Income from Continuing & Discontinued Operation": "10,798", "Normalized Income": "10,711", "Interest Expense": "-", "Net Interest Income": "-", "EBIT": "13,708", "EBITDA": "-", "Reconciled Cost of Revenue": "16,630", "Reconciled Depreciation": "7,209", "Net Income from Continuing Operation Net Minority Interest": "10,798", "Total Unusual Items Excluding Goodwill": "112", "Total Unusual Items": "112", "Normalized EBITDA": "20,805", "Tax Rate for Calcs": "0", "Tax Effect of Unusual Items": "24.64"}, "12/31/2019": {"Duration": "12/31/2019", "Total Revenue": "46,904", "Cost of Revenue": "17,438", "Gross Profit": "29,466", "Operating Expense": "11,834", "Operating Income": "17,632", "Net Non Operating Interest Income Expense": "-", "Other Income Expense": "252", "Pretax Income": "17,884", "Tax Provision": "3,157", "Net Income Common Stockholders": "14,727", "Diluted NI Available to Com Stockholders": "14,727", "Basic EPS": "3.94", "Diluted EPS": "3.94", "Basic Average Shares": "3,738", "Diluted Average Shares": "3,739", "Total Operating Income as Reported": "17,632", "Total Expenses": "29,272", "Net Income from Continuing & Discontinued Operation": "14,727", "Normalized Income": "14,518", "Interest Expense": "-", "Net Interest Income": "-", "EBIT": "17,632", "EBITDA": "-", "Reconciled Cost of Revenue": "17,438", "Reconciled Depreciation": "6,882", "Net Income from Continuing Operation Net Minority Interest": "14,727", "Total Unusual Items Excluding Goodwill": "254", "Total Unusual Items": "254", "Normalized EBITDA": "24,260", "Tax Rate for Calcs": "0", "Tax Effect of Unusual Items": "44.8377"}, "12/31/2018": {"Duration": "12/31/2018", "Total Revenue": "41,998", "Cost of Revenue": "15,692", "Gross Profit": "26,306", "Operating Expense": "7,609", "Operating Income": "18,697", "Net Non Operating Interest Income Expense": "-", "Other Income Expense": "762", "Pretax Income": "19,459", "Tax Provision": "904", "Net Income Common Stockholders": "18,555", "Diluted NI Available to Com Stockholders": "18,555", "Basic EPS": "4.99", "Diluted EPS": "4.95", "Basic Average Shares": "3,720", "Diluted Average Shares": "3,749", "Total Operating Income as Reported": "18,697", "Total Expenses": "23,301", "Net Income from Continuing & Discontinued Operation": "18,555", "Normalized Income": "18,318", "Interest Expense": "-", "Net Interest Income": "-", "EBIT": "18,697", "EBITDA": "-", "Reconciled Cost of Revenue": "15,692", "Reconciled Depreciation": "2,956", "Net Income from Continuing Operation Net Minority Interest": "18,555", "Total Unusual Items Excluding Goodwill": "249", "Total Unusual Items": "249", "Normalized EBITDA": "21,404", "Tax Rate for Calcs": "0", "Tax Effect of Unusual Items": "11.5677"}}, "bs": {"12/31/2020": {"Duration": "12/31/2020", "Total Assets": "111,745", "Total Liabilities Net Minority Interest": "8,923", "Total Equity Gross Minority Interest": "102,822", "Total Capitalization": "102,822", "Common Stock Equity": "102,822", "Capital Lease Obligations": "335", "Net Tangible Assets": "64,665", "Working Capital": "58,471", "Invested Capital": "102,822", "Tangible Book Value": "64,665", "Total Debt": "335", "Share Issued": "3,643", "Ordinary Shares Number": "3,643"}, "12/31/2019": {"Duration": "12/31/2019", "Total Assets": "109,787", "Total Liabilities Net Minority Interest": "8,694", "Total Equity Gross Minority Interest": "101,093", "Total Capitalization": "101,093", "Common Stock Equity": "101,093", "Capital Lease Obligations": "376", "Net Tangible Assets": "56,920", "Working Capital": "51,438", "Invested Capital": "101,093", "Tangible Book Value": "56,920", "Total Debt": "376", "Share Issued": "3,722", "Ordinary Shares Number": "3,722"}, "12/31/2018": {"Duration": "12/31/2018", "Total Assets": "99,768", "Total Liabilities Net Minority Interest": "10,776", "Total Equity Gross Minority Interest": "88,992", "Total Capitalization": "88,992", "Common Stock Equity": "88,992", "Capital Lease Obligations": "-", "Net Tangible Assets": "60,486", "Working Capital": "55,643", "Invested Capital": "88,992", "Tangible Book Value": "60,486", "Total Debt": "-", "Share Issued": "3,720", "Ordinary Shares Number": "3,720"}}, "cf": {"TTM": {"Duration": "TTM", "Operating Cash Flow": "20,137", "Investing Cash Flow": "-860", "Financing Cash Flow": "-10,734", "End Cash Position": "51,590", "Income Tax Paid Supplemental Data": "3,186", "Interest Paid Supplemental Data": "0", "Capital Expenditure": "-860", "Repayment of Debt": "-", "Repurchase of Capital Stock": "-6,976", "Free Cash Flow": "19,277"}, "12/31/2020": {"Duration": "12/31/2020", "Operating Cash Flow": "20,137", "Investing Cash Flow": "-860", "Financing Cash Flow": "-10,734", "End Cash Position": "51,590", "Income Tax Paid Supplemental Data": "3,186", "Interest Paid Supplemental Data": "0", "Capital Expenditure": "-860", "Repayment of Debt": "-", "Repurchase of Capital Stock": "-6,976", "Free Cash Flow": "19,277"}, "12/31/2019": {"Duration": "12/31/2019", "Operating Cash Flow": "17,056", "Investing Cash Flow": "-21,540", "Financing Cash Flow": "-4,227", "End Cash Position": "42,787", "Income Tax Paid Supplemental Data": "5,304", "Interest Paid Supplemental Data": "0", "Capital Expenditure": "-21,540", "Repayment of Debt": "-", "Repurchase of Capital Stock": "-398", "Free Cash Flow": "-4,484"}, "12/31/2018": {"Duration": "12/31/2018", "Operating Cash Flow": "16,834", "Investing Cash Flow": "534", "Financing Cash Flow": "-4,777", "End Cash Position": "51,112", "Income Tax Paid Supplemental Data": "4,851", "Interest Paid Supplemental Data": "0", "Capital Expenditure": "-402", "Repayment of Debt": "-", "Repurchase of Capital Stock": "-1,205", "Free Cash Flow": "16,432"}}}}, {"SKLN": {"quote": {"03/28/2021": {"value": "", "Net Assets": "N/A", "Beta (5Y Monthly)": "N/A", "Yield": "N/A", "5y Average Return": "N/A", "Holdings Turnover": "N/A", "Last Dividend": "N/A", "Average for Category": "N/A", "Inception Date": "N/A"}}, "fin": {}, "bs": {}, "cf": {}}}, {"MLSS": {"quote": {"03/28/2021": {"value": "3.4600", "Market Cap": "220.38M", "Beta (5Y Monthly)": "1.38", "PE Ratio (TTM)": "N/A", "EPS (TTM)": "-0.1640", "Earnings Date": "Mar 29, 2021 - Apr 02, 2021", "Forward Dividend & Yield": "N/A (N/A)", "Ex-Dividend Date": "N/A", "1y Target Est": "7.00"}}, "fin": {"TTM": {"Duration": "TTM", "Total Revenue": "5,437", "Cost of Revenue": "1,816", "Gross Profit": "3,621", "Operating Expense": "11,074", "Operating Income": "-7,453", "Net Non Operating Interest Income Expense": "6.709", "Other Income Expense": "-24.79", "Pretax Income": "-7,471", "Tax Provision": "15.5", "Earnings from Equity Interest Net of Tax": "97.887", "Net Income Common Stockholders": "-7,337", "Diluted NI Available to Com Stockholders": "-7,337", "Basic EPS": "-", "Diluted EPS": "-", "Basic Average Shares": "-", "Diluted Average Shares": "-", "Total Operating Income as Reported": "-7,453", "Total Expenses": "12,890", "Net Income from Continuing & Discontinued Operation": "-7,337", "Normalized Income": "-7,337", "Interest Income": "6.709", "Net Interest Income": "6.709", "EBIT": "-7,453", "EBITDA": "-7,357", "Reconciled Cost of Revenue": "1,816", "Reconciled Depreciation": "95.949", "Net Income from Continuing Operation Net Minority Interest": "-7,337", "Total Unusual Items Excluding Goodwill": "-", "Total Unusual Items": "-", "Normalized EBITDA": "-7,357", "Tax Rate for Calcs": "0", "Tax Effect of Unusual Items": "0"}, "12/31/2020": {"Duration": "12/31/2020", "Total Revenue": "5,437", "Cost of Revenue": "1,816", "Gross Profit": "3,621", "Operating Expense": "11,074", "Operating Income": "-7,453", "Net Non Operating Interest Income Expense": "6.709", "Other Income Expense": "-24.79", "Pretax Income": "-7,471", "Tax Provision": "15.5", "Earnings from Equity Interest Net of Tax": "97.887", "Net Income Common Stockholders": "-7,337", "Diluted NI Available to Com Stockholders": "-7,337", "Basic EPS": "-0.12", "Diluted EPS": "-0.12", "Basic Average Shares": "63,061", "Diluted Average Shares": "63,061", "Total Operating Income as Reported": "-7,453", "Total Expenses": "12,890", "Net Income from Continuing & Discontinued Operation": "-7,337", "Normalized Income": "-7,337", "Interest Income": "6.709", "Net Interest Income": "6.709", "EBIT": "-7,453", "EBITDA": "-", "Reconciled Cost of Revenue": "1,816", "Reconciled Depreciation": "95.949", "Net Income from Continuing Operation Net Minority Interest": "-7,337", "Total Unusual Items Excluding Goodwill": "-", "Total Unusual Items": "-", "Normalized EBITDA": "-7,357", "Tax Rate for Calcs": "0", "Tax Effect of Unusual Items": "0"}, "12/31/2019": {"Duration": "12/31/2019", "Total Revenue": "8,375", "Cost of Revenue": "2,656", "Gross Profit": "5,718", "Operating Expense": "9,717", "Operating Income": "-3,999", "Net Non Operating Interest Income Expense": "1.543", "Other Income Expense": "-3,646", "Pretax Income": "-7,643", "Tax Provision": "18.126", "Earnings from Equity Interest Net of Tax": "81.324", "Net Income Common Stockholders": "-7,524", "Diluted NI Available to Com Stockholders": "-7,524", "Basic EPS": "-0.16", "Diluted EPS": "-0.16", "Basic Average Shares": "45,740", "Diluted Average Shares": "45,740", "Total Operating Income as Reported": "-3,999", "Total Expenses": "12,373", "Net Income from Continuing & Discontinued Operation": "-7,524", "Normalized Income": "-3,889", "Interest Income": "1.543", "Net Interest Income": "1.543", "EBIT": "-3,999", "EBITDA": "-", "Reconciled Cost of Revenue": "2,656", "Reconciled Depreciation": "256.47", "Net Income from Continuing Operation Net Minority Interest": "-7,524", "Total Unusual Items Excluding Goodwill": "-3,636", "Total Unusual Items": "-3,636", "Normalized EBITDA": "-106.943", "Tax Rate for Calcs": "0", "Tax Effect of Unusual Items": "0"}, "12/31/2018": {"Duration": "12/31/2018", "Total Revenue": "9,622", "Cost of Revenue": "5,191", "Gross Profit": "4,431", "Operating Expense": "10,891", "Operating Income": "-6,460", "Net Non Operating Interest Income Expense": "7.447", "Other Income Expense": "-1,547", "Pretax Income": "-7,999", "Tax Provision": "23.986", "Earnings from Equity Interest Net of Tax": "331.335", "Net Income Common Stockholders": "-7,432", "Diluted NI Available to Com Stockholders": "-7,432", "Basic EPS": "-0.21", "Diluted EPS": "-0.21", "Basic Average Shares": "35,299", "Diluted Average Shares": "35,299", "Total Operating Income as Reported": "-7,999", "Total Expenses": "16,082", "Net Income from Continuing & Discontinued Operation": "-7,432", "Normalized Income": "-5,892", "Interest Income": "7.447", "Net Interest Income": "7.447", "EBIT": "-6,460", "EBITDA": "-", "Reconciled Cost of Revenue": "5,191", "Reconciled Depreciation": "881.285", "Net Income from Continuing Operation Net Minority Interest": "-7,432", "Total Unusual Items Excluding Goodwill": "-1,540", "Total Unusual Items": "-1,540", "Normalized EBITDA": "-4,038", "Tax Rate for Calcs": "0", "Tax Effect of Unusual Items": "0"}}, "bs": {"12/31/2020": {"Duration": "12/31/2020", "Total Assets": "19,571", "Total Liabilities Net Minority Interest": "3,464", "Total Equity Gross Minority Interest": "16,107", "Total Capitalization": "16,201", "Preferred Stock Equity": "-", "Common Stock Equity": "16,201", "Capital Lease Obligations": "666.415", "Net Tangible Assets": "15,872", "Working Capital": "15,677", "Invested Capital": "16,478", "Tangible Book Value": "15,872", "Total Debt": "942.595", "Share Issued": "64,171", "Ordinary Shares Number": "64,138", "Preferred Shares Number": "-", "Treasury Shares Number": "33.333"}, "12/31/2019": {"Duration": "12/31/2019", "Total Assets": "6,556", "Total Liabilities Net Minority Interest": "4,928", "Total Equity Gross Minority Interest": "1,629", "Total Capitalization": "1,696", "Preferred Stock Equity": "-", "Common Stock Equity": "1,696", "Capital Lease Obligations": "15.977", "Net Tangible Assets": "1,314", "Working Capital": "1,166", "Invested Capital": "1,696", "Tangible Book Value": "1,314", "Total Debt": "15.977", "Share Issued": "49,410", "Ordinary Shares Number": "49,377", "Preferred Shares Number": "-", "Treasury Shares Number": "33.333"}, "12/31/2018": {"Duration": "12/31/2018", "Total Assets": "6,401", "Total Liabilities Net Minority Interest": "4,873", "Total Equity Gross Minority Interest": "1,528", "Total Capitalization": "1,540", "Preferred Stock Equity": "0.007", "Common Stock Equity": "1,540", "Capital Lease Obligations": "-", "Net Tangible Assets": "1,104", "Working Capital": "983.5", "Invested Capital": "1,540", "Tangible Book Value": "1,104", "Total Debt": "-", "Share Issued": "33,859", "Ordinary Shares Number": "33,826", "Preferred Shares Number": "7", "Treasury Shares Number": "33.333"}}, "cf": {"TTM": {"Duration": "TTM", "Operating Cash Flow": "-6,985", "Investing Cash Flow": "-21.438", "Financing Cash Flow": "19,714", "End Cash Position": "14,224", "Capital Expenditure": "-21.438", "Issuance of Capital Stock": "18,043", "Issuance of Debt": "276.18", "Repayment of Debt": "-7.622", "Repurchase of Capital Stock": "-", "Free Cash Flow": "-7,006"}, "12/31/2020": {"Duration": "12/31/2020", "Operating Cash Flow": "-6,985", "Investing Cash Flow": "-21.438", "Financing Cash Flow": "19,714", "End Cash Position": "14,224", "Capital Expenditure": "-21.438", "Issuance of Capital Stock": "18,043", "Issuance of Debt": "276.18", "Repayment of Debt": "-7.622", "Repurchase of Capital Stock": "-", "Free Cash Flow": "-7,006"}, "12/31/2019": {"Duration": "12/31/2019", "Operating Cash Flow": "-1,779", "Investing Cash Flow": "-9.916", "Financing Cash Flow": "2,562", "End Cash Position": "1,516", "Capital Expenditure": "-9.916", "Issuance of Capital Stock": "2,225", "Issuance of Debt": "-", "Repayment of Debt": "-", "Repurchase of Capital Stock": "-", "Free Cash Flow": "-1,789"}, "12/31/2018": {"Duration": "12/31/2018", "Operating Cash Flow": "-1,628", "Investing Cash Flow": "-15.421", "Financing Cash Flow": "-250", "End Cash Position": "743.429", "Capital Expenditure": "-7.401", "Issuance of Capital Stock": "0", "Issuance of Debt": "-", "Repayment of Debt": "-", "Repurchase of Capital Stock": "-250", "Free Cash Flow": "-1,636"}}}}, {"NURO": {"quote": {"03/28/2021": {"value": "3.5400", "Market Cap": "13.438M", "Beta (5Y Monthly)": "2.96", "PE Ratio (TTM)": "N/A", "EPS (TTM)": "-0.6940", "Earnings Date": "Jan 28, 2021", "Forward Dividend & Yield": "N/A (N/A)", "Ex-Dividend Date": "Mar 28, 2007", "1y Target Est": "N/A"}}, "fin": {"TTM": {"Duration": "TTM", "Total Revenue": "7,378", "Cost of Revenue": "2,128", "Gross Profit": "5,250", "Operating Expense": "7,344", "Operating Income": "-2,095", "Net Non Operating Interest Income Expense": "-", "Other Income Expense": "2.709", "Pretax Income": "-2,092", "Net Income Common Stockholders": "-2,092", "Diluted NI Available to Com Stockholders": "-2,092", "Basic EPS": "-", "Diluted EPS": "-", "Basic Average Shares": "-", "Diluted Average Shares": "-", "Total Operating Income as Reported": "-2,095", "Total Expenses": "9,473", "Net Income from Continuing & Discontinued Operation": "-2,092", "Normalized Income": "-2,092", "Interest Income": "-", "Net Interest Income": "-", "EBIT": "-2,095", "EBITDA": "-2,005", "Reconciled Cost of Revenue": "2,128", "Reconciled Depreciation": "89.954", "Net Income from Continuing Operation Net Minority Interest": "-2,092", "Total Unusual Items Excluding Goodwill": "-", "Total Unusual Items": "-", "Normalized EBITDA": "-2,005", "Tax Rate for Calcs": "0", "Tax Effect of Unusual Items": "0"}, "12/31/2020": {"Duration": "12/31/2020", "Total Revenue": "7,378", "Cost of Revenue": "2,128", "Gross Profit": "5,250", "Operating Expense": "7,344", "Operating Income": "-2,095", "Net Non Operating Interest Income Expense": "-", "Other Income Expense": "2.709", "Pretax Income": "-2,092", "Net Income Common Stockholders": "-2,092", "Diluted NI Available to Com Stockholders": "-2,092", "Basic EPS": "-0.69", "Diluted EPS": "-0.69", "Basic Average Shares": "3,014", "Diluted Average Shares": "3,014", "Total Operating Income as Reported": "-2,095", "Total Expenses": "9,473", "Net Income from Continuing & Discontinued Operation": "-2,092", "Normalized Income": "-2,092", "Interest Income": "-", "Net Interest Income": "-", "EBIT": "-2,095", "EBITDA": "-", "Reconciled Cost of Revenue": "2,128", "Reconciled Depreciation": "89.954", "Net Income from Continuing Operation Net Minority Interest": "-2,092", "Total Unusual Items Excluding Goodwill": "-", "Total Unusual Items": "-", "Normalized EBITDA": "-2,005", "Tax Rate for Calcs": "0", "Tax Effect of Unusual Items": "0"}, "12/31/2019": {"Duration": "12/31/2019", "Total Revenue": "9,273", "Cost of Revenue": "7,027", "Gross Profit": "2,246", "Operating Expense": "13,780", "Operating Income": "-11,535", "Net Non Operating Interest Income Expense": "-", "Other Income Expense": "7,762", "Pretax Income": "-3,773", "Net Income Common Stockholders": "-3,773", "Diluted NI Available to Com Stockholders": "-3,773", "Basic EPS": "-2.69", "Diluted EPS": "-2.69", "Basic Average Shares": "1,401", "Diluted Average Shares": "1,401", "Total Operating Income as Reported": "-11,535", "Total Expenses": "20,807", "Net Income from Continuing & Discontinued Operation": "-3,773", "Normalized Income": "-3,773", "Interest Income": "-", "Net Interest Income": "-", "EBIT": "-11,535", "EBITDA": "-", "Reconciled Cost of Revenue": "7,027", "Reconciled Depreciation": "124.012", "Net Income from Continuing Operation Net Minority Interest": "-3,773", "Total Unusual Items Excluding Goodwill": "-", "Total Unusual Items": "-", "Normalized EBITDA": "-11,411", "Tax Rate for Calcs": "0", "Tax Effect of Unusual Items": "0"}, "12/31/2018": {"Duration": "12/31/2018", "Total Revenue": "16,090", "Cost of Revenue": "8,707", "Gross Profit": "7,383", "Operating Expense": "19,675", "Operating Income": "-12,292", "Net Non Operating Interest Income Expense": "-", "Other Income Expense": "12,315", "Pretax Income": "23.605", "Net Income Common Stockholders": "23.605", "Diluted NI Available to Com Stockholders": "23.605", "Basic EPS": "0.03", "Diluted EPS": "0.03", "Basic Average Shares": "738.046", "Diluted Average Shares": "738.046", "Total Operating Income as Reported": "-12,292", "Total Expenses": "28,382", "Net Income from Continuing & Discontinued Operation": "23.605", "Normalized Income": "23.605", "Interest Income": "-", "Net Interest Income": "-", "EBIT": "-12,292", "EBITDA": "-", "Reconciled Cost of Revenue": "8,707", "Reconciled Depreciation": "169.712", "Net Income from Continuing Operation Net Minority Interest": "23.605", "Total Unusual Items Excluding Goodwill": "-", "Total Unusual Items": "-", "Normalized EBITDA": "-12,122", "Tax Rate for Calcs": "0", "Tax Effect of Unusual Items": "0"}}, "bs": {"12/31/2020": {"Duration": "12/31/2020", "Total Assets": "7,995", "Total Liabilities Net Minority Interest": "2,747", "Total Equity Gross Minority Interest": "5,248", "Total Capitalization": "5,248", "Preferred Stock Equity": "0.001", "Common Stock Equity": "5,248", "Capital Lease Obligations": "1,061", "Net Tangible Assets": "5,248", "Working Capital": "4,804", "Invested Capital": "5,248", "Tangible Book Value": "5,248", "Total Debt": "1,061", "Share Issued": "3,794", "Ordinary Shares Number": "3,794"}, "12/31/2019": {"Duration": "12/31/2019", "Total Assets": "6,894", "Total Liabilities Net Minority Interest": "4,363", "Total Equity Gross Minority Interest": "2,530", "Total Capitalization": "2,530", "Preferred Stock Equity": "0.001", "Common Stock Equity": "2,530", "Capital Lease Obligations": "1,505", "Net Tangible Assets": "2,530", "Working Capital": "1,984", "Invested Capital": "2,530", "Tangible Book Value": "2,530", "Total Debt": "1,505", "Share Issued": "1,401", "Ordinary Shares Number": "1,401"}, "12/31/2018": {"Duration": "12/31/2018", "Total Assets": "12,113", "Total Liabilities Net Minority Interest": "6,015", "Total Equity Gross Minority Interest": "6,098", "Total Capitalization": "6,098", "Preferred Stock Equity": "0.018", "Common Stock Equity": "6,098", "Capital Lease Obligations": "-", "Net Tangible Assets": "6,098", "Working Capital": "5,616", "Invested Capital": "6,098", "Tangible Book Value": "6,098", "Total Debt": "-", "Share Issued": "738.046", "Ordinary Shares Number": "738.046"}}, "cf": {"TTM": {"Duration": "TTM", "Operating Cash Flow": "-2,067", "Investing Cash Flow": "0", "Financing Cash Flow": "4,167", "End Cash Position": "5,226", "Capital Expenditure": "-", "Issuance of Capital Stock": "4,167", "Issuance of Debt": "773.2", "Repayment of Debt": "-773.2", "Free Cash Flow": "-2,067"}, "12/31/2020": {"Duration": "12/31/2020", "Operating Cash Flow": "-2,067", "Investing Cash Flow": "0", "Financing Cash Flow": "4,167", "End Cash Position": "5,226", "Capital Expenditure": "-", "Issuance of Capital Stock": "4,167", "Issuance of Debt": "773.2", "Repayment of Debt": "-773.2", "Free Cash Flow": "-2,067"}, "12/31/2019": {"Duration": "12/31/2019", "Operating Cash Flow": "-3,621", "Investing Cash Flow": "-48.076", "Financing Cash Flow": "15.106", "End Cash Position": "3,126", "Capital Expenditure": "-48.076", "Issuance of Capital Stock": "15.106", "Issuance of Debt": "-", "Repayment of Debt": "-", "Free Cash Flow": "-3,669"}, "12/31/2018": {"Duration": "12/31/2018", "Operating Cash Flow": "2,862", "Investing Cash Flow": "-143.583", "Financing Cash Flow": "18.618", "End Cash Position": "6,780", "Capital Expenditure": "-143.583", "Issuance of Capital Stock": "18.618", "Issuance of Debt": "-", "Repayment of Debt": "-", "Free Cash Flow": "2,718"}}}}, {"NEPH": {"quote": {"03/28/2021": {"value": "7.55", "Market Cap": "74.832M", "Beta (5Y Monthly)": "1.24", "PE Ratio (TTM)": "N/A", "EPS (TTM)": "-0.52", "Earnings Date": "Mar 01, 2021", "Forward Dividend & Yield": "N/A (N/A)", "Ex-Dividend Date": "N/A", "1y Target Est": "13.83"}}, "fin": {"TTM": {"Duration": "TTM", "Total Revenue": "8,561", "Cost of Revenue": "3,648", "Gross Profit": "4,913", "Operating Expense": "9,417", "Operating Income": "-4,504", "Net Non Operating Interest Income Expense": "-99", "Other Income Expense": "77", "Pretax Income": "-4,526", "Tax Provision": "0", "Net Income Common Stockholders": "-4,766", "Diluted NI Available to Com Stockholders": "-4,766", "Basic EPS": "-", "Diluted EPS": "-", "Basic Average Shares": "-", "Diluted Average Shares": "-", "Total Operating Income as Reported": "-4,275", "Total Expenses": "13,065", "Net Income from Continuing & Discontinued Operation": "-4,766", "Normalized Income": "-4,995", "Interest Income": "11", "Interest Expense": "110", "Net Interest Income": "-99", "EBIT": "-4,416", "EBITDA": "-4,208", "Reconciled Cost of Revenue": "3,632", "Reconciled Depreciation": "208", "Net Income from Continuing Operation Net Minority Interest": "-4,766", "Total Unusual Items Excluding Goodwill": "229", "Total Unusual Items": "229", "Normalized EBITDA": "-4,437", "Tax Rate for Calcs": "0", "Tax Effect of Unusual Items": "0"}, "12/31/2020": {"Duration": "12/31/2020", "Total Revenue": "8,561", "Cost of Revenue": "3,648", "Gross Profit": "4,913", "Operating Expense": "9,417", "Operating Income": "-4,504", "Net Non Operating Interest Income Expense": "-99", "Other Income Expense": "77", "Pretax Income": "-4,526", "Tax Provision": "0", "Net Income Common Stockholders": "-4,766", "Diluted NI Available to Com Stockholders": "-4,766", "Basic EPS": "-", "Diluted EPS": "-", "Basic Average Shares": "-", "Diluted Average Shares": "-", "Total Operating Income as Reported": "-4,275", "Total Expenses": "13,065", "Net Income from Continuing & Discontinued Operation": "-4,766", "Normalized Income": "-4,995", "Interest Income": "11", "Interest Expense": "110", "Net Interest Income": "-99", "EBIT": "-4,416", "EBITDA": "-", "Reconciled Cost of Revenue": "3,632", "Reconciled Depreciation": "208", "Net Income from Continuing Operation Net Minority Interest": "-4,766", "Total Unusual Items Excluding Goodwill": "229", "Total Unusual Items": "229", "Normalized EBITDA": "-4,437", "Tax Rate for Calcs": "0", "Tax Effect of Unusual Items": "0"}, "12/31/2019": {"Duration": "12/31/2019", "Total Revenue": "10,334", "Cost of Revenue": "4,250", "Gross Profit": "6,084", "Operating Expense": "9,395", "Operating Income": "-3,311", "Net Non Operating Interest Income Expense": "-195", "Other Income Expense": "102", "Pretax Income": "-3,404", "Tax Provision": "-225", "Net Income Common Stockholders": "-3,420", "Diluted NI Available to Com Stockholders": "-3,420", "Basic EPS": "-0.45", "Diluted EPS": "-0.45", "Basic Average Shares": "7,542", "Diluted Average Shares": "7,542", "Total Operating Income as Reported": "-3,155", "Total Expenses": "13,645", "Net Income from Continuing & Discontinued Operation": "-3,420", "Normalized Income": "-3,566", "Interest Income": "0", "Interest Expense": "195", "Net Interest Income": "-195", "EBIT": "-3,209", "EBITDA": "-", "Reconciled Cost of Revenue": "4,236", "Reconciled Depreciation": "200", "Net Income from Continuing Operation Net Minority Interest": "-3,420", "Total Unusual Items Excluding Goodwill": "156", "Total Unusual Items": "156", "Normalized EBITDA": "-3,165", "Tax Rate for Calcs": "0", "Tax Effect of Unusual Items": "10.3116"}, "12/31/2018": {"Duration": "12/31/2018", "Total Revenue": "5,687", "Cost of Revenue": "2,484", "Gross Profit": "3,203", "Operating Expense": "6,219", "Operating Income": "-3,016", "Net Non Operating Interest Income Expense": "-168", "Other Income Expense": "-234", "Pretax Income": "-3,418", "Tax Provision": "-93", "Net Income Common Stockholders": "-3,402", "Diluted NI Available to Com Stockholders": "-3,402", "Basic EPS": "-0.54", "Diluted EPS": "-0.54", "Basic Average Shares": "6,847", "Diluted Average Shares": "6,847", "Total Operating Income as Reported": "-3,016", "Total Expenses": "8,703", "Net Income from Continuing & Discontinued Operation": "-3,402", "Normalized Income": "-3,209", "Interest Income": "4", "Interest Expense": "172", "Net Interest Income": "-168", "EBIT": "-3,246", "EBITDA": "-", "Reconciled Cost of Revenue": "2,484", "Reconciled Depreciation": "163", "Net Income from Continuing Operation Net Minority Interest": "-3,402", "Total Unusual Items Excluding Goodwill": "-199", "Total Unusual Items": "-199", "Normalized EBITDA": "-2,884", "Tax Rate for Calcs": "0", "Tax Effect of Unusual Items": "-5.5322"}}, "bs": {"12/31/2020": {"Duration": "12/31/2020", "Total Assets": "18,510", "Total Liabilities Net Minority Interest": "2,937", "Total Equity Gross Minority Interest": "15,573", "Total Capitalization": "13,375", "Common Stock Equity": "12,522", "Capital Lease Obligations": "1,091", "Net Tangible Assets": "10,587", "Working Capital": "13,829", "Invested Capital": "13,604", "Tangible Book Value": "10,587", "Total Debt": "2,173", "Share Issued": "9,873", "Ordinary Shares Number": "9,873"}, "12/31/2019": {"Duration": "12/31/2019", "Total Assets": "11,629", "Total Liabilities Net Minority Interest": "3,940", "Total Equity Gross Minority Interest": "7,689", "Total Capitalization": "5,298", "Common Stock Equity": "4,675", "Capital Lease Obligations": "1,151", "Net Tangible Assets": "2,564", "Working Capital": "5,871", "Invested Capital": "6,069", "Tangible Book Value": "2,564", "Total Debt": "2,545", "Share Issued": "8,059", "Ordinary Shares Number": "8,059"}, "12/31/2018": {"Duration": "12/31/2018", "Total Assets": "10,558", "Total Liabilities Net Minority Interest": "3,760", "Total Equity Gross Minority Interest": "6,798", "Total Capitalization": "4,641", "Common Stock Equity": "3,798", "Capital Lease Obligations": "-", "Net Tangible Assets": "1,522", "Working Capital": "5,519", "Invested Capital": "5,827", "Tangible Book Value": "1,522", "Total Debt": "2,029", "Share Issued": "7,180", "Ordinary Shares Number": "7,180"}}, "cf": {"TTM": {"Duration": "TTM", "Operating Cash Flow": "-6,903", "Investing Cash Flow": "-239", "Financing Cash Flow": "11,216", "End Cash Position": "8,249", "Income Tax Paid Supplemental Data": "22", "Interest Paid Supplemental Data": "93", "Capital Expenditure": "-239", "Issuance of Capital Stock": "11,452", "Issuance of Debt": "479", "Repayment of Debt": "-800", "Free Cash Flow": "-7,142"}, "12/31/2020": {"Duration": "12/31/2020", "Operating Cash Flow": "-6,903", "Investing Cash Flow": "-239", "Financing Cash Flow": "11,216", "End Cash Position": "8,249", "Income Tax Paid Supplemental Data": "22", "Interest Paid Supplemental Data": "93", "Capital Expenditure": "-239", "Issuance of Capital Stock": "11,452", "Issuance of Debt": "479", "Repayment of Debt": "-800", "Free Cash Flow": "-7,142"}, "12/31/2019": {"Duration": "12/31/2019", "Operating Cash Flow": "-2,276", "Investing Cash Flow": "-151", "Financing Cash Flow": "2,017", "End Cash Position": "4,166", "Income Tax Paid Supplemental Data": "5", "Interest Paid Supplemental Data": "139", "Capital Expenditure": "-14", "Issuance of Capital Stock": "1,992", "Issuance of Debt": "14", "Repayment of Debt": "-216", "Free Cash Flow": "-2,290"}, "12/31/2018": {"Duration": "12/31/2018", "Operating Cash Flow": "-3,662", "Investing Cash Flow": "-991", "Financing Cash Flow": "7,047", "End Cash Position": "4,581", "Income Tax Paid Supplemental Data": "4", "Interest Paid Supplemental Data": "150", "Capital Expenditure": "-", "Issuance of Capital Stock": "3,778", "Issuance of Debt": "1,187", "Repayment of Debt": "-1,336", "Free Cash Flow": "-3,662"}}}}, {"OSUR": {"quote": {"03/28/2021": {"value": "11.01", "Market Cap": "792.12M", "Beta (5Y Monthly)": "-0.15", "PE Ratio (TTM)": "N/A", "EPS (TTM)": "-0.22", "Earnings Date": "May 04, 2021 - May 10, 2021", "Forward Dividend & Yield": "N/A (N/A)", "Ex-Dividend Date": "N/A", "1y Target Est": "18.00"}}, "fin": {"TTM": {"Duration": "TTM", "Total Revenue": "171,721", "Cost of Revenue": "69,853", "Gross Profit": "101,868", "Operating Expense": "108,144", "Operating Income": "-6,276", "Other Income Expense": "2,752", "Pretax Income": "-3,524", "Tax Provision": "11,398", "Net Income Common Stockholders": "-14,922", "Diluted NI Available to Com Stockholders": "-14,922", "Basic EPS": "-", "Diluted EPS": "-", "Basic Average Shares": "-", "Diluted Average Shares": "-", "Total Operating Income as Reported": "-5,177", "Total Expenses": "177,997", "Net Income from Continuing & Discontinued Operation": "-14,922", "Normalized Income": "-15,724", "EBIT": "-6,276", "EBITDA": "3,438", "Reconciled Cost of Revenue": "69,853", "Reconciled Depreciation": "9,714", "Net Income from Continuing Operation Net Minority Interest": "-14,922", "Total Unusual Items Excluding Goodwill": "1,099", "Total Unusual Items": "1,099", "Normalized EBITDA": "2,339", "Tax Rate for Calcs": "0", "Tax Effect of Unusual Items": "296.73"}, "12/31/2020": {"Duration": "12/31/2020", "Total Revenue": "171,721", "Cost of Revenue": "69,853", "Gross Profit": "101,868", "Operating Expense": "108,144", "Operating Income": "-6,276", "Other Income Expense": "2,752", "Pretax Income": "-3,524", "Tax Provision": "11,398", "Net Income Common Stockholders": "-14,922", "Diluted NI Available to Com Stockholders": "-14,922", "Basic EPS": "-0.22", "Diluted EPS": "-0.22", "Basic Average Shares": "67,505", "Diluted Average Shares": "67,505", "Total Operating Income as Reported": "-5,177", "Total Expenses": "177,997", "Net Income from Continuing & Discontinued Operation": "-14,922", "Normalized Income": "-15,724", "EBIT": "-6,276", "EBITDA": "-", "Reconciled Cost of Revenue": "69,853", "Reconciled Depreciation": "9,714", "Net Income from Continuing Operation Net Minority Interest": "-14,922", "Total Unusual Items Excluding Goodwill": "1,099", "Total Unusual Items": "1,099", "Normalized EBITDA": "2,339", "Tax Rate for Calcs": "0", "Tax Effect of Unusual Items": "296.73"}, "12/31/2019": {"Duration": "12/31/2019", "Total Revenue": "154,605", "Cost of Revenue": "60,022", "Gross Profit": "94,583", "Operating Expense": "86,785", "Operating Income": "7,798", "Other Income Expense": "13,533", "Pretax Income": "21,331", "Tax Provision": "4,675", "Net Income Common Stockholders": "16,656", "Diluted NI Available to Com Stockholders": "16,656", "Basic EPS": "0.27", "Diluted EPS": "0.27", "Basic Average Shares": "61,675", "Diluted Average Shares": "62,170", "Total Operating Income as Reported": "18,611", "Total Expenses": "146,807", "Net Income from Continuing & Discontinued Operation": "16,656", "Normalized Income": "8,211", "EBIT": "7,798", "EBITDA": "-", "Reconciled Cost of Revenue": "60,022", "Reconciled Depreciation": "7,730", "Net Income from Continuing Operation Net Minority Interest": "16,656", "Total Unusual Items Excluding Goodwill": "10,813", "Total Unusual Items": "10,813", "Normalized EBITDA": "4,715", "Tax Rate for Calcs": "0", "Tax Effect of Unusual Items": "2,368"}, "12/31/2018": {"Duration": "12/31/2018", "Total Revenue": "181,743", "Cost of Revenue": "68,130", "Gross Profit": "113,613", "Operating Expense": "85,184", "Operating Income": "28,429", "Other Income Expense": "3,287", "Pretax Income": "31,716", "Tax Provision": "11,320", "Net Income Common Stockholders": "20,396", "Diluted NI Available to Com Stockholders": "20,396", "Basic EPS": "0.33", "Diluted EPS": "0.33", "Basic Average Shares": "61,112", "Diluted Average Shares": "62,532", "Total Operating Income as Reported": "28,429", "Total Expenses": "153,314", "Net Income from Continuing & Discontinued Operation": "20,396", "Normalized Income": "20,396", "EBIT": "28,429", "EBITDA": "-", "Reconciled Cost of Revenue": "68,130", "Reconciled Depreciation": "7,222", "Net Income from Continuing Operation Net Minority Interest": "20,396", "Total Unusual Items Excluding Goodwill": "0", "Total Unusual Items": "0", "Normalized EBITDA": "35,651", "Tax Rate for Calcs": "0", "Tax Effect of Unusual Items": "0"}}, "bs": {"12/31/2020": {"Duration": "12/31/2020", "Total Assets": "454,472", "Total Liabilities Net Minority Interest": "55,901", "Total Equity Gross Minority Interest": "398,571", "Total Capitalization": "398,571", "Common Stock Equity": "398,571", "Capital Lease Obligations": "6,128", "Net Tangible Assets": "340,316", "Working Capital": "242,404", "Invested Capital": "398,571", "Tangible Book Value": "340,316", "Total Debt": "6,128", "Share Issued": "71,738", "Ordinary Shares Number": "71,738"}, "12/31/2019": {"Duration": "12/31/2019", "Total Assets": "349,295", "Total Liabilities Net Minority Interest": "42,150", "Total Equity Gross Minority Interest": "307,145", "Total Capitalization": "307,145", "Common Stock Equity": "307,145", "Capital Lease Obligations": "7,223", "Net Tangible Assets": "256,270", "Working Capital": "191,837", "Invested Capital": "307,145", "Tangible Book Value": "256,270", "Total Debt": "7,223", "Share Issued": "61,731", "Ordinary Shares Number": "61,731"}, "12/31/2018": {"Duration": "12/31/2018", "Total Assets": "315,571", "Total Liabilities Net Minority Interest": "32,193", "Total Equity Gross Minority Interest": "283,378", "Total Capitalization": "283,378", "Common Stock Equity": "283,378", "Capital Lease Obligations": "-", "Net Tangible Assets": "259,720", "Working Capital": "191,332", "Invested Capital": "283,378", "Tangible Book Value": "259,720", "Total Debt": "-", "Share Issued": "61,276", "Ordinary Shares Number": "61,276"}}, "cf": {"TTM": {"Duration": "TTM", "Operating Cash Flow": "5,807", "Investing Cash Flow": "-14,029", "Financing Cash Flow": "92,479", "End Cash Position": "160,802", "Capital Expenditure": "-28,924", "Issuance of Capital Stock": "95,036", "Repayment of Debt": "-687", "Repurchase of Capital Stock": "-2,088", "Free Cash Flow": "-23,117"}, "12/31/2020": {"Duration": "12/31/2020", "Operating Cash Flow": "5,807", "Investing Cash Flow": "-14,029", "Financing Cash Flow": "92,479", "End Cash Position": "160,802", "Capital Expenditure": "-28,924", "Issuance of Capital Stock": "95,036", "Repayment of Debt": "-687", "Repurchase of Capital Stock": "-2,088", "Free Cash Flow": "-23,117"}, "12/31/2019": {"Duration": "12/31/2019", "Operating Cash Flow": "9,804", "Investing Cash Flow": "-19,797", "Financing Cash Flow": "-4,682", "End Cash Position": "75,715", "Capital Expenditure": "-9,314", "Issuance of Capital Stock": "-", "Repayment of Debt": "-1,166", "Repurchase of Capital Stock": "-3,712", "Free Cash Flow": "490"}, "12/31/2018": {"Duration": "12/31/2018", "Operating Cash Flow": "39,090", "Investing Cash Flow": "-17,427", "Financing Cash Flow": "-1,891", "End Cash Position": "88,438", "Capital Expenditure": "-6,344", "Issuance of Capital Stock": "-", "Repayment of Debt": "-", "Repurchase of Capital Stock": "-3,592", "Free Cash Flow": "32,746"}}}}, {"PEYE": {"quote": {"03/28/2021": {"value": "1.6000", "Market Cap": "21.107M", "Beta (5Y Monthly)": "0.33", "PE Ratio (TTM)": "N/A", "EPS (TTM)": "-0.0760", "Earnings Date": "Feb 16, 2021", "Forward Dividend & Yield": "N/A (N/A)", "Ex-Dividend Date": "N/A", "1y Target Est": "N/A"}}, "fin": {"TTM": {"Duration": "TTM", "Total Revenue": "10,155", "Cost of Revenue": "6,855", "Gross Profit": "3,300", "Operating Expense": "4,297", "Operating Income": "-996.628", "Net Non Operating Interest Income Expense": "-3.083", "Other Income Expense": "-", "Pretax Income": "-999.711", "Tax Provision": "-", "Net Income Common Stockholders": "-1,002", "Diluted NI Available to Com Stockholders": "-1,002", "Basic EPS": "-", "Diluted EPS": "-", "Basic Average Shares": "-", "Diluted Average Shares": "-", "Total Operating Income as Reported": "-996.628", "Total Expenses": "11,152", "Net Income from Continuing & Discontinued Operation": "-1,002", "Normalized Income": "-1,002", "Interest Expense": "-", "Net Interest Income": "-3.083", "EBIT": "-996.628", "EBITDA": "-859.601", "Reconciled Cost of Revenue": "6,855", "Reconciled Depreciation": "137.027", "Net Income from Continuing Operation Net Minority Interest": "-1,002", "Total Unusual Items Excluding Goodwill": "-", "Total Unusual Items": "-", "Normalized EBITDA": "-859.601", "Tax Rate for Calcs": "0", "Tax Effect of Unusual Items": "0"}, "6/30/2020": {"Duration": "6/30/2020", "Total Revenue": "9,923", "Cost of Revenue": "6,561", "Gross Profit": "3,363", "Operating Expense": "4,786", "Operating Income": "-1,423", "Net Non Operating Interest Income Expense": "-1.002", "Other Income Expense": "-", "Pretax Income": "-1,424", "Tax Provision": "2.165", "Net Income Common Stockholders": "-1,426", "Diluted NI Available to Com Stockholders": "-1,426", "Basic EPS": "-0.11", "Diluted EPS": "-0.11", "Basic Average Shares": "12,999", "Diluted Average Shares": "12,999", "Total Operating Income as Reported": "-1,423", "Total Expenses": "11,346", "Net Income from Continuing & Discontinued Operation": "-1,426", "Normalized Income": "-1,426", "Interest Expense": "1.002", "Net Interest Income": "-1.002", "EBIT": "-1,423", "EBITDA": "-", "Reconciled Cost of Revenue": "6,561", "Reconciled Depreciation": "112.219", "Net Income from Continuing Operation Net Minority Interest": "-1,426", "Total Unusual Items Excluding Goodwill": "0", "Total Unusual Items": "0", "Normalized EBITDA": "-1,311", "Tax Rate for Calcs": "0", "Tax Effect of Unusual Items": "0"}, "6/30/2019": {"Duration": "6/30/2019", "Total Revenue": "6,804", "Cost of Revenue": "4,682", "Gross Profit": "2,122", "Operating Expense": "2,607", "Operating Income": "-484.432", "Net Non Operating Interest Income Expense": "-1.416", "Other Income Expense": "-128.111", "Pretax Income": "-613.959", "Tax Provision": "0.912", "Net Income Common Stockholders": "-614.871", "Diluted NI Available to Com Stockholders": "-614.871", "Basic EPS": "-0.05", "Diluted EPS": "-0.05", "Basic Average Shares": "11,486", "Diluted Average Shares": "11,486", "Total Operating Income as Reported": "-612.543", "Total Expenses": "7,289", "Net Income from Continuing & Discontinued Operation": "-614.871", "Normalized Income": "-521.35", "Interest Expense": "1.416", "Net Interest Income": "-1.416", "EBIT": "-612.543", "EBITDA": "-", "Reconciled Cost of Revenue": "4,682", "Reconciled Depreciation": "38.554", "Net Income from Continuing Operation Net Minority Interest": "-614.871", "Total Unusual Items Excluding Goodwill": "-128.111", "Total Unusual Items": "-128.111", "Normalized EBITDA": "-445.878", "Tax Rate for Calcs": "0", "Tax Effect of Unusual Items": "-34.59"}, "6/30/2018": {"Duration": "6/30/2018", "Total Revenue": "4,038", "Cost of Revenue": "2,556", "Gross Profit": "1,482", "Operating Expense": "1,831", "Operating Income": "-348.619", "Net Non Operating Interest Income Expense": "-1.859", "Other Income Expense": "-", "Pretax Income": "-350.478", "Tax Provision": "0.912", "Net Income Common Stockholders": "-351.39", "Diluted NI Available to Com Stockholders": "-351.39", "Basic EPS": "-0.04", "Diluted EPS": "-0.04", "Basic Average Shares": "9,826", "Diluted Average Shares": "9,826", "Total Operating Income as Reported": "-348.619", "Total Expenses": "4,387", "Net Income from Continuing & Discontinued Operation": "-351.39", "Normalized Income": "-351.39", "Interest Expense": "1.859", "Net Interest Income": "-1.859", "EBIT": "-348.619", "EBITDA": "-", "Reconciled Cost of Revenue": "2,556", "Reconciled Depreciation": "27.216", "Net Income from Continuing Operation Net Minority Interest": "-351.39", "Total Unusual Items Excluding Goodwill": "0", "Total Unusual Items": "0", "Normalized EBITDA": "-321.403", "Tax Rate for Calcs": "0", "Tax Effect of Unusual Items": "0"}}, "bs": {"6/30/2020": {"Duration": "6/30/2020", "Total Assets": "6,352", "Total Liabilities Net Minority Interest": "3,580", "Total Equity Gross Minority Interest": "2,772", "Total Capitalization": "2,772", "Common Stock Equity": "2,772", "Capital Lease Obligations": "205.974", "Net Tangible Assets": "1,989", "Working Capital": "1,798", "Invested Capital": "3,581", "Tangible Book Value": "1,989", "Total Debt": "1,015", "Share Issued": "13,192", "Ordinary Shares Number": "13,192"}, "6/30/2019": {"Duration": "6/30/2019", "Total Assets": "7,493", "Total Liabilities Net Minority Interest": "4,116", "Total Equity Gross Minority Interest": "3,377", "Total Capitalization": "3,377", "Common Stock Equity": "3,377", "Capital Lease Obligations": "14.599", "Net Tangible Assets": "2,635", "Working Capital": "2,757", "Invested Capital": "3,377", "Tangible Book Value": "2,635", "Total Debt": "14.599", "Share Issued": "12,071", "Ordinary Shares Number": "12,071"}, "6/30/2018": {"Duration": "6/30/2018", "Total Assets": "2,511", "Total Liabilities Net Minority Interest": "1,947", "Total Equity Gross Minority Interest": "564.036", "Total Capitalization": "564.036", "Common Stock Equity": "564.036", "Capital Lease Obligations": "23.563", "Net Tangible Assets": "516.761", "Working Capital": "481.876", "Invested Capital": "564.036", "Tangible Book Value": "516.761", "Total Debt": "23.563", "Share Issued": "10,197", "Ordinary Shares Number": "10,197"}}, "cf": {"TTM": {"Duration": "TTM", "Operating Cash Flow": "-340.649", "Investing Cash Flow": "-162.411", "Financing Cash Flow": "971.465", "End Cash Position": "816.263", "Income Tax Paid Supplemental Data": "-", "Capital Expenditure": "-162.411", "Issuance of Capital Stock": "240", "Issuance of Debt": "-", "Repayment of Debt": "-77.497", "Free Cash Flow": "-503.06"}, "6/30/2020": {"Duration": "6/30/2020", "Operating Cash Flow": "-592.492", "Investing Cash Flow": "-1,604", "Financing Cash Flow": "1,042", "End Cash Position": "1,135", "Income Tax Paid Supplemental Data": "0.912", "Capital Expenditure": "-160.292", "Issuance of Capital Stock": "265", "Issuance of Debt": "808.962", "Repayment of Debt": "-40.241", "Free Cash Flow": "-752.784"}, "6/30/2019": {"Duration": "6/30/2019", "Operating Cash Flow": "-1,032", "Investing Cash Flow": "-40.305", "Financing Cash Flow": "2,958", "End Cash Position": "2,288", "Income Tax Paid Supplemental Data": "0.912", "Capital Expenditure": "-146.85", "Issuance of Capital Stock": "2,925", "Issuance of Debt": "-", "Repayment of Debt": "-8.964", "Free Cash Flow": "-1,179"}, "6/30/2018": {"Duration": "6/30/2018", "Operating Cash Flow": "100.657", "Investing Cash Flow": "-21.637", "Financing Cash Flow": "205.313", "End Cash Position": "402.738", "Income Tax Paid Supplemental Data": "0.912", "Capital Expenditure": "-21.637", "Issuance of Capital Stock": "210.001", "Issuance of Debt": "-", "Repayment of Debt": "-8.392", "Free Cash Flow": "79.02"}}}}, {"PDEX": {"quote": {"03/28/2021": {"value": "26.90", "Market Cap": "103.851M", "Beta (5Y Monthly)": "1.27", "PE Ratio (TTM)": "20.32", "EPS (TTM)": "1.32", "Earnings Date": "May 05, 2021 - May 10, 2021", "Forward Dividend & Yield": "N/A (N/A)", "Ex-Dividend Date": "N/A", "1y Target Est": "37.00"}}, "fin": {"TTM": {"Duration": "TTM", "Total Revenue": "36,488", "Cost of Revenue": "22,919", "Gross Profit": "13,569", "Operating Expense": "7,597", "Operating Income": "5,972", "Net Non Operating Interest Income Expense": "-155", "Other Income Expense": "-", "Pretax Income": "6,811", "Tax Provision": "1,451", "Net Income Common Stockholders": "5,360", "Diluted NI Available to Com Stockholders": "5,360", "Basic EPS": "-", "Diluted EPS": "-", "Basic Average Shares": "-", "Diluted Average Shares": "-", "Total Operating Income as Reported": "5,977", "Total Expenses": "30,516", "Net Income from Continuing & Discontinued Operation": "5,360", "Normalized Income": "5,360", "Interest Income": "88", "Interest Expense": "243", "Net Interest Income": "-155", "EBIT": "7,054", "EBITDA": "7,665", "Reconciled Cost of Revenue": "22,919", "Reconciled Depreciation": "611", "Net Income from Continuing Operation Net Minority Interest": "5,360", "Total Unusual Items Excluding Goodwill": "0", "Total Unusual Items": "0", "Normalized EBITDA": "7,665", "Tax Rate for Calcs": "0", "Tax Effect of Unusual Items": "0"}, "6/30/2020": {"Duration": "6/30/2020", "Total Revenue": "34,834", "Cost of Revenue": "21,692", "Gross Profit": "13,142", "Operating Expense": "6,081", "Operating Income": "7,061", "Net Non Operating Interest Income Expense": "-141", "Other Income Expense": "982", "Pretax Income": "7,902", "Tax Provision": "1,790", "Net Income Common Stockholders": "6,112", "Diluted NI Available to Com Stockholders": "6,112", "Basic EPS": "1.56", "Diluted EPS": "1.50", "Basic Average Shares": "3,911", "Diluted Average Shares": "4,078", "Total Operating Income as Reported": "7,066", "Total Expenses": "27,773", "Net Income from Continuing & Discontinued Operation": "6,112", "Normalized Income": "6,089", "Interest Income": "95", "Interest Expense": "236", "Net Interest Income": "-141", "EBIT": "8,138", "EBITDA": "-", "Reconciled Cost of Revenue": "21,692", "Reconciled Depreciation": "573", "Net Income from Continuing Operation Net Minority Interest": "6,112", "Total Unusual Items Excluding Goodwill": "30", "Total Unusual Items": "30", "Normalized EBITDA": "8,681", "Tax Rate for Calcs": "0", "Tax Effect of Unusual Items": "6.9"}, "6/30/2019": {"Duration": "6/30/2019", "Total Revenue": "27,172", "Cost of Revenue": "17,392", "Gross Profit": "9,780", "Operating Expense": "4,789", "Operating Income": "4,991", "Net Non Operating Interest Income Expense": "48", "Other Income Expense": "408", "Pretax Income": "5,447", "Tax Provision": "1,299", "Net Income Common Stockholders": "4,148", "Diluted NI Available to Com Stockholders": "4,148", "Basic EPS": "0.99", "Diluted EPS": "0.97", "Basic Average Shares": "4,192", "Diluted Average Shares": "4,298", "Total Operating Income as Reported": "4,998", "Total Expenses": "22,181", "Net Income from Continuing & Discontinued Operation": "4,148", "Normalized Income": "3,872", "Interest Income": "268", "Interest Expense": "220", "Net Interest Income": "48", "EBIT": "5,667", "EBITDA": "-", "Reconciled Cost of Revenue": "17,392", "Reconciled Depreciation": "438", "Net Income from Continuing Operation Net Minority Interest": "4,148", "Total Unusual Items Excluding Goodwill": "363", "Total Unusual Items": "363", "Normalized EBITDA": "5,742", "Tax Rate for Calcs": "0", "Tax Effect of Unusual Items": "87.12"}, "6/30/2018": {"Duration": "6/30/2018", "Total Revenue": "22,465", "Cost of Revenue": "14,522", "Gross Profit": "7,943", "Operating Expense": "4,538", "Operating Income": "3,405", "Net Non Operating Interest Income Expense": "218", "Other Income Expense": "-1,013", "Pretax Income": "2,610", "Tax Provision": "989", "Net Income Common Stockholders": "1,621", "Diluted NI Available to Com Stockholders": "1,621", "Basic EPS": "0.38", "Diluted EPS": "0.37", "Basic Average Shares": "4,305", "Diluted Average Shares": "4,345", "Total Operating Income as Reported": "2,392", "Total Expenses": "19,060", "Net Income from Continuing & Discontinued Operation": "1,621", "Normalized Income": "2,249", "Interest Income": "225", "Interest Expense": "7", "Net Interest Income": "218", "EBIT": "2,617", "EBITDA": "-", "Reconciled Cost of Revenue": "14,522", "Reconciled Depreciation": "557", "Net Income from Continuing Operation Net Minority Interest": "1,621", "Total Unusual Items Excluding Goodwill": "-1,013", "Total Unusual Items": "-1,013", "Normalized EBITDA": "4,187", "Tax Rate for Calcs": "0", "Tax Effect of Unusual Items": "-384.94"}}, "bs": {"6/30/2020": {"Duration": "6/30/2020", "Total Assets": "31,126", "Total Liabilities Net Minority Interest": "12,064", "Total Equity Gross Minority Interest": "19,062", "Total Capitalization": "22,345", "Common Stock Equity": "19,062", "Capital Lease Obligations": "3,089", "Net Tangible Assets": "18,900", "Working Capital": "17,447", "Invested Capital": "22,996", "Tangible Book Value": "18,900", "Total Debt": "7,023", "Share Issued": "3,811", "Ordinary Shares Number": "3,811"}, "6/30/2019": {"Duration": "6/30/2019", "Total Assets": "25,520", "Total Liabilities Net Minority Interest": "8,512", "Total Equity Gross Minority Interest": "17,008", "Total Capitalization": "20,942", "Common Stock Equity": "17,008", "Capital Lease Obligations": "-", "Net Tangible Assets": "16,879", "Working Capital": "17,513", "Invested Capital": "21,564", "Tangible Book Value": "16,879", "Total Debt": "4,556", "Share Issued": "4,039", "Ordinary Shares Number": "4,039"}, "6/30/2018": {"Duration": "6/30/2018", "Total Assets": "19,917", "Total Liabilities Net Minority Interest": "2,641", "Total Equity Gross Minority Interest": "17,276", "Total Capitalization": "17,276", "Common Stock Equity": "17,276", "Capital Lease Obligations": "41", "Net Tangible Assets": "17,136", "Working Capital": "13,695", "Invested Capital": "17,276", "Tangible Book Value": "17,136", "Total Debt": "41", "Share Issued": "4,331", "Ordinary Shares Number": "4,331"}}, "cf": {"TTM": {"Duration": "TTM", "Operating Cash Flow": "3,472", "Investing Cash Flow": "-7,379", "Financing Cash Flow": "3,255", "End Cash Position": "5,523", "Income Tax Paid Supplemental Data": "1,424", "Interest Paid Supplemental Data": "216", "Capital Expenditure": "-7,043", "Issuance of Capital Stock": "-", "Issuance of Debt": "5,176", "Repayment of Debt": "-577", "Repurchase of Capital Stock": "-3,639", "Free Cash Flow": "-3,571"}, "6/30/2020": {"Duration": "6/30/2020", "Operating Cash Flow": "4,945", "Investing Cash Flow": "-2,287", "Financing Cash Flow": "-3,979", "End Cash Position": "6,421", "Income Tax Paid Supplemental Data": "683", "Interest Paid Supplemental Data": "218", "Capital Expenditure": "-565", "Issuance of Capital Stock": "-", "Issuance of Debt": "0", "Repayment of Debt": "-630", "Repurchase of Capital Stock": "-3,388", "Free Cash Flow": "4,380"}, "6/30/2019": {"Duration": "6/30/2019", "Operating Cash Flow": "3,326", "Investing Cash Flow": "-1,222", "Financing Cash Flow": "450", "End Cash Position": "7,742", "Income Tax Paid Supplemental Data": "320", "Interest Paid Supplemental Data": "199", "Capital Expenditure": "-1,398", "Issuance of Capital Stock": "0", "Issuance of Debt": "4,940", "Repayment of Debt": "-433", "Repurchase of Capital Stock": "-3,984", "Free Cash Flow": "1,928"}, "6/30/2018": {"Duration": "6/30/2018", "Operating Cash Flow": "3,096", "Investing Cash Flow": "-4,115", "Financing Cash Flow": "2,002", "End Cash Position": "5,188", "Income Tax Paid Supplemental Data": "401", "Interest Paid Supplemental Data": "7", "Capital Expenditure": "-934", "Issuance of Capital Stock": "2,262", "Issuance of Debt": "0", "Repayment of Debt": "-78", "Repurchase of Capital Stock": "-220", "Free Cash Flow": "2,162"}}}}, {"RVP": {"quote": {"03/28/2021": {"value": "11.58", "Market Cap": "391.596M", "Beta (5Y Monthly)": "1.85", "PE Ratio (TTM)": "23.16", "EPS (TTM)": "0.50", "Earnings Date": "Nov 18, 2020", "Forward Dividend & Yield": "N/A (N/A)", "Ex-Dividend Date": "N/A", "1y Target Est": "N/A"}}, "fin": {"TTM": {"Duration": "TTM", "Total Revenue": "81,862", "Cost of Revenue": "44,854", "Gross Profit": "37,008", "Operating Expense": "12,938", "Operating Income": "24,071", "Net Non Operating Interest Income Expense": "2,002", "Other Income Expense": "-", "Pretax Income": "26,073", "Tax Provision": "1,850", "Net Income Common Stockholders": "26,625", "Diluted NI Available to Com Stockholders": "26,625", "Basic EPS": "-", "Diluted EPS": "-", "Basic Average Shares": "-", "Diluted Average Shares": "-", "Total Operating Income as Reported": "24,071", "Total Expenses": "57,792", "Net Income from Continuing & Discontinued Operation": "24,223", "Normalized Income": "24,223", "Interest Income": "2,263", "Interest Expense": "260.264", "Net Interest Income": "2,002", "EBIT": "26,334", "EBITDA": "27,166", "Reconciled Cost of Revenue": "44,854", "Reconciled Depreciation": "832.069", "Net Income from Continuing Operation Net Minority Interest": "24,223", "Total Unusual Items Excluding Goodwill": "0", "Total Unusual Items": "0", "Normalized EBITDA": "27,166", "Tax Rate for Calcs": "0", "Tax Effect of Unusual Items": "0"}, "12/31/2020": {"Duration": "12/31/2020", "Total Revenue": "81,862", "Cost of Revenue": "44,854", "Gross Profit": "37,008", "Operating Expense": "12,938", "Operating Income": "24,071", "Net Non Operating Interest Income Expense": "2,002", "Other Income Expense": "-", "Pretax Income": "26,073", "Tax Provision": "1,850", "Net Income Common Stockholders": "26,625", "Diluted NI Available to Com Stockholders": "26,625", "Basic EPS": "-", "Diluted EPS": "-", "Basic Average Shares": "-", "Diluted Average Shares": "-", "Total Operating Income as Reported": "24,071", "Total Expenses": "57,792", "Net Income from Continuing & Discontinued Operation": "24,223", "Normalized Income": "24,223", "Interest Income": "2,263", "Interest Expense": "260.264", "Net Interest Income": "2,002", "EBIT": "26,334", "EBITDA": "-", "Reconciled Cost of Revenue": "44,854", "Reconciled Depreciation": "832.069", "Net Income from Continuing Operation Net Minority Interest": "24,223", "Total Unusual Items Excluding Goodwill": "0", "Total Unusual Items": "0", "Normalized EBITDA": "27,166", "Tax Rate for Calcs": "0", "Tax Effect of Unusual Items": "0"}, "12/31/2019": {"Duration": "12/31/2019", "Total Revenue": "41,797", "Cost of Revenue": "27,659", "Gross Profit": "14,138", "Operating Expense": "11,166", "Operating Income": "2,972", "Net Non Operating Interest Income Expense": "184.269", "Other Income Expense": "-", "Pretax Income": "3,156", "Tax Provision": "7.875", "Net Income Common Stockholders": "2,446", "Diluted NI Available to Com Stockholders": "2,446", "Basic EPS": "0.07", "Diluted EPS": "0.07", "Basic Average Shares": "32,672", "Diluted Average Shares": "32,672", "Total Operating Income as Reported": "2,972", "Total Expenses": "38,825", "Net Income from Continuing & Discontinued Operation": "3,148", "Normalized Income": "3,148", "Interest Income": "351.166", "Interest Expense": "166.897", "Net Interest Income": "184.269", "EBIT": "3,323", "EBITDA": "-", "Reconciled Cost of Revenue": "27,659", "Reconciled Depreciation": "852.08", "Net Income from Continuing Operation Net Minority Interest": "3,148", "Total Unusual Items Excluding Goodwill": "0", "Total Unusual Items": "0", "Normalized EBITDA": "4,175", "Tax Rate for Calcs": "0", "Tax Effect of Unusual Items": "0"}, "12/31/2018": {"Duration": "12/31/2018", "Total Revenue": "33,275", "Cost of Revenue": "23,053", "Gross Profit": "10,222", "Operating Expense": "11,803", "Operating Income": "-1,581", "Net Non Operating Interest Income Expense": "-33.066", "Other Income Expense": "260.514", "Pretax Income": "-1,353", "Tax Provision": "-13.318", "Net Income Common Stockholders": "-2,045", "Diluted NI Available to Com Stockholders": "-2,045", "Basic EPS": "-0.06", "Diluted EPS": "-0.06", "Basic Average Shares": "32,666", "Diluted Average Shares": "32,666", "Total Operating Income as Reported": "-1,320", "Total Expenses": "34,855", "Net Income from Continuing & Discontinued Operation": "-1,340", "Normalized Income": "-1,598", "Interest Income": "144.124", "Interest Expense": "177.19", "Net Interest Income": "-33.066", "EBIT": "-1,176", "EBITDA": "-", "Reconciled Cost of Revenue": "23,053", "Reconciled Depreciation": "886.814", "Net Income from Continuing Operation Net Minority Interest": "-1,340", "Total Unusual Items Excluding Goodwill": "260.514", "Total Unusual Items": "260.514", "Normalized EBITDA": "-549.771", "Tax Rate for Calcs": "0", "Tax Effect of Unusual Items": "2.5638"}}, "bs": {"12/31/2020": {"Duration": "12/31/2020", "Total Assets": "104,971", "Total Liabilities Net Minority Interest": "55,091", "Total Equity Gross Minority Interest": "49,880", "Total Capitalization": "52,590", "Preferred Stock Equity": "262.945", "Common Stock Equity": "49,617", "Net Tangible Assets": "49,880", "Working Capital": "41,577", "Invested Capital": "53,358", "Tangible Book Value": "49,617", "Total Debt": "3,741", "Share Issued": "33,957", "Ordinary Shares Number": "33,957"}, "12/31/2019": {"Duration": "12/31/2019", "Total Assets": "39,178", "Total Liabilities Net Minority Interest": "10,635", "Total Equity Gross Minority Interest": "28,542", "Total Capitalization": "30,921", "Preferred Stock Equity": "772.945", "Common Stock Equity": "27,770", "Net Tangible Assets": "28,542", "Working Capital": "20,150", "Invested Capital": "30,409", "Tangible Book Value": "27,770", "Total Debt": "2,639", "Share Issued": "32,675", "Ordinary Shares Number": "32,675"}, "12/31/2018": {"Duration": "12/31/2018", "Total Assets": "36,792", "Total Liabilities Net Minority Interest": "11,178", "Total Equity Gross Minority Interest": "25,614", "Total Capitalization": "28,253", "Preferred Stock Equity": "781.445", "Common Stock Equity": "24,832", "Net Tangible Assets": "25,614", "Working Capital": "15,308", "Invested Capital": "27,878", "Tangible Book Value": "24,832", "Total Debt": "3,046", "Share Issued": "32,666", "Ordinary Shares Number": "32,666"}}, "cf": {"TTM": {"Duration": "TTM", "Operating Cash Flow": "18,997", "Investing Cash Flow": "-19,327", "Financing Cash Flow": "11,962", "End Cash Position": "17,567", "Income Tax Paid Supplemental Data": "2,106", "Interest Paid Supplemental Data": "260.264", "Capital Expenditure": "-21,050", "Issuance of Capital Stock": "-", "Issuance of Debt": "1,363", "Repayment of Debt": "-260.894", "Repurchase of Capital Stock": "-482.67", "Free Cash Flow": "-2,053"}, "12/31/2020": {"Duration": "12/31/2020", "Operating Cash Flow": "18,997", "Investing Cash Flow": "-19,327", "Financing Cash Flow": "11,962", "End Cash Position": "17,567", "Income Tax Paid Supplemental Data": "2,106", "Interest Paid Supplemental Data": "260.264", "Capital Expenditure": "-21,050", "Issuance of Capital Stock": "-", "Issuance of Debt": "1,363", "Repayment of Debt": "-260.894", "Repurchase of Capital Stock": "-482.67", "Free Cash Flow": "-2,053"}, "12/31/2019": {"Duration": "12/31/2019", "Operating Cash Flow": "2,195", "Investing Cash Flow": "-5,280", "Financing Cash Flow": "-626.839", "End Cash Position": "5,935", "Income Tax Paid Supplemental Data": "0", "Interest Paid Supplemental Data": "166.897", "Capital Expenditure": "-632.078", "Issuance of Capital Stock": "0", "Issuance of Debt": "-", "Repayment of Debt": "-407.014", "Repurchase of Capital Stock": "-", "Free Cash Flow": "1,563"}, "12/31/2018": {"Duration": "12/31/2018", "Operating Cash Flow": "-1,195", "Investing Cash Flow": "-3,368", "Financing Cash Flow": "-666.8", "End Cash Position": "9,647", "Income Tax Paid Supplemental Data": "1.173", "Interest Paid Supplemental Data": "177.19", "Capital Expenditure": "-382.156", "Issuance of Capital Stock": "0", "Issuance of Debt": "0", "Repayment of Debt": "-446.35", "Repurchase of Capital Stock": "-", "Free Cash Flow": "-1,578"}}}}, {"REMI": {"quote": {"03/28/2021": {"value": "0.1900", "Market Cap": "3.799M", "Beta (5Y Monthly)": "-0.42", "PE Ratio (TTM)": "N/A", "EPS (TTM)": "-0.0150", "Earnings Date": "Nov 11, 2019 - Nov 14, 2019", "Forward Dividend & Yield": "N/A (N/A)", "Ex-Dividend Date": "N/A", "1y Target Est": "N/A"}}, "fin": {"TTM": {"Duration": "TTM", "Total Revenue": "1,129", "Cost of Revenue": "390.848", "Gross Profit": "737.979", "Operating Expense": "844.677", "Operating Income": "-106.698", "Net Non Operating Interest Income Expense": "-10.847", "Other Income Expense": "-127.44", "Pretax Income": "-244.985", "Tax Provision": "3.048", "Net Income Common Stockholders": "-259.38", "Diluted NI Available to Com Stockholders": "-259.38", "Basic EPS": "-", "Diluted EPS": "-", "Basic Average Shares": "-", "Diluted Average Shares": "-", "Total Operating Income as Reported": "-106.698", "Total Expenses": "1,236", "Net Income from Continuing & Discontinued Operation": "-259.38", "Normalized Income": "-259.38", "Interest Expense": "10.847", "Net Interest Income": "-10.847", "EBIT": "-234.138", "EBITDA": "-192.977", "Reconciled Cost of Revenue": "390.848", "Reconciled Depreciation": "41.161", "Net Income from Continuing Operation Net Minority Interest": "-259.38", "Normalized EBITDA": "-192.977", "Tax Rate for Calcs": "0", "Tax Effect of Unusual Items": "0"}, "3/31/2020": {"Duration": "3/31/2020", "Total Revenue": "1,064", "Cost of Revenue": "322.248", "Gross Profit": "742.171", "Operating Expense": "1,222", "Operating Income": "-479.607", "Net Non Operating Interest Income Expense": "-14.086", "Other Income Expense": "-358.245", "Pretax Income": "-851.938", "Tax Provision": "2.329", "Net Income Common Stockholders": "-858.222", "Diluted NI Available to Com Stockholders": "-858.222", "Basic EPS": "-0.04", "Diluted EPS": "-0.04", "Basic Average Shares": "19,996", "Diluted Average Shares": "19,996", "Total Operating Income as Reported": "-479.607", "Total Expenses": "1,544", "Net Income from Continuing & Discontinued Operation": "-858.222", "Normalized Income": "-858.222", "Interest Expense": "14.086", "Net Interest Income": "-14.086", "EBIT": "-837.852", "EBITDA": "-", "Reconciled Cost of Revenue": "322.248", "Reconciled Depreciation": "71.251", "Net Income from Continuing Operation Net Minority Interest": "-858.222", "Normalized EBITDA": "-766.601", "Tax Rate for Calcs": "0", "Tax Effect of Unusual Items": "0"}, "3/31/2019": {"Duration": "3/31/2019", "Total Revenue": "1,604", "Cost of Revenue": "486.495", "Gross Profit": "1,117", "Operating Expense": "1,835", "Operating Income": "-717.347", "Net Non Operating Interest Income Expense": "-10.643", "Other Income Expense": "2,848", "Pretax Income": "2,120", "Tax Provision": "0.874", "Net Income Common Stockholders": "2,129", "Diluted NI Available to Com Stockholders": "2,129", "Basic EPS": "0.11", "Diluted EPS": "0.11", "Basic Average Shares": "19,996", "Diluted Average Shares": "19,996", "Total Operating Income as Reported": "-717.347", "Total Expenses": "2,321", "Net Income from Continuing & Discontinued Operation": "2,129", "Normalized Income": "2,129", "Interest Expense": "10.643", "Net Interest Income": "-10.643", "EBIT": "2,131", "EBITDA": "-", "Reconciled Cost of Revenue": "486.495", "Reconciled Depreciation": "97.77", "Net Income from Continuing Operation Net Minority Interest": "2,129", "Normalized EBITDA": "2,228", "Tax Rate for Calcs": "0", "Tax Effect of Unusual Items": "0"}}, "bs": {"3/31/2020": {"Duration": "3/31/2020", "Total Assets": "7,509", "Total Liabilities Net Minority Interest": "2,888", "Total Equity Gross Minority Interest": "4,621", "Total Capitalization": "4,552", "Common Stock Equity": "4,547", "Capital Lease Obligations": "130.909", "Net Tangible Assets": "4,547", "Working Capital": "-2,201", "Invested Capital": "4,552", "Tangible Book Value": "4,547", "Total Debt": "5.455", "Share Issued": "19,996", "Ordinary Shares Number": "19,273", "Treasury Shares Number": "723"}, "3/31/2019": {"Duration": "3/31/2019", "Total Assets": "7,896", "Total Liabilities Net Minority Interest": "2,433", "Total Equity Gross Minority Interest": "5,463", "Total Capitalization": "5,392", "Common Stock Equity": "5,392", "Capital Lease Obligations": "51.112", "Net Tangible Assets": "5,392", "Working Capital": "-1,777", "Invested Capital": "5,392", "Tangible Book Value": "5,392", "Total Debt": "51.112", "Share Issued": "20,719", "Ordinary Shares Number": "19,996", "Treasury Shares Number": "723"}}, "cf": {"TTM": {"Duration": "TTM", "Operating Cash Flow": "250.562", "Investing Cash Flow": "-", "End Cash Position": "349.408", "Income Tax Paid Supplemental Data": "0", "Interest Paid Supplemental Data": "12.202", "Capital Expenditure": "-", "Free Cash Flow": "247.859"}, "3/31/2020": {"Duration": "3/31/2020", "Operating Cash Flow": "101.548", "Investing Cash Flow": "-", "End Cash Position": "114.634", "Income Tax Paid Supplemental Data": "0", "Interest Paid Supplemental Data": "14.086", "Capital Expenditure": "-", "Free Cash Flow": "101.548"}, "3/31/2019": {"Duration": "3/31/2019", "Operating Cash Flow": "567.618", "Investing Cash Flow": "0", "End Cash Position": "66.539", "Income Tax Paid Supplemental Data": "0", "Interest Paid Supplemental Data": "10.643", "Capital Expenditure": "-", "Free Cash Flow": "567.618"}}}}, {"SSKN": {"quote": {"03/28/2021": {"value": "1.6900", "Market Cap": "57.124M", "Beta (5Y Monthly)": "2.46", "PE Ratio (TTM)": "N/A", "EPS (TTM)": "-0.1310", "Earnings Date": "May 10, 2021 - May 14, 2021", "Forward Dividend & Yield": "N/A (N/A)", "Ex-Dividend Date": "N/A", "1y Target Est": "4.00"}}, "fin": {"TTM": {"Duration": "TTM", "Total Revenue": "23,090", "Cost of Revenue": "8,956", "Gross Profit": "14,134", "Operating Expense": "18,210", "Operating Income": "-4,076", "Net Non Operating Interest Income Expense": "-61", "Other Income Expense": "-", "Pretax Income": "-4,137", "Tax Provision": "275", "Net Income Common Stockholders": "-4,394", "Average Dilution Earnings": "-", "Diluted NI Available to Com Stockholders": "-4,394", "Basic EPS": "-", "Diluted EPS": "-", "Basic Average Shares": "-", "Diluted Average Shares": "-", "Total Operating Income as Reported": "-4,076", "Total Expenses": "27,166", "Net Income from Continuing & Discontinued Operation": "-4,412", "Normalized Income": "-4,412", "Net Interest Income": "-61", "EBIT": "-4,076", "EBITDA": "-165", "Reconciled Cost of Revenue": "8,956", "Reconciled Depreciation": "3,911", "Net Income from Continuing Operation Net Minority Interest": "-4,412", "Total Unusual Items Excluding Goodwill": "0", "Total Unusual Items": "0", "Normalized EBITDA": "-165", "Tax Rate for Calcs": "0", "Tax Effect of Unusual Items": "0"}, "12/31/2020": {"Duration": "12/31/2020", "Total Revenue": "23,090", "Cost of Revenue": "8,956", "Gross Profit": "14,134", "Operating Expense": "18,210", "Operating Income": "-4,076", "Net Non Operating Interest Income Expense": "-61", "Other Income Expense": "-", "Pretax Income": "-4,137", "Tax Provision": "275", "Net Income Common Stockholders": "-4,394", "Average Dilution Earnings": "-", "Diluted NI Available to Com Stockholders": "-4,394", "Basic EPS": "-", "Diluted EPS": "-", "Basic Average Shares": "-", "Diluted Average Shares": "-", "Total Operating Income as Reported": "-4,076", "Total Expenses": "27,166", "Net Income from Continuing & Discontinued Operation": "-4,412", "Normalized Income": "-4,412", "Net Interest Income": "-61", "EBIT": "-4,076", "EBITDA": "-", "Reconciled Cost of Revenue": "8,956", "Reconciled Depreciation": "3,911", "Net Income from Continuing Operation Net Minority Interest": "-4,412", "Total Unusual Items Excluding Goodwill": "0", "Total Unusual Items": "0", "Normalized EBITDA": "-165", "Tax Rate for Calcs": "0", "Tax Effect of Unusual Items": "0"}, "12/31/2019": {"Duration": "12/31/2019", "Total Revenue": "31,586", "Cost of Revenue": "11,316", "Gross Profit": "20,270", "Operating Expense": "23,280", "Operating Income": "-3,010", "Net Non Operating Interest Income Expense": "-515", "Other Income Expense": "-414", "Pretax Income": "-3,939", "Tax Provision": "-149", "Net Income Common Stockholders": "-3,597", "Average Dilution Earnings": "-", "Diluted NI Available to Com Stockholders": "-3,597", "Basic EPS": "-0.11", "Diluted EPS": "-0.11", "Basic Average Shares": "32,700", "Diluted Average Shares": "32,700", "Total Operating Income as Reported": "-3,010", "Total Expenses": "34,596", "Net Income from Continuing & Discontinued Operation": "-3,790", "Normalized Income": "-3,392", "Net Interest Income": "-515", "EBIT": "-3,010", "EBITDA": "-", "Reconciled Cost of Revenue": "11,316", "Reconciled Depreciation": "4,821", "Net Income from Continuing Operation Net Minority Interest": "-3,790", "Total Unusual Items Excluding Goodwill": "-414", "Total Unusual Items": "-414", "Normalized EBITDA": "2,225", "Tax Rate for Calcs": "0", "Tax Effect of Unusual Items": "-15.6603"}, "12/31/2018": {"Duration": "12/31/2018", "Total Revenue": "29,855", "Cost of Revenue": "12,735", "Gross Profit": "17,120", "Operating Expense": "20,475", "Operating Income": "-3,355", "Net Non Operating Interest Income Expense": "-1,142", "Other Income Expense": "200", "Pretax Income": "-4,297", "Tax Provision": "-264", "Net Income Common Stockholders": "-2,909", "Average Dilution Earnings": "-", "Diluted NI Available to Com Stockholders": "-2,909", "Basic EPS": "-0.15", "Diluted EPS": "-0.15", "Basic Average Shares": "19,589", "Diluted Average Shares": "19,589", "Total Operating Income as Reported": "-3,355", "Total Expenses": "33,210", "Net Income from Continuing & Discontinued Operation": "-4,033", "Normalized Income": "-4,033", "Net Interest Income": "-1,142", "EBIT": "-3,355", "EBITDA": "-", "Reconciled Cost of Revenue": "12,735", "Reconciled Depreciation": "5,397", "Net Income from Continuing Operation Net Minority Interest": "-4,033", "Total Unusual Items Excluding Goodwill": "0", "Total Unusual Items": "0", "Normalized EBITDA": "2,042", "Tax Rate for Calcs": "0", "Tax Effect of Unusual Items": "0"}}, "bs": {"12/31/2020": {"Duration": "12/31/2020", "Total Assets": "46,778", "Total Liabilities Net Minority Interest": "20,886", "Total Equity Gross Minority Interest": "25,892", "Total Capitalization": "26,942", "Preferred Stock Equity": "-", "Common Stock Equity": "25,892", "Capital Lease Obligations": "1,079", "Net Tangible Assets": "10,744", "Working Capital": "5,993", "Invested Capital": "35,695", "Tangible Book Value": "10,744", "Total Debt": "10,882", "Net Debt": "-", "Share Issued": "33,801", "Ordinary Shares Number": "33,801"}, "12/31/2019": {"Duration": "12/31/2019", "Total Assets": "47,343", "Total Liabilities Net Minority Interest": "18,690", "Total Equity Gross Minority Interest": "28,653", "Total Capitalization": "28,653", "Preferred Stock Equity": "1", "Common Stock Equity": "28,652", "Capital Lease Obligations": "1,391", "Net Tangible Assets": "11,895", "Working Capital": "6,121", "Invested Capital": "35,927", "Tangible Book Value": "11,894", "Total Debt": "8,666", "Net Debt": "-", "Share Issued": "32,932", "Ordinary Shares Number": "32,932"}, "12/31/2018": {"Duration": "12/31/2018", "Total Assets": "47,507", "Total Liabilities Net Minority Interest": "16,259", "Total Equity Gross Minority Interest": "31,248", "Total Capitalization": "38,393", "Preferred Stock Equity": "1", "Common Stock Equity": "31,247", "Capital Lease Obligations": "-", "Net Tangible Assets": "12,680", "Working Capital": "14,595", "Invested Capital": "38,644", "Tangible Book Value": "12,679", "Total Debt": "7,397", "Net Debt": "-", "Share Issued": "29,943", "Ordinary Shares Number": "29,943"}}, "cf": {"TTM": {"Duration": "TTM", "Operating Cash Flow": "2,096", "Investing Cash Flow": "-2,159", "Financing Cash Flow": "2,546", "End Cash Position": "18,112", "Income Tax Paid Supplemental Data": "0", "Interest Paid Supplemental Data": "211", "Capital Expenditure": "-2,159", "Issuance of Capital Stock": "-", "Issuance of Debt": "2,528", "Repayment of Debt": "0", "Free Cash Flow": "-63"}, "12/31/2020": {"Duration": "12/31/2020", "Operating Cash Flow": "2,096", "Investing Cash Flow": "-2,159", "Financing Cash Flow": "2,546", "End Cash Position": "18,112", "Income Tax Paid Supplemental Data": "0", "Interest Paid Supplemental Data": "211", "Capital Expenditure": "-2,159", "Issuance of Capital Stock": "-", "Issuance of Debt": "2,528", "Repayment of Debt": "0", "Free Cash Flow": "-63"}, "12/31/2019": {"Duration": "12/31/2019", "Operating Cash Flow": "2,229", "Investing Cash Flow": "-2,791", "Financing Cash Flow": "-296", "End Cash Position": "15,629", "Income Tax Paid Supplemental Data": "0", "Interest Paid Supplemental Data": "766", "Capital Expenditure": "-2,791", "Issuance of Capital Stock": "-", "Issuance of Debt": "7,275", "Repayment of Debt": "-7,571", "Free Cash Flow": "-562"}, "12/31/2018": {"Duration": "12/31/2018", "Operating Cash Flow": "2,896", "Investing Cash Flow": "-1,785", "Financing Cash Flow": "11,307", "End Cash Position": "16,487", "Income Tax Paid Supplemental Data": "17", "Interest Paid Supplemental Data": "1,009", "Capital Expenditure": "-1,762", "Issuance of Capital Stock": "17,000", "Issuance of Debt": "-", "Repayment of Debt": "-3,357", "Free Cash Flow": "1,134"}}}}, {"IVTY": {"quote": {"03/28/2021": {"value": "", "Net Assets": "N/A", "Beta (5Y Monthly)": "N/A", "Yield": "N/A", "5y Average Return": "N/A", "Holdings Turnover": "N/A", "Last Dividend": "N/A", "Average for Category": "N/A", "Inception Date": "N/A"}}, "fin": {}, "bs": {}, "cf": {}}}, {"SECI": {"quote": {"03/28/2021": {"value": "2.0000", "Market Cap": "611,554", "Beta (5Y Monthly)": "-53.93", "PE Ratio (TTM)": "0.44", "EPS (TTM)": "4.5810", "Earnings Date": "N/A", "Forward Dividend & Yield": "N/A (N/A)", "Ex-Dividend Date": "N/A", "1y Target Est": "N/A"}}, "fin": {}, "bs": {}, "cf": {}}}, {"INGN": {"quote": {"03/28/2021": {"value": "48.28", "Market Cap": "1.078B", "Beta (5Y Monthly)": "0.97", "PE Ratio (TTM)": "N/A", "EPS (TTM)": "-0.27", "Earnings Date": "Feb 24, 2021", "Forward Dividend & Yield": "N/A (N/A)", "Ex-Dividend Date": "N/A", "1y Target Est": "54.33"}}, "fin": {"TTM": {"Duration": "TTM", "Total Revenue": "308,487", "Cost of Revenue": "170,307", "Gross Profit": "138,180", "Operating Expense": "150,205", "Operating Income": "-12,025", "Net Non Operating Interest Income Expense": "909", "Other Income Expense": "5,836", "Pretax Income": "-5,280", "Tax Provision": "549", "Net Income Common Stockholders": "-5,829", "Average Dilution Earnings": "-", "Diluted NI Available to Com Stockholders": "-5,829", "Basic EPS": "-", "Diluted EPS": "-", "Basic Average Shares": "-", "Diluted Average Shares": "-", "Total Operating Income as Reported": "-12,025", "Rent Expense Supplemental": "13,543", "Total Expenses": "320,512", "Net Income from Continuing & Discontinued Operation": "-5,829", "Normalized Income": "-5,829", "Interest Income": "909", "Interest Expense": "-", "Net Interest Income": "909", "EBIT": "-12,025", "EBITDA": "6,556", "Reconciled Cost of Revenue": "170,307", "Reconciled Depreciation": "18,581", "Net Income from Continuing Operation Net Minority Interest": "-5,829", "Normalized EBITDA": "6,556", "Tax Rate for Calcs": "0", "Tax Effect of Unusual Items": "0"}, "12/31/2020": {"Duration": "12/31/2020", "Total Revenue": "308,487", "Cost of Revenue": "170,307", "Gross Profit": "138,180", "Operating Expense": "150,205", "Operating Income": "-12,025", "Net Non Operating Interest Income Expense": "909", "Other Income Expense": "5,836", "Pretax Income": "-5,280", "Tax Provision": "549", "Net Income Common Stockholders": "-5,829", "Average Dilution Earnings": "-", "Diluted NI Available to Com Stockholders": "-5,829", "Basic EPS": "-0.27", "Diluted EPS": "-0.27", "Basic Average Shares": "21,980", "Diluted Average Shares": "21,980", "Total Operating Income as Reported": "-12,025", "Rent Expense Supplemental": "13,543", "Total Expenses": "320,512", "Net Income from Continuing & Discontinued Operation": "-5,829", "Normalized Income": "-5,829", "Interest Income": "909", "Interest Expense": "-", "Net Interest Income": "909", "EBIT": "-12,025", "EBITDA": "-", "Reconciled Cost of Revenue": "170,307", "Reconciled Depreciation": "18,581", "Net Income from Continuing Operation Net Minority Interest": "-5,829", "Normalized EBITDA": "6,556", "Tax Rate for Calcs": "0", "Tax Effect of Unusual Items": "0"}, "12/31/2019": {"Duration": "12/31/2019", "Total Revenue": "361,943", "Cost of Revenue": "190,082", "Gross Profit": "171,861", "Operating Expense": "152,072", "Operating Income": "19,789", "Net Non Operating Interest Income Expense": "4,712", "Other Income Expense": "-229", "Pretax Income": "24,272", "Tax Provision": "3,322", "Net Income Common Stockholders": "20,950", "Average Dilution Earnings": "-", "Diluted NI Available to Com Stockholders": "20,950", "Basic EPS": "0.96", "Diluted EPS": "0.94", "Basic Average Shares": "21,821", "Diluted Average Shares": "22,241", "Total Operating Income as Reported": "19,789", "Rent Expense Supplemental": "14,108", "Total Expenses": "342,154", "Net Income from Continuing & Discontinued Operation": "20,950", "Normalized Income": "20,950", "Interest Income": "4,712", "Interest Expense": "-", "Net Interest Income": "4,712", "EBIT": "19,789", "EBITDA": "-", "Reconciled Cost of Revenue": "190,082", "Reconciled Depreciation": "13,834", "Net Income from Continuing Operation Net Minority Interest": "20,950", "Normalized EBITDA": "33,623", "Tax Rate for Calcs": "0", "Tax Effect of Unusual Items": "0"}, "12/31/2018": {"Duration": "12/31/2018", "Total Revenue": "358,111", "Cost of Revenue": "179,531", "Gross Profit": "178,580", "Operating Expense": "140,688", "Operating Income": "37,892", "Net Non Operating Interest Income Expense": "3,259", "Other Income Expense": "-696", "Pretax Income": "40,455", "Tax Provision": "-11,390", "Net Income Common Stockholders": "51,845", "Average Dilution Earnings": "-", "Diluted NI Available to Com Stockholders": "51,845", "Basic EPS": "2.44", "Diluted EPS": "2.30", "Basic Average Shares": "21,267", "Diluted Average Shares": "22,515", "Total Operating Income as Reported": "37,892", "Rent Expense Supplemental": "15,542", "Total Expenses": "320,219", "Net Income from Continuing & Discontinued Operation": "51,845", "Normalized Income": "51,845", "Interest Income": "3,259", "Interest Expense": "0", "Net Interest Income": "3,259", "EBIT": "40,455", "EBITDA": "-", "Reconciled Cost of Revenue": "179,531", "Reconciled Depreciation": "11,295", "Net Income from Continuing Operation Net Minority Interest": "51,845", "Normalized EBITDA": "51,750", "Tax Rate for Calcs": "0", "Tax Effect of Unusual Items": "0"}}, "bs": {"12/31/2020": {"Duration": "12/31/2020", "Total Assets": "461,852", "Total Liabilities Net Minority Interest": "112,229", "Total Equity Gross Minority Interest": "349,623", "Total Capitalization": "349,623", "Common Stock Equity": "349,623", "Capital Lease Obligations": "10,009", "Net Tangible Assets": "247,661", "Working Capital": "248,987", "Invested Capital": "349,623", "Tangible Book Value": "247,661", "Total Debt": "10,009", "Share Issued": "22,131", "Ordinary Shares Number": "22,131"}, "12/31/2019": {"Duration": "12/31/2019", "Total Assets": "447,339", "Total Liabilities Net Minority Interest": "102,718", "Total Equity Gross Minority Interest": "344,621", "Total Capitalization": "344,621", "Common Stock Equity": "344,621", "Capital Lease Obligations": "6,716", "Net Tangible Assets": "234,134", "Working Capital": "242,038", "Invested Capital": "344,621", "Tangible Book Value": "234,134", "Total Debt": "6,716", "Share Issued": "22,031", "Ordinary Shares Number": "22,031"}, "12/31/2018": {"Duration": "12/31/2018", "Total Assets": "375,898", "Total Liabilities Net Minority Interest": "65,474", "Total Equity Gross Minority Interest": "310,424", "Total Capitalization": "310,424", "Common Stock Equity": "310,424", "Capital Lease Obligations": "-", "Net Tangible Assets": "304,412", "Working Capital": "267,998", "Invested Capital": "310,424", "Tangible Book Value": "304,412", "Total Debt": "-", "Share Issued": "21,779", "Ordinary Shares Number": "21,779"}}, "cf": {"TTM": {"Duration": "TTM", "Operating Cash Flow": "37,013", "Investing Cash Flow": "-25,640", "Financing Cash Flow": "2,066", "End Cash Position": "211,962", "Income Tax Paid Supplemental Data": "-", "Interest Paid Supplemental Data": "-", "Capital Expenditure": "-17,597", "Repayment of Debt": "-", "Free Cash Flow": "19,416"}, "12/31/2020": {"Duration": "12/31/2020", "Operating Cash Flow": "37,013", "Investing Cash Flow": "-25,640", "Financing Cash Flow": "2,066", "End Cash Position": "211,962", "Income Tax Paid Supplemental Data": "-", "Interest Paid Supplemental Data": "-", "Capital Expenditure": "-17,597", "Repayment of Debt": "-", "Free Cash Flow": "19,416"}, "12/31/2019": {"Duration": "12/31/2019", "Operating Cash Flow": "40,593", "Investing Cash Flow": "-44,057", "Financing Cash Flow": "4,929", "End Cash Position": "198,037", "Income Tax Paid Supplemental Data": "239", "Interest Paid Supplemental Data": "-", "Capital Expenditure": "-6,514", "Repayment of Debt": "-", "Free Cash Flow": "34,079"}, "12/31/2018": {"Duration": "12/31/2018", "Operating Cash Flow": "59,977", "Investing Cash Flow": "-24,965", "Financing Cash Flow": "18,296", "End Cash Position": "196,634", "Income Tax Paid Supplemental Data": "1,653", "Interest Paid Supplemental Data": "-", "Capital Expenditure": "-12,973", "Repayment of Debt": "0", "Free Cash Flow": "47,004"}}}}, {"IRSB": {"fin": {}, "bs": {}, "cf": {}}}, {"CASM": {"fin": {}, "bs": {}, "cf": {}}}, {"ELGX": {"fin": {}, "bs": {}, "cf": {}}}, {"TRXC": {"fin": {}, "bs": {}, "cf": {}}}, {"LENS": {"fin": {}, "bs": {}, "cf": {}}}, {"IMSU": {"fin": {}, "bs": {}, "cf": {}}}, {"MPSP": {"fin": {}, "bs": {}, "cf": {}}}, {"REPR": {"fin": {}, "bs": {}, "cf": {}}}]