[{"FMS": {"quote": {"04/25/2021": {"value": "39.43", "Market Cap": "22.968B", "Beta (5Y Monthly)": "0.99", "PE Ratio (TTM)": "16.46", "EPS (TTM)": "2.39", "Earnings Date": "N/A", "Forward Dividend & Yield": "0.72 (1.82%)", "Ex-Dividend Date": "Aug 28, 2020", "1y Target Est": "37.76"}}, "fin": {"TTM": {"Duration": "TTM", "Total Revenue": "17,859,063", "Cost of Revenue": "12,321,618", "Gross Profit": "5,537,445", "Operating Expense": "3,358,333", "Operating Income": "2,179,112", "Net Non Operating Interest Income Expense": "-368,019", "Other Income Expense": "125,297", "Pretax Income": "1,936,390", "Tax Provision": "500,558", "Net Income Common Stockholders": "1,164,377", "Diluted NI Available to Com Stockholders": "1,164,377", "Basic EPS": "-", "Diluted EPS": "-", "Basic Average Shares": "-", "Diluted Average Shares": "-", "Total Operating Income as Reported": "2,304,409", "Total Expenses": "15,679,951", "Net Income from Continuing & Discontinued Operation": "1,164,377", "Normalized Income": "1,141,570", "Interest Income": "41,959", "Interest Expense": "409,978", "Net Interest Income": "-368,019", "EBIT": "2,346,368", "EBITDA": "4,132,267", "Reconciled Cost of Revenue": "12,321,618", "Reconciled Depreciation": "1,785,899", "Net Income from Continuing Operation Net Minority Interest": "1,164,377", "Total Unusual Items Excluding Goodwill": "30,779", "Total Unusual Items": "30,779", "Normalized EBITDA": "4,101,488", "Tax Rate for Calcs": "0", "Tax Effect of Unusual Items": "7,972"}, "12/31/2020": {"Duration": "12/31/2020", "Total Revenue": "17,859,063", "Cost of Revenue": "12,321,618", "Gross Profit": "5,537,445", "Operating Expense": "3,358,333", "Operating Income": "2,179,112", "Net Non Operating Interest Income Expense": "-368,019", "Other Income Expense": "125,297", "Pretax Income": "1,936,390", "Tax Provision": "500,558", "Net Income Common Stockholders": "1,164,377", "Diluted NI Available to Com Stockholders": "1,164,377", "Basic EPS": "1.98", "Diluted EPS": "1.98", "Basic Average Shares": "588,111", "Diluted Average Shares": "588,558", "Total Operating Income as Reported": "2,304,409", "Total Expenses": "15,679,951", "Net Income from Continuing & Discontinued Operation": "1,164,377", "Normalized Income": "1,141,570", "Interest Income": "41,959", "Interest Expense": "409,978", "Net Interest Income": "-368,019", "EBIT": "2,346,368", "EBITDA": "-", "Reconciled Cost of Revenue": "12,321,618", "Reconciled Depreciation": "1,785,899", "Net Income from Continuing Operation Net Minority Interest": "1,164,377", "Total Unusual Items Excluding Goodwill": "30,779", "Total Unusual Items": "30,779", "Normalized EBITDA": "4,101,488", "Tax Rate for Calcs": "0", "Tax Effect of Unusual Items": "7,972"}, "12/31/2019": {"Duration": "12/31/2019", "Total Revenue": "17,476,555", "Cost of Revenue": "12,080,704", "Gross Profit": "5,395,851", "Operating Expense": "3,228,760", "Operating Income": "2,167,091", "Net Non Operating Interest Income Expense": "-429,444", "Other Income Expense": "102,467", "Pretax Income": "1,840,114", "Tax Provision": "401,614", "Net Income Common Stockholders": "1,199,619", "Diluted NI Available to Com Stockholders": "1,199,619", "Basic EPS": "1.98", "Diluted EPS": "1.98", "Basic Average Shares": "605,383", "Diluted Average Shares": "605,383", "Total Operating Income as Reported": "2,269,558", "Total Expenses": "15,309,464", "Net Income from Continuing & Discontinued Operation": "1,199,619", "Normalized Income": "1,177,107", "Interest Income": "61,617", "Interest Expense": "491,061", "Net Interest Income": "-429,444", "EBIT": "2,331,175", "EBITDA": "-", "Reconciled Cost of Revenue": "12,080,704", "Reconciled Depreciation": "1,593,160", "Net Income from Continuing Operation Net Minority Interest": "1,199,619", "Total Unusual Items Excluding Goodwill": "28,788", "Total Unusual Items": "28,788", "Normalized EBITDA": "3,895,547", "Tax Rate for Calcs": "0", "Tax Effect of Unusual Items": "6,276"}, "12/31/2018": {"Duration": "12/31/2018", "Total Revenue": "16,546,873", "Cost of Revenue": "11,392,130", "Gross Profit": "5,154,743", "Operating Expense": "2,999,294", "Operating Income": "2,155,449", "Net Non Operating Interest Income Expense": "-301,062", "Other Income Expense": "882,349", "Pretax Income": "2,736,736", "Tax Provision": "511,079", "Net Income Common Stockholders": "1,981,924", "Diluted NI Available to Com Stockholders": "1,981,924", "Basic EPS": "3.23", "Diluted EPS": "3.23", "Basic Average Shares": "613,083", "Diluted Average Shares": "614,453", "Total Operating Income as Reported": "3,037,798", "Total Expenses": "14,391,424", "Net Income from Continuing & Discontinued Operation": "1,981,924", "Normalized Income": "1,324,205", "Interest Income": "147,409", "Interest Expense": "448,471", "Net Interest Income": "-301,062", "EBIT": "3,185,207", "EBITDA": "-", "Reconciled Cost of Revenue": "11,392,130", "Reconciled Depreciation": "724,847", "Net Income from Continuing Operation Net Minority Interest": "1,981,924", "Total Unusual Items Excluding Goodwill": "809,003", "Total Unusual Items": "809,003", "Normalized EBITDA": "3,101,051", "Tax Rate for Calcs": "0", "Tax Effect of Unusual Items": "151,284"}}, "bs": {"12/31/2020": {"Duration": "12/31/2020", "Total Assets": "31,689,036", "Total Liabilities Net Minority Interest": "19,357,726", "Total Equity Gross Minority Interest": "12,331,310", "Total Capitalization": "18,015,181", "Common Stock Equity": "11,215,080", "Capital Lease Obligations": "4,492,287", "Net Tangible Assets": "-3,124,657", "Working Capital": "1,115,666", "Invested Capital": "19,102,810", "Tangible Book Value": "-3,124,657", "Total Debt": "12,380,017", "Net Debt": "6,806,191", "Share Issued": "292,877", "Ordinary Shares Number": "292,877", "Treasury Shares Number": "-"}, "12/31/2019": {"Duration": "12/31/2019", "Total Assets": "32,934,735", "Total Liabilities Net Minority Interest": "19,707,498", "Total Equity Gross Minority Interest": "13,227,237", "Total Capitalization": "18,416,231", "Common Stock Equity": "11,957,913", "Capital Lease Obligations": "4,705,038", "Net Tangible Assets": "-3,485,672", "Working Capital": "157,912", "Invested Capital": "21,035,323", "Tangible Book Value": "-3,485,672", "Total Debt": "13,782,448", "Net Debt": "8,069,687", "Share Issued": "304,437", "Ordinary Shares Number": "298,329", "Treasury Shares Number": "6,108"}, "12/31/2018": {"Duration": "12/31/2018", "Total Assets": "26,242,268", "Total Liabilities Net Minority Interest": "13,340,310", "Total Equity Gross Minority Interest": "12,901,958", "Total Capitalization": "16,803,926", "Common Stock Equity": "11,758,411", "Capital Lease Obligations": "-", "Net Tangible Assets": "-1,132,526", "Working Capital": "1,578,604", "Invested Capital": "19,304,639", "Tangible Book Value": "-1,132,526", "Total Debt": "7,546,228", "Net Debt": "5,400,596", "Share Issued": "307,879", "Ordinary Shares Number": "306,879", "Treasury Shares Number": "999.951"}}, "cf": {"TTM": {"Duration": "TTM", "Operating Cash Flow": "4,233,156", "Investing Cash Flow": "-1,334,942", "Financing Cash Flow": "-2,664,027", "End Cash Position": "1,081,539", "Capital Expenditure": "-1,051,983", "Issuance of Debt": "2,915,732", "Repayment of Debt": "-4,181,723", "Repurchase of Capital Stock": "-365,988", "Free Cash Flow": "3,181,173"}, "12/31/2020": {"Duration": "12/31/2020", "Operating Cash Flow": "4,233,156", "Investing Cash Flow": "-1,334,942", "Financing Cash Flow": "-2,664,027", "End Cash Position": "1,081,539", "Capital Expenditure": "-1,051,983", "Issuance of Debt": "2,915,732", "Repayment of Debt": "-4,181,723", "Repurchase of Capital Stock": "-365,988", "Free Cash Flow": "3,181,173"}, "12/31/2019": {"Duration": "12/31/2019", "Operating Cash Flow": "2,566,951", "Investing Cash Flow": "-3,285,987", "Financing Cash Flow": "-466,633", "End Cash Position": "1,007,723", "Capital Expenditure": "-1,124,791", "Issuance of Debt": "4,479,414", "Repayment of Debt": "-4,160,866", "Repurchase of Capital Stock": "-599,796", "Free Cash Flow": "1,442,160"}, "12/31/2018": {"Duration": "12/31/2018", "Operating Cash Flow": "2,061,911", "Investing Cash Flow": "-245,039", "Financing Cash Flow": "-681,736", "End Cash Position": "2,145,632", "Capital Expenditure": "-1,057,276", "Issuance of Debt": "1,480,668", "Repayment of Debt": "-1,319,740", "Repurchase of Capital Stock": "-37,221", "Free Cash Flow": "1,004,635"}}}}, {"ACHC": {"quote": {"04/25/2021": {"value": "62.19", "Market Cap": "5.593B", "Beta (5Y Monthly)": "1.56", "PE Ratio (TTM)": "N/A", "EPS (TTM)": "-7.59", "Earnings Date": "Apr 29, 2021", "Forward Dividend & Yield": "N/A (N/A)", "Ex-Dividend Date": "N/A", "1y Target Est": "62.82"}}, "fin": {"TTM": {"Duration": "TTM", "Total Revenue": "2,089,929", "Cost of Revenue": "87,241", "Gross Profit": "2,002,688", "Operating Expense": "1,669,901", "Operating Income": "332,787", "Net Non Operating Interest Income Expense": "-158,105", "Other Income Expense": "9,115", "Pretax Income": "183,797", "Tax Provision": "40,606", "Net Income Common Stockholders": "-672,132", "Diluted NI Available to Com Stockholders": "-672,132", "Basic EPS": "-", "Diluted EPS": "-", "Basic Average Shares": "-", "Diluted Average Shares": "-", "Rent Expense Supplemental": "37,362", "Total Expenses": "1,757,142", "Net Income from Continuing & Discontinued Operation": "-672,132", "Normalized Income": "158,723", "Interest Expense": "158,105", "Net Interest Income": "-158,105", "EBIT": "341,902", "EBITDA": "437,158", "Reconciled Cost of Revenue": "87,241", "Reconciled Depreciation": "95,256", "Net Income from Continuing Operation Net Minority Interest": "140,258", "Total Unusual Items Excluding Goodwill": "-23,704", "Total Unusual Items": "-23,704", "Normalized EBITDA": "460,862", "Tax Rate for Calcs": "0", "Tax Effect of Unusual Items": "-5,239"}, "12/31/2020": {"Duration": "12/31/2020", "Total Revenue": "2,089,929", "Cost of Revenue": "87,241", "Gross Profit": "2,002,688", "Operating Expense": "1,669,901", "Operating Income": "332,787", "Net Non Operating Interest Income Expense": "-158,105", "Other Income Expense": "9,115", "Pretax Income": "183,797", "Tax Provision": "40,606", "Net Income Common Stockholders": "-672,132", "Diluted NI Available to Com Stockholders": "-672,132", "Basic EPS": "-", "Diluted EPS": "-", "Basic Average Shares": "-", "Diluted Average Shares": "-", "Rent Expense Supplemental": "37,362", "Total Expenses": "1,757,142", "Net Income from Continuing & Discontinued Operation": "-672,132", "Normalized Income": "158,723", "Interest Expense": "158,105", "Net Interest Income": "-158,105", "EBIT": "341,902", "EBITDA": "-", "Reconciled Cost of Revenue": "87,241", "Reconciled Depreciation": "95,256", "Net Income from Continuing Operation Net Minority Interest": "140,258", "Total Unusual Items Excluding Goodwill": "-23,704", "Total Unusual Items": "-23,704", "Normalized EBITDA": "460,862", "Tax Rate for Calcs": "0", "Tax Effect of Unusual Items": "-5,239"}, "12/31/2019": {"Duration": "12/31/2019", "Total Revenue": "3,107,462", "Cost of Revenue": "123,061", "Gross Profit": "2,984,401", "Operating Expense": "2,579,869", "Operating Income": "404,532", "Net Non Operating Interest Income Expense": "-187,094", "Other Income Expense": "-81,450", "Pretax Income": "135,988", "Tax Provision": "25,866", "Net Income Common Stockholders": "108,923", "Diluted NI Available to Com Stockholders": "108,923", "Basic EPS": "1.24", "Diluted EPS": "1.24", "Basic Average Shares": "87,612", "Diluted Average Shares": "87,816", "Rent Expense Supplemental": "82,229", "Total Expenses": "2,702,930", "Net Income from Continuing & Discontinued Operation": "108,923", "Normalized Income": "174,898", "Interest Expense": "187,094", "Net Interest Income": "-187,094", "EBIT": "323,082", "EBITDA": "-", "Reconciled Cost of Revenue": "123,061", "Reconciled Depreciation": "164,044", "Net Income from Continuing Operation Net Minority Interest": "108,923", "Total Unusual Items Excluding Goodwill": "-81,450", "Total Unusual Items": "-81,450", "Normalized EBITDA": "568,576", "Tax Rate for Calcs": "0", "Tax Effect of Unusual Items": "-15,475"}, "12/31/2018": {"Duration": "12/31/2018", "Total Revenue": "3,012,442", "Cost of Revenue": "119,314", "Gross Profit": "2,893,128", "Operating Expense": "2,480,385", "Operating Income": "412,743", "Net Non Operating Interest Income Expense": "-185,410", "Other Income Expense": "-396,287", "Pretax Income": "-168,954", "Tax Provision": "6,532", "Net Income Common Stockholders": "-175,750", "Diluted NI Available to Com Stockholders": "-175,750", "Basic EPS": "-2.01", "Diluted EPS": "-2.01", "Basic Average Shares": "87,288", "Diluted Average Shares": "87,288", "Rent Expense Supplemental": "80,282", "Total Expenses": "2,599,699", "Net Income from Continuing & Discontinued Operation": "-175,750", "Normalized Income": "113,540", "Interest Expense": "185,410", "Net Interest Income": "-185,410", "EBIT": "16,456", "EBITDA": "-", "Reconciled Cost of Revenue": "119,314", "Reconciled Depreciation": "158,832", "Net Income from Continuing Operation Net Minority Interest": "-175,750", "Total Unusual Items Excluding Goodwill": "-396,287", "Total Unusual Items": "-396,287", "Normalized EBITDA": "571,575", "Tax Rate for Calcs": "0", "Tax Effect of Unusual Items": "-106,997"}}, "bs": {"12/31/2020": {"Duration": "12/31/2020", "Total Assets": "6,499,362", "Total Liabilities Net Minority Interest": "4,599,906", "Total Equity Gross Minority Interest": "1,899,456", "Total Capitalization": "4,868,404", "Common Stock Equity": "1,899,456", "Capital Lease Obligations": "135,133", "Net Tangible Assets": "-274,343", "Working Capital": "1,215,210", "Invested Capital": "5,021,882", "Tangible Book Value": "-274,343", "Total Debt": "3,257,559", "Net Debt": "2,743,729", "Share Issued": "88,024", "Ordinary Shares Number": "88,024"}, "12/31/2019": {"Duration": "12/31/2019", "Total Assets": "6,879,142", "Total Liabilities Net Minority Interest": "4,373,761", "Total Equity Gross Minority Interest": "2,505,381", "Total Capitalization": "5,610,801", "Common Stock Equity": "2,505,381", "Capital Lease Obligations": "538,211", "Net Tangible Assets": "-34,107", "Working Capital": "78,635", "Invested Capital": "5,654,480", "Tangible Book Value": "-34,107", "Total Debt": "3,687,310", "Net Debt": "3,024,907", "Share Issued": "87,716", "Ordinary Shares Number": "87,716"}, "12/31/2018": {"Duration": "12/31/2018", "Total Assets": "6,172,504", "Total Liabilities Net Minority Interest": "3,839,197", "Total Equity Gross Minority Interest": "2,333,307", "Total Capitalization": "5,492,682", "Common Stock Equity": "2,333,307", "Capital Lease Obligations": "-", "Net Tangible Assets": "-152,095", "Working Capital": "34,040", "Invested Capital": "5,526,794", "Tangible Book Value": "-152,095", "Total Debt": "3,193,487", "Net Debt": "3,142,977", "Share Issued": "87,444", "Ordinary Shares Number": "87,444"}}, "cf": {"TTM": {"Duration": "TTM", "Operating Cash Flow": "658,807", "Investing Cash Flow": "-281,839", "Financing Cash Flow": "-51,499", "End Cash Position": "378,697", "Income Tax Paid Supplemental Data": "-", "Interest Paid Supplemental Data": "137,578", "Capital Expenditure": "-216,615", "Issuance of Capital Stock": "184", "Issuance of Debt": "1,025,000", "Repayment of Debt": "-1,051,076", "Repurchase of Capital Stock": "-", "Free Cash Flow": "442,192"}, "12/31/2020": {"Duration": "12/31/2020", "Operating Cash Flow": "658,807", "Investing Cash Flow": "-281,839", "Financing Cash Flow": "-51,499", "End Cash Position": "378,697", "Income Tax Paid Supplemental Data": "-", "Interest Paid Supplemental Data": "137,578", "Capital Expenditure": "-216,615", "Issuance of Capital Stock": "184", "Issuance of Debt": "1,025,000", "Repayment of Debt": "-1,051,076", "Repurchase of Capital Stock": "-", "Free Cash Flow": "442,192"}, "12/31/2019": {"Duration": "12/31/2019", "Operating Cash Flow": "332,904", "Investing Cash Flow": "-201,141", "Financing Cash Flow": "-61,627", "End Cash Position": "124,192", "Income Tax Paid Supplemental Data": "35,463", "Interest Paid Supplemental Data": "173,239", "Capital Expenditure": "-284,682", "Issuance of Capital Stock": "-", "Issuance of Debt": "76,573", "Repayment of Debt": "-129,557", "Repurchase of Capital Stock": "-1,649", "Free Cash Flow": "48,222"}, "12/31/2018": {"Duration": "12/31/2018", "Operating Cash Flow": "414,080", "Investing Cash Flow": "-360,964", "Financing Cash Flow": "-67,330", "End Cash Position": "50,510", "Income Tax Paid Supplemental Data": "6,720", "Interest Paid Supplemental Data": "175,204", "Capital Expenditure": "-341,462", "Issuance of Capital Stock": "0", "Issuance of Debt": "0", "Repayment of Debt": "-61,658", "Repurchase of Capital Stock": "-3,407", "Free Cash Flow": "72,618"}}}}, {"AAC": {"quote": {"04/25/2021": {"value": "9.81", "Market Cap": "1.225B", "Beta (5Y Monthly)": "N/A", "PE Ratio (TTM)": "N/A", "EPS (TTM)": "N/A", "Earnings Date": "N/A", "Forward Dividend & Yield": "N/A (N/A)", "Ex-Dividend Date": "N/A", "1y Target Est": "N/A"}}, "fin": {}, "bs": {}, "cf": {}}}, {"PAHC": {"quote": {"04/25/2021": {"value": "24.59", "Market Cap": "1.026B", "Beta (5Y Monthly)": "0.56", "PE Ratio (TTM)": "22.56", "EPS (TTM)": "1.09", "Earnings Date": "May 06, 2021", "Forward Dividend & Yield": "0.48 (1.95%)", "Ex-Dividend Date": "Mar 02, 2021", "1y Target Est": "20.00"}}, "fin": {"TTM": {"Duration": "TTM", "Total Revenue": "797,965", "Cost of Revenue": "535,466", "Gross Profit": "262,499", "Operating Expense": "187,483", "Operating Income": "75,016", "Net Non Operating Interest Income Expense": "-12,094", "Other Income Expense": "4,684", "Pretax Income": "67,606", "Tax Provision": "23,360", "Net Income Common Stockholders": "44,246", "Diluted NI Available to Com Stockholders": "44,246", "Basic EPS": "-", "Diluted EPS": "-", "Basic Average Shares": "-", "Diluted Average Shares": "-", "Total Operating Income as Reported": "75,016", "Total Expenses": "722,949", "Net Income from Continuing & Discontinued Operation": "44,246", "Normalized Income": "41,180", "Interest Income": "1,334", "Interest Expense": "12,547", "Net Interest Income": "-12,094", "EBIT": "80,153", "EBITDA": "112,689", "Reconciled Cost of Revenue": "535,466", "Reconciled Depreciation": "32,536", "Net Income from Continuing Operation Net Minority Interest": "44,246", "Total Unusual Items Excluding Goodwill": "4,684", "Total Unusual Items": "4,684", "Normalized EBITDA": "108,005", "Tax Rate for Calcs": "0", "Tax Effect of Unusual Items": "1,618"}, "6/30/2020": {"Duration": "6/30/2020", "Total Revenue": "800,354", "Cost of Revenue": "543,472", "Gross Profit": "256,882", "Operating Expense": "187,688", "Operating Income": "69,194", "Net Non Operating Interest Income Expense": "-12,856", "Other Income Expense": "-826", "Pretax Income": "55,512", "Tax Provision": "21,960", "Net Income Common Stockholders": "33,552", "Diluted NI Available to Com Stockholders": "33,552", "Basic EPS": "0.83", "Diluted EPS": "0.83", "Basic Average Shares": "40,500", "Diluted Average Shares": "40,500", "Total Operating Income as Reported": "69,194", "Total Expenses": "731,160", "Net Income from Continuing & Discontinued Operation": "33,552", "Normalized Income": "34,051", "Interest Income": "1,757", "Interest Expense": "13,731", "Net Interest Income": "-12,856", "EBIT": "69,243", "EBITDA": "-", "Reconciled Cost of Revenue": "543,472", "Reconciled Depreciation": "32,341", "Net Income from Continuing Operation Net Minority Interest": "33,552", "Total Unusual Items Excluding Goodwill": "-826", "Total Unusual Items": "-826", "Normalized EBITDA": "102,410", "Tax Rate for Calcs": "0", "Tax Effect of Unusual Items": "-327.096"}, "6/30/2019": {"Duration": "6/30/2019", "Total Revenue": "827,995", "Cost of Revenue": "563,371", "Gross Profit": "264,624", "Operating Expense": "181,398", "Operating Income": "83,226", "Net Non Operating Interest Income Expense": "-11,776", "Other Income Expense": "55", "Pretax Income": "71,505", "Tax Provision": "16,792", "Net Income Common Stockholders": "54,713", "Diluted NI Available to Com Stockholders": "54,713", "Basic EPS": "1.35", "Diluted EPS": "1.35", "Basic Average Shares": "40,400", "Diluted Average Shares": "40,500", "Total Operating Income as Reported": "83,226", "Total Expenses": "744,769", "Net Income from Continuing & Discontinued Operation": "54,713", "Normalized Income": "54,671", "Interest Income": "1,901", "Interest Expense": "13,677", "Net Interest Income": "-11,776", "EBIT": "85,182", "EBITDA": "-", "Reconciled Cost of Revenue": "563,371", "Reconciled Depreciation": "27,564", "Net Income from Continuing Operation Net Minority Interest": "54,713", "Total Unusual Items Excluding Goodwill": "55", "Total Unusual Items": "55", "Normalized EBITDA": "112,691", "Tax Rate for Calcs": "0", "Tax Effect of Unusual Items": "12.925"}, "6/30/2018": {"Duration": "6/30/2018", "Total Revenue": "819,982", "Cost of Revenue": "553,103", "Gross Profit": "266,879", "Operating Expense": "167,953", "Operating Income": "98,926", "Net Non Operating Interest Income Expense": "-11,910", "Other Income Expense": "1,054", "Pretax Income": "88,070", "Tax Provision": "23,187", "Net Income Common Stockholders": "64,883", "Diluted NI Available to Com Stockholders": "64,883", "Basic EPS": "1.61", "Diluted EPS": "1.61", "Basic Average Shares": "40,200", "Diluted Average Shares": "40,400", "Total Operating Income as Reported": "98,926", "Total Expenses": "721,056", "Net Income from Continuing & Discontinued Operation": "64,883", "Normalized Income": "64,106", "Interest Income": "1,693", "Interest Expense": "13,603", "Net Interest Income": "-11,910", "EBIT": "101,673", "EBITDA": "-", "Reconciled Cost of Revenue": "553,103", "Reconciled Depreciation": "26,943", "Net Income from Continuing Operation Net Minority Interest": "64,883", "Total Unusual Items Excluding Goodwill": "1,054", "Total Unusual Items": "1,054", "Normalized EBITDA": "127,562", "Tax Rate for Calcs": "0", "Tax Effect of Unusual Items": "277.202"}}, "bs": {"6/30/2020": {"Duration": "6/30/2020", "Total Assets": "784,100", "Total Liabilities Net Minority Interest": "595,896", "Total Equity Gross Minority Interest": "188,204", "Total Capitalization": "556,461", "Common Stock Equity": "188,204", "Capital Lease Obligations": "23,715", "Net Tangible Assets": "64,528", "Working Capital": "294,599", "Invested Capital": "575,211", "Tangible Book Value": "64,528", "Total Debt": "410,722", "Net Debt": "350,664", "Share Issued": "40,454", "Ordinary Shares Number": "40,454"}, "6/30/2019": {"Duration": "6/30/2019", "Total Assets": "726,671", "Total Liabilities Net Minority Interest": "510,656", "Total Equity Gross Minority Interest": "216,015", "Total Capitalization": "529,650", "Common Stock Equity": "216,015", "Capital Lease Obligations": "-", "Net Tangible Assets": "141,189", "Working Capital": "311,935", "Invested Capital": "542,190", "Tangible Book Value": "141,189", "Total Debt": "326,175", "Net Debt": "268,602", "Share Issued": "40,454", "Ordinary Shares Number": "40,454"}, "6/30/2018": {"Duration": "6/30/2018", "Total Assets": "671,679", "Total Liabilities Net Minority Interest": "486,725", "Total Equity Gross Minority Interest": "184,954", "Total Capitalization": "484,756", "Common Stock Equity": "184,954", "Capital Lease Obligations": "-", "Net Tangible Assets": "105,628", "Working Capital": "272,240", "Invested Capital": "497,335", "Tangible Book Value": "105,628", "Total Debt": "312,381", "Net Debt": "283,213", "Share Issued": "40,358", "Ordinary Shares Number": "40,358"}}, "cf": {"TTM": {"Duration": "TTM", "Operating Cash Flow": "59,438", "Investing Cash Flow": "-44,940", "Financing Cash Flow": "-6,078", "End Cash Position": "34,600", "Income Tax Paid Supplemental Data": "-", "Interest Paid Supplemental Data": "-", "Capital Expenditure": "-32,668", "Issuance of Capital Stock": "793", "Issuance of Debt": "164,000", "Repayment of Debt": "-150,660", "Free Cash Flow": "26,770"}, "6/30/2020": {"Duration": "6/30/2020", "Operating Cash Flow": "59,348", "Investing Cash Flow": "-120,390", "Financing Cash Flow": "40,936", "End Cash Position": "36,343", "Income Tax Paid Supplemental Data": "20,866", "Interest Paid Supplemental Data": "11,577", "Capital Expenditure": "-34,045", "Issuance of Capital Stock": "0", "Issuance of Debt": "243,000", "Repayment of Debt": "-182,646", "Free Cash Flow": "25,303"}, "6/30/2019": {"Duration": "6/30/2019", "Operating Cash Flow": "47,169", "Investing Cash Flow": "-14,133", "Financing Cash Flow": "-4,107", "End Cash Position": "57,573", "Income Tax Paid Supplemental Data": "16,215", "Interest Paid Supplemental Data": "12,250", "Capital Expenditure": "-29,891", "Issuance of Capital Stock": "1,134", "Issuance of Debt": "216,775", "Repayment of Debt": "-203,424", "Free Cash Flow": "17,278"}, "6/30/2018": {"Duration": "6/30/2018", "Operating Cash Flow": "70,008", "Investing Cash Flow": "-84,612", "Financing Cash Flow": "-11,775", "End Cash Position": "29,168", "Income Tax Paid Supplemental Data": "15,191", "Interest Paid Supplemental Data": "11,208", "Capital Expenditure": "-18,548", "Issuance of Capital Stock": "5,699", "Issuance of Debt": "225,000", "Repayment of Debt": "-226,401", "Free Cash Flow": "51,460"}}}}, {"AMS": {"quote": {"04/25/2021": {"value": "2.4200", "Market Cap": "14.347M", "Beta (5Y Monthly)": "1.16", "PE Ratio (TTM)": "N/A", "EPS (TTM)": "-1.1420", "Earnings Date": "Apr 06, 2021", "Forward Dividend & Yield": "N/A (N/A)", "Ex-Dividend Date": "Jun 28, 2007", "1y Target Est": "N/A"}}, "fin": {"TTM": {"Duration": "TTM", "Total Revenue": "17,837", "Cost of Revenue": "13,371", "Gross Profit": "4,466", "Operating Expense": "4,608", "Operating Income": "-142", "Net Non Operating Interest Income Expense": "-1,047", "Other Income Expense": "-8,264", "Pretax Income": "-9,453", "Tax Provision": "-1,737", "Net Income Common Stockholders": "-7,058", "Diluted NI Available to Com Stockholders": "-7,058", "Basic EPS": "-", "Diluted EPS": "-", "Basic Average Shares": "-", "Diluted Average Shares": "-", "Total Operating Income as Reported": "-9,463", "Total Expenses": "17,979", "Net Income from Continuing & Discontinued Operation": "-7,058", "Normalized Income": "-312.5198", "Interest Income": "10", "Interest Expense": "1,057", "Net Interest Income": "-1,047", "EBIT": "-8,396", "EBITDA": "-1,426", "Reconciled Cost of Revenue": "13,371", "Reconciled Depreciation": "6,970", "Net Income from Continuing Operation Net Minority Interest": "-7,058", "Total Unusual Items Excluding Goodwill": "-8,264", "Total Unusual Items": "-8,264", "Normalized EBITDA": "6,838", "Tax Rate for Calcs": "0", "Tax Effect of Unusual Items": "-1,519"}, "12/31/2020": {"Duration": "12/31/2020", "Total Revenue": "17,837", "Cost of Revenue": "13,371", "Gross Profit": "4,466", "Operating Expense": "4,608", "Operating Income": "-142", "Net Non Operating Interest Income Expense": "-1,047", "Other Income Expense": "-8,264", "Pretax Income": "-9,453", "Tax Provision": "-1,737", "Net Income Common Stockholders": "-7,058", "Diluted NI Available to Com Stockholders": "-7,058", "Basic EPS": "-1.14", "Diluted EPS": "-1.14", "Basic Average Shares": "6,182", "Diluted Average Shares": "6,182", "Total Operating Income as Reported": "-9,463", "Total Expenses": "17,979", "Net Income from Continuing & Discontinued Operation": "-7,058", "Normalized Income": "-312.5198", "Interest Income": "10", "Interest Expense": "1,057", "Net Interest Income": "-1,047", "EBIT": "-8,396", "EBITDA": "-", "Reconciled Cost of Revenue": "13,371", "Reconciled Depreciation": "6,970", "Net Income from Continuing Operation Net Minority Interest": "-7,058", "Total Unusual Items Excluding Goodwill": "-8,264", "Total Unusual Items": "-8,264", "Normalized EBITDA": "6,838", "Tax Rate for Calcs": "0", "Tax Effect of Unusual Items": "-1,519"}, "12/31/2019": {"Duration": "12/31/2019", "Total Revenue": "20,605", "Cost of Revenue": "13,685", "Gross Profit": "6,920", "Operating Expense": "4,060", "Operating Income": "2,860", "Net Non Operating Interest Income Expense": "-1,302", "Other Income Expense": "16", "Pretax Income": "1,558", "Tax Provision": "128", "Net Income Common Stockholders": "659", "Diluted NI Available to Com Stockholders": "659", "Basic EPS": "0.11", "Diluted EPS": "0.11", "Basic Average Shares": "5,919", "Diluted Average Shares": "5,930", "Total Operating Income as Reported": "1,542", "Total Expenses": "17,745", "Net Income from Continuing & Discontinued Operation": "659", "Normalized Income": "659", "Interest Income": "16", "Interest Expense": "1,318", "Net Interest Income": "-1,302", "EBIT": "2,876", "EBITDA": "-", "Reconciled Cost of Revenue": "13,685", "Reconciled Depreciation": "7,411", "Net Income from Continuing Operation Net Minority Interest": "659", "Total Unusual Items Excluding Goodwill": "0", "Total Unusual Items": "0", "Normalized EBITDA": "10,287", "Tax Rate for Calcs": "0", "Tax Effect of Unusual Items": "0"}, "12/31/2018": {"Duration": "12/31/2018", "Total Revenue": "19,714", "Cost of Revenue": "12,228", "Gross Profit": "7,486", "Operating Expense": "3,994", "Operating Income": "3,492", "Net Non Operating Interest Income Expense": "-1,433", "Other Income Expense": "22", "Pretax Income": "2,081", "Tax Provision": "451", "Net Income Common Stockholders": "1,023", "Diluted NI Available to Com Stockholders": "1,023", "Basic EPS": "0.18", "Diluted EPS": "0.17", "Basic Average Shares": "5,683", "Diluted Average Shares": "6,018", "Total Operating Income as Reported": "1,861", "Total Expenses": "16,222", "Net Income from Continuing & Discontinued Operation": "1,023", "Normalized Income": "1,023", "Interest Income": "198", "Interest Expense": "1,631", "Net Interest Income": "-1,433", "EBIT": "3,712", "EBITDA": "-", "Reconciled Cost of Revenue": "12,228", "Reconciled Depreciation": "6,818", "Net Income from Continuing Operation Net Minority Interest": "1,023", "Total Unusual Items Excluding Goodwill": "0", "Total Unusual Items": "0", "Normalized EBITDA": "10,530", "Tax Rate for Calcs": "0", "Tax Effect of Unusual Items": "0"}}, "bs": {"12/31/2020": {"Duration": "12/31/2020", "Total Assets": "43,653", "Total Liabilities Net Minority Interest": "20,003", "Total Equity Gross Minority Interest": "23,650", "Total Capitalization": "22,714", "Common Stock Equity": "19,274", "Capital Lease Obligations": "9,805", "Net Tangible Assets": "17,931", "Working Capital": "-1,530", "Invested Capital": "23,871", "Tangible Book Value": "17,931", "Total Debt": "14,402", "Net Debt": "636", "Share Issued": "5,791", "Ordinary Shares Number": "5,791"}, "12/31/2019": {"Duration": "12/31/2019", "Total Assets": "53,783", "Total Liabilities Net Minority Interest": "21,972", "Total Equity Gross Minority Interest": "31,811", "Total Capitalization": "27,987", "Common Stock Equity": "26,033", "Capital Lease Obligations": "12,992", "Net Tangible Assets": "26,033", "Working Capital": "2,528", "Invested Capital": "29,988", "Tangible Book Value": "26,033", "Total Debt": "16,947", "Net Debt": "2,526", "Share Issued": "5,817", "Ordinary Shares Number": "5,817"}, "12/31/2018": {"Duration": "12/31/2018", "Total Assets": "57,502", "Total Liabilities Net Minority Interest": "26,454", "Total Equity Gross Minority Interest": "31,048", "Total Capitalization": "28,434", "Common Stock Equity": "25,102", "Capital Lease Obligations": "14,715", "Net Tangible Assets": "25,102", "Working Capital": "472", "Invested Capital": "30,553", "Tangible Book Value": "25,102", "Total Debt": "20,166", "Net Debt": "4,009", "Share Issued": "5,714", "Ordinary Shares Number": "5,714"}}, "cf": {"TTM": {"Duration": "TTM", "Operating Cash Flow": "9,745", "Investing Cash Flow": "-2,389", "Financing Cash Flow": "-4,810", "End Cash Position": "4,325", "Income Tax Paid Supplemental Data": "339", "Interest Paid Supplemental Data": "938", "Capital Expenditure": "-455", "Issuance of Debt": "-", "Repayment of Debt": "-5,444", "Free Cash Flow": "9,290"}, "12/31/2020": {"Duration": "12/31/2020", "Operating Cash Flow": "9,745", "Investing Cash Flow": "-2,389", "Financing Cash Flow": "-4,810", "End Cash Position": "4,325", "Income Tax Paid Supplemental Data": "339", "Interest Paid Supplemental Data": "938", "Capital Expenditure": "-455", "Issuance of Debt": "-", "Repayment of Debt": "-5,444", "Free Cash Flow": "9,290"}, "12/31/2019": {"Duration": "12/31/2019", "Operating Cash Flow": "8,047", "Investing Cash Flow": "-990", "Financing Cash Flow": "-7,070", "End Cash Position": "1,779", "Income Tax Paid Supplemental Data": "397", "Interest Paid Supplemental Data": "1,318", "Capital Expenditure": "-990", "Issuance of Debt": "-", "Repayment of Debt": "-6,173", "Free Cash Flow": "7,057"}, "12/31/2018": {"Duration": "12/31/2018", "Operating Cash Flow": "8,062", "Investing Cash Flow": "-1,526", "Financing Cash Flow": "-7,246", "End Cash Position": "1,792", "Income Tax Paid Supplemental Data": "459", "Interest Paid Supplemental Data": "1,727", "Capital Expenditure": "-1,577", "Issuance of Debt": "0", "Repayment of Debt": "-6,556", "Free Cash Flow": "6,485"}}}}, {"AMEH": {"quote": {"04/25/2021": {"value": "27.50", "Market Cap": "1.187B", "Beta (5Y Monthly)": "0.48", "PE Ratio (TTM)": "27.23", "EPS (TTM)": "1.01", "Earnings Date": "Mar 10, 2021", "Forward Dividend & Yield": "N/A (N/A)", "Ex-Dividend Date": "N/A", "1y Target Est": "32.00"}}, "fin": {"TTM": {"Duration": "TTM", "Total Revenue": "682,226", "Cost of Revenue": "539,211", "Gross Profit": "143,015", "Operating Expense": "62,512", "Operating Income": "80,503", "Net Non Operating Interest Income Expense": "-6,686", "Other Income Expense": "104,610", "Pretax Income": "178,427", "Tax Provision": "56,107", "Net Income Common Stockholders": "37,866", "Diluted NI Available to Com Stockholders": "37,866", "Basic EPS": "-", "Diluted EPS": "-", "Basic Average Shares": "-", "Diluted Average Shares": "-", "Total Operating Income as Reported": "80,503", "Total Expenses": "601,723", "Net Income from Continuing & Discontinued Operation": "37,866", "Normalized Income": "37,866", "Interest Income": "2,813", "Interest Expense": "9,499", "Net Interest Income": "-6,686", "EBIT": "187,926", "EBITDA": "206,276", "Reconciled Cost of Revenue": "539,211", "Reconciled Depreciation": "18,350", "Net Income from Continuing Operation Net Minority Interest": "37,866", "Total Unusual Items Excluding Goodwill": "0", "Total Unusual Items": "0", "Normalized EBITDA": "206,276", "Tax Rate for Calcs": "0", "Tax Effect of Unusual Items": "0"}, "12/31/2020": {"Duration": "12/31/2020", "Total Revenue": "682,226", "Cost of Revenue": "539,211", "Gross Profit": "143,015", "Operating Expense": "62,512", "Operating Income": "80,503", "Net Non Operating Interest Income Expense": "-6,686", "Other Income Expense": "104,610", "Pretax Income": "178,427", "Tax Provision": "56,107", "Net Income Common Stockholders": "37,866", "Diluted NI Available to Com Stockholders": "37,866", "Basic EPS": "-", "Diluted EPS": "-", "Basic Average Shares": "-", "Diluted Average Shares": "-", "Total Operating Income as Reported": "80,503", "Total Expenses": "601,723", "Net Income from Continuing & Discontinued Operation": "37,866", "Normalized Income": "37,866", "Interest Income": "2,813", "Interest Expense": "9,499", "Net Interest Income": "-6,686", "EBIT": "187,926", "EBITDA": "-", "Reconciled Cost of Revenue": "539,211", "Reconciled Depreciation": "18,350", "Net Income from Continuing Operation Net Minority Interest": "37,866", "Total Unusual Items Excluding Goodwill": "0", "Total Unusual Items": "0", "Normalized EBITDA": "206,276", "Tax Rate for Calcs": "0", "Tax Effect of Unusual Items": "0"}, "12/31/2019": {"Duration": "12/31/2019", "Total Revenue": "555,409", "Cost of Revenue": "467,805", "Gross Profit": "87,604", "Operating Expense": "53,190", "Operating Income": "34,414", "Net Non Operating Interest Income Expense": "-2,709", "Other Income Expense": "-5,865", "Pretax Income": "25,840", "Tax Provision": "8,167", "Net Income Common Stockholders": "14,117", "Diluted NI Available to Com Stockholders": "14,117", "Basic EPS": "0.41", "Diluted EPS": "0.39", "Basic Average Shares": "34,708", "Diluted Average Shares": "36,403", "Total Operating Income as Reported": "32,420", "Total Expenses": "520,995", "Net Income from Continuing & Discontinued Operation": "14,117", "Normalized Income": "15,480", "Interest Income": "2,024", "Interest Expense": "4,733", "Net Interest Income": "-2,709", "EBIT": "30,573", "EBITDA": "-", "Reconciled Cost of Revenue": "467,332", "Reconciled Depreciation": "18,753", "Net Income from Continuing Operation Net Minority Interest": "14,117", "Total Unusual Items Excluding Goodwill": "-1,994", "Total Unusual Items": "-1,994", "Normalized EBITDA": "51,320", "Tax Rate for Calcs": "0", "Tax Effect of Unusual Items": "-630.104"}, "12/31/2018": {"Duration": "12/31/2018", "Total Revenue": "514,682", "Cost of Revenue": "361,132", "Gross Profit": "153,550", "Operating Expense": "61,319", "Operating Income": "92,231", "Net Non Operating Interest Income Expense": "698.123", "Other Income Expense": "-10,302", "Pretax Income": "82,627", "Tax Provision": "22,360", "Net Income Common Stockholders": "10,835", "Diluted NI Available to Com Stockholders": "10,835", "Basic EPS": "0.33", "Diluted EPS": "0.29", "Basic Average Shares": "32,894", "Diluted Average Shares": "37,915", "Total Operating Income as Reported": "88,432", "Total Expenses": "422,451", "Net Income from Continuing & Discontinued Operation": "10,835", "Normalized Income": "13,604", "Interest Income": "1,259", "Interest Expense": "560.515", "Net Interest Income": "698.123", "EBIT": "83,188", "EBITDA": "-", "Reconciled Cost of Revenue": "361,132", "Reconciled Depreciation": "19,303", "Net Income from Continuing Operation Net Minority Interest": "10,835", "Total Unusual Items Excluding Goodwill": "-3,799", "Total Unusual Items": "-3,799", "Normalized EBITDA": "106,290", "Tax Rate for Calcs": "0", "Tax Effect of Unusual Items": "-1,029"}}, "bs": {"12/31/2020": {"Duration": "12/31/2020", "Total Assets": "817,486", "Total Liabilities Net Minority Interest": "372,338", "Total Equity Gross Minority Interest": "445,148", "Total Capitalization": "561,035", "Common Stock Equity": "330,824", "Capital Lease Obligations": "19,455", "Net Tangible Assets": "4,786", "Working Capital": "223,585", "Invested Capital": "571,924", "Tangible Book Value": "4,786", "Total Debt": "260,555", "Net Debt": "47,630", "Share Issued": "54,572", "Ordinary Shares Number": "42,249", "Treasury Shares Number": "12,323"}, "12/31/2019": {"Duration": "12/31/2019", "Total Assets": "728,713", "Total Liabilities Net Minority Interest": "367,654", "Total Equity Gross Minority Interest": "361,060", "Total Capitalization": "423,721", "Common Stock Equity": "191,549", "Capital Lease Obligations": "14,881", "Net Tangible Assets": "-149,968", "Working Capital": "223,645", "Invested Capital": "433,221", "Tangible Book Value": "-149,968", "Total Debt": "256,553", "Net Debt": "138,483", "Share Issued": "53,367", "Ordinary Shares Number": "35,908", "Treasury Shares Number": "17,459"}, "12/31/2018": {"Duration": "12/31/2018", "Total Assets": "512,999", "Total Liabilities Net Minority Interest": "106,338", "Total Equity Gross Minority Interest": "406,661", "Total Capitalization": "193,546", "Common Stock Equity": "180,546", "Capital Lease Obligations": "619.002", "Net Tangible Assets": "-92,136", "Working Capital": "100,843", "Invested Capital": "193,586", "Tangible Book Value": "-92,136", "Total Debt": "13,659", "Net Debt": "-", "Share Issued": "36,429", "Ordinary Shares Number": "34,578", "Treasury Shares Number": "1,851"}}, "cf": {"TTM": {"Duration": "TTM", "Operating Cash Flow": "46,163", "Investing Cash Flow": "95,493", "Financing Cash Flow": "-51,696", "End Cash Position": "193,970", "Income Tax Paid Supplemental Data": "62,002", "Interest Paid Supplemental Data": "8,510", "Capital Expenditure": "-1,164", "Issuance of Capital Stock": "0", "Issuance of Debt": "0", "Repayment of Debt": "-9,605", "Repurchase of Capital Stock": "-537", "Free Cash Flow": "44,999"}, "12/31/2020": {"Duration": "12/31/2020", "Operating Cash Flow": "46,163", "Investing Cash Flow": "95,493", "Financing Cash Flow": "-51,696", "End Cash Position": "193,970", "Income Tax Paid Supplemental Data": "62,002", "Interest Paid Supplemental Data": "8,510", "Capital Expenditure": "-1,164", "Issuance of Capital Stock": "0", "Issuance of Debt": "0", "Repayment of Debt": "-9,605", "Repurchase of Capital Stock": "-537", "Free Cash Flow": "44,999"}, "12/31/2019": {"Duration": "12/31/2019", "Operating Cash Flow": "13,673", "Investing Cash Flow": "-180,631", "Financing Cash Flow": "163,331", "End Cash Position": "104,010", "Income Tax Paid Supplemental Data": "20,200", "Interest Paid Supplemental Data": "4,258", "Capital Expenditure": "-1,042", "Issuance of Capital Stock": "754.998", "Issuance of Debt": "289,600", "Repayment of Debt": "-55,117", "Repurchase of Capital Stock": "-7,570", "Free Cash Flow": "12,632"}, "12/31/2018": {"Duration": "12/31/2018", "Operating Cash Flow": "25,496", "Investing Cash Flow": "-25,183", "Financing Cash Flow": "-11,176", "End Cash Position": "107,637", "Income Tax Paid Supplemental Data": "23,643", "Interest Paid Supplemental Data": "462.336", "Capital Expenditure": "-1,170", "Issuance of Capital Stock": "200", "Issuance of Debt": "8,000", "Repayment of Debt": "-593.869", "Repurchase of Capital Stock": "-5,048", "Free Cash Flow": "24,326"}}}}, {"CHCR": {"quote": {"04/25/2021": {"value": "0.0942", "Market Cap": "11.047M", "Beta (5Y Monthly)": "2.83", "PE Ratio (TTM)": "N/A", "EPS (TTM)": "-0.0570", "Earnings Date": "N/A", "Forward Dividend & Yield": "N/A (N/A)", "Ex-Dividend Date": "Mar 16, 1989", "1y Target Est": "N/A"}}, "fin": {"TTM": {"Duration": "TTM", "Total Revenue": "372.714", "Cost of Revenue": "167.346", "Gross Profit": "205.368", "Operating Expense": "2,563", "Operating Income": "-2,358", "Net Non Operating Interest Income Expense": "-1,862", "Other Income Expense": "3.206", "Pretax Income": "-4,216", "Tax Provision": "-", "Net Income Common Stockholders": "-4,216", "Diluted NI Available to Com Stockholders": "-4,216", "Basic EPS": "-", "Diluted EPS": "-", "Basic Average Shares": "-", "Diluted Average Shares": "-", "Total Operating Income as Reported": "-2,358", "Total Expenses": "2,731", "Net Income from Continuing & Discontinued Operation": "-4,216", "Normalized Income": "-4,210", "Interest Income": "0.076", "Interest Expense": "1,862", "Net Interest Income": "-1,862", "EBIT": "-2,355", "EBITDA": "-2,227", "Reconciled Cost of Revenue": "40.575", "Reconciled Depreciation": "127.563", "Net Income from Continuing Operation Net Minority Interest": "-4,216", "Total Unusual Items Excluding Goodwill": "-6.794", "Total Unusual Items": "-6.794", "Normalized EBITDA": "-2,220", "Tax Rate for Calcs": "0", "Tax Effect of Unusual Items": "0"}, "12/31/2019": {"Duration": "12/31/2019", "Total Revenue": "300.098", "Cost of Revenue": "145.254", "Gross Profit": "154.844", "Operating Expense": "2,093", "Operating Income": "-1,939", "Net Non Operating Interest Income Expense": "-1,423", "Other Income Expense": "105.378", "Pretax Income": "-3,256", "Tax Provision": "-", "Net Income Common Stockholders": "-3,256", "Diluted NI Available to Com Stockholders": "-3,256", "Basic EPS": "-0.05", "Diluted EPS": "-0.05", "Basic Average Shares": "69,162", "Diluted Average Shares": "69,162", "Total Operating Income as Reported": "-1,939", "Total Expenses": "2,239", "Net Income from Continuing & Discontinued Operation": "-3,256", "Normalized Income": "-3,361", "Interest Income": "6.05", "Interest Expense": "1,429", "Net Interest Income": "-1,423", "EBIT": "-1,827", "EBITDA": "-", "Reconciled Cost of Revenue": "47.564", "Reconciled Depreciation": "98.299", "Net Income from Continuing Operation Net Minority Interest": "-3,256", "Total Unusual Items Excluding Goodwill": "105.378", "Total Unusual Items": "105.378", "Normalized EBITDA": "-1,834", "Tax Rate for Calcs": "0", "Tax Effect of Unusual Items": "0"}, "12/31/2018": {"Duration": "12/31/2018", "Total Revenue": "524.172", "Cost of Revenue": "261.17", "Gross Profit": "263.002", "Operating Expense": "1,746", "Operating Income": "-1,483", "Net Non Operating Interest Income Expense": "-1,437", "Other Income Expense": "7,749", "Pretax Income": "4,830", "Tax Provision": "-", "Net Income Common Stockholders": "4,830", "Diluted NI Available to Com Stockholders": "4,830", "Basic EPS": "0.07", "Diluted EPS": "0.07", "Basic Average Shares": "65,362", "Diluted Average Shares": "65,362", "Total Operating Income as Reported": "-1,483", "Total Expenses": "2,007", "Net Income from Continuing & Discontinued Operation": "4,830", "Normalized Income": "-1,001", "Interest Income": "-", "Interest Expense": "1,437", "Net Interest Income": "-1,437", "EBIT": "6,267", "EBITDA": "-", "Reconciled Cost of Revenue": "261.17", "Reconciled Depreciation": "0.599", "Net Income from Continuing Operation Net Minority Interest": "4,830", "Total Unusual Items Excluding Goodwill": "7,987", "Total Unusual Items": "7,987", "Normalized EBITDA": "-1,720", "Tax Rate for Calcs": "0", "Tax Effect of Unusual Items": "2,156"}}, "bs": {"12/31/2019": {"Duration": "12/31/2019", "Total Assets": "1,188", "Total Liabilities Net Minority Interest": "29,590", "Total Equity Gross Minority Interest": "-28,402", "Total Capitalization": "-28,402", "Preferred Stock Equity": "0.01", "Common Stock Equity": "-28,402", "Capital Lease Obligations": "260.791", "Net Tangible Assets": "-28,402", "Working Capital": "-28,403", "Invested Capital": "-15,707", "Tangible Book Value": "-28,402", "Total Debt": "12,956", "Net Debt": "12,626", "Share Issued": "71,662", "Ordinary Shares Number": "71,662"}, "12/31/2018": {"Duration": "12/31/2018", "Total Assets": "879.221", "Total Liabilities Net Minority Interest": "26,782", "Total Equity Gross Minority Interest": "-25,903", "Total Capitalization": "-25,903", "Preferred Stock Equity": "0.01", "Common Stock Equity": "-25,903", "Capital Lease Obligations": "-", "Net Tangible Assets": "-25,903", "Working Capital": "-25,904", "Invested Capital": "-15,078", "Tangible Book Value": "-25,903", "Total Debt": "10,825", "Net Debt": "10,800", "Share Issued": "66,662", "Ordinary Shares Number": "66,662"}}, "cf": {"TTM": {"Duration": "TTM", "Operating Cash Flow": "-2,276", "Investing Cash Flow": "-5.067", "Financing Cash Flow": "3,252", "End Cash Position": "991.255", "Income Tax Paid Supplemental Data": "0", "Interest Paid Supplemental Data": "0", "Capital Expenditure": "-5.067", "Issuance of Capital Stock": "271.49", "Issuance of Debt": "3,022", "Repayment of Debt": "-42", "Free Cash Flow": "-2,281"}, "12/31/2019": {"Duration": "12/31/2019", "Operating Cash Flow": "-2,487", "Investing Cash Flow": "-1.549", "Financing Cash Flow": "2,532", "End Cash Position": "69.327", "Income Tax Paid Supplemental Data": "0", "Interest Paid Supplemental Data": "0", "Capital Expenditure": "-1.549", "Issuance of Capital Stock": "268.239", "Issuance of Debt": "2,289", "Repayment of Debt": "-25", "Free Cash Flow": "-2,488"}, "12/31/2018": {"Duration": "12/31/2018", "Operating Cash Flow": "-1,684", "Investing Cash Flow": "-", "Financing Cash Flow": "1,691", "End Cash Position": "25.036", "Income Tax Paid Supplemental Data": "0", "Interest Paid Supplemental Data": "0", "Capital Expenditure": "-", "Issuance of Capital Stock": "-", "Issuance of Debt": "1,773", "Repayment of Debt": "-81.779", "Free Cash Flow": "-1,684"}}}}, {"HLS": {"quote": {"04/25/2021": {"value": "", "Net Assets": "N/A", "Beta (5Y Monthly)": "N/A", "Yield": "N/A", "5y Average Return": "N/A", "Holdings Turnover": "N/A", "Last Dividend": "N/A", "Average for Category": "N/A", "Inception Date": "N/A"}}, "fin": {}, "bs": {}, "cf": {}}}, {"DVA": {"quote": {"04/25/2021": {"value": "113.67", "Market Cap": "12.369B", "Beta (5Y Monthly)": "1.29", "PE Ratio (TTM)": "18.01", "EPS (TTM)": "6.31", "Earnings Date": "May 03, 2021 - May 07, 2021", "Forward Dividend & Yield": "N/A (N/A)", "Ex-Dividend Date": "N/A", "1y Target Est": "121.57"}}, "fin": {"TTM": {"Duration": "TTM", "Total Revenue": "11,550,604", "Cost of Revenue": "7,988,613", "Gross Profit": "3,561,991", "Operating Expense": "1,878,019", "Operating Income": "1,683,972", "Net Non Operating Interest Income Expense": "-304,111", "Other Income Expense": "-61,599", "Pretax Income": "1,318,262", "Tax Provision": "313,932", "Net Income Common Stockholders": "773,642", "Diluted NI Available to Com Stockholders": "773,642", "Basic EPS": "-", "Diluted EPS": "-", "Basic Average Shares": "-", "Diluted Average Shares": "-", "Total Operating Income as Reported": "1,694,636", "Total Expenses": "9,866,632", "Net Income from Continuing & Discontinued Operation": "773,642", "Normalized Income": "863,514", "Interest Expense": "304,111", "Net Interest Income": "-304,111", "EBIT": "1,622,373", "EBITDA": "2,252,808", "Reconciled Cost of Revenue": "7,988,613", "Reconciled Depreciation": "630,435", "Net Income from Continuing Operation Net Minority Interest": "783,295", "Total Unusual Items Excluding Goodwill": "-105,274", "Total Unusual Items": "-105,274", "Normalized EBITDA": "2,358,082", "Tax Rate for Calcs": "0", "Tax Effect of Unusual Items": "-25,055"}, "12/31/2020": {"Duration": "12/31/2020", "Total Revenue": "11,550,604", "Cost of Revenue": "7,988,613", "Gross Profit": "3,561,991", "Operating Expense": "1,878,019", "Operating Income": "1,683,972", "Net Non Operating Interest Income Expense": "-304,111", "Other Income Expense": "-61,599", "Pretax Income": "1,318,262", "Tax Provision": "313,932", "Net Income Common Stockholders": "773,642", "Diluted NI Available to Com Stockholders": "773,642", "Basic EPS": "6.46", "Diluted EPS": "6.31", "Basic Average Shares": "119,797", "Diluted Average Shares": "122,623", "Total Operating Income as Reported": "1,694,636", "Total Expenses": "9,866,632", "Net Income from Continuing & Discontinued Operation": "773,642", "Normalized Income": "863,514", "Interest Expense": "304,111", "Net Interest Income": "-304,111", "EBIT": "1,622,373", "EBITDA": "-", "Reconciled Cost of Revenue": "7,988,613", "Reconciled Depreciation": "630,435", "Net Income from Continuing Operation Net Minority Interest": "783,295", "Total Unusual Items Excluding Goodwill": "-105,274", "Total Unusual Items": "-105,274", "Normalized EBITDA": "2,358,082", "Tax Rate for Calcs": "0", "Tax Effect of Unusual Items": "-25,055"}, "12/31/2019": {"Duration": "12/31/2019", "Total Revenue": "11,388,479", "Cost of Revenue": "7,914,485", "Gross Profit": "3,473,994", "Operating Expense": "1,718,464", "Operating Income": "1,755,530", "Net Non Operating Interest Income Expense": "-443,824", "Other Income Expense": "-116,267", "Pretax Income": "1,195,439", "Tax Provision": "279,628", "Net Income Common Stockholders": "810,981", "Diluted NI Available to Com Stockholders": "810,981", "Basic EPS": "5.29", "Diluted EPS": "5.27", "Basic Average Shares": "153,181", "Diluted Average Shares": "153,812", "Total Operating Income as Reported": "1,643,317", "Total Expenses": "9,632,949", "Net Income from Continuing & Discontinued Operation": "810,981", "Normalized Income": "826,751", "Interest Expense": "443,824", "Net Interest Income": "-443,824", "EBIT": "1,639,263", "EBITDA": "-", "Reconciled Cost of Revenue": "7,914,485", "Reconciled Depreciation": "615,152", "Net Income from Continuing Operation Net Minority Interest": "705,498", "Total Unusual Items Excluding Goodwill": "-158,294", "Total Unusual Items": "-158,294", "Normalized EBITDA": "2,412,709", "Tax Rate for Calcs": "0", "Tax Effect of Unusual Items": "-37,041"}, "12/31/2018": {"Duration": "12/31/2018", "Total Revenue": "11,404,851", "Cost of Revenue": "8,195,513", "Gross Profit": "3,209,338", "Operating Expense": "1,719,189", "Operating Income": "1,490,149", "Net Non Operating Interest Income Expense": "-487,435", "Other Income Expense": "45,764", "Pretax Income": "1,048,478", "Tax Provision": "258,400", "Net Income Common Stockholders": "159,394", "Diluted NI Available to Com Stockholders": "159,394", "Basic EPS": "0.93", "Diluted EPS": "0.92", "Basic Average Shares": "170,786", "Diluted Average Shares": "172,365", "Total Operating Income as Reported": "1,525,824", "Total Expenses": "9,914,702", "Net Income from Continuing & Discontinued Operation": "159,394", "Normalized Income": "586,152", "Interest Expense": "487,435", "Net Interest Income": "-487,435", "EBIT": "1,535,913", "EBITDA": "-", "Reconciled Cost of Revenue": "8,195,513", "Reconciled Depreciation": "591,035", "Net Income from Continuing Operation Net Minority Interest": "616,432", "Total Unusual Items Excluding Goodwill": "40,159", "Total Unusual Items": "40,159", "Normalized EBITDA": "2,086,789", "Tax Rate for Calcs": "0", "Tax Effect of Unusual Items": "9,879"}}, "bs": {"12/31/2020": {"Duration": "12/31/2020", "Total Assets": "16,988,516", "Total Liabilities Net Minority Interest": "15,421,764", "Total Equity Gross Minority Interest": "1,566,752", "Total Capitalization": "9,300,829", "Common Stock Equity": "1,383,566", "Capital Lease Obligations": "3,108,167", "Net Tangible Assets": "-5,702,128", "Working Capital": "672,581", "Invested Capital": "9,469,370", "Tangible Book Value": "-5,702,128", "Total Debt": "11,193,971", "Net Debt": "7,760,846", "Share Issued": "126,410", "Ordinary Shares Number": "109,933", "Treasury Shares Number": "16,477"}, "12/31/2019": {"Duration": "12/31/2019", "Total Assets": "17,311,394", "Total Liabilities Net Minority Interest": "14,992,152", "Total Equity Gross Minority Interest": "2,319,242", "Total Capitalization": "10,110,935", "Common Stock Equity": "2,133,409", "Capital Lease Obligations": "3,067,712", "Net Tangible Assets": "-4,789,910", "Working Capital": "1,318,072", "Invested Capital": "10,241,643", "Tangible Book Value": "-4,789,910", "Total Debt": "11,175,946", "Net Debt": "7,005,862", "Share Issued": "125,843", "Ordinary Shares Number": "125,843", "Treasury Shares Number": "41,020"}, "12/31/2018": {"Duration": "12/31/2018", "Total Assets": "19,110,252", "Total Liabilities Net Minority Interest": "15,201,854", "Total Equity Gross Minority Interest": "3,908,398", "Total Capitalization": "11,876,289", "Common Stock Equity": "3,703,442", "Capital Lease Obligations": "-", "Net Tangible Assets": "-3,257,364", "Working Capital": "3,532,998", "Invested Capital": "13,805,658", "Tangible Book Value": "-3,257,364", "Total Debt": "10,102,216", "Net Debt": "9,779,178", "Share Issued": "166,387", "Ordinary Shares Number": "166,387", "Treasury Shares Number": "-"}}, "cf": {"TTM": {"Duration": "TTM", "Operating Cash Flow": "1,979,028", "Investing Cash Flow": "-825,371", "Financing Cash Flow": "-1,846,777", "Cash Flow from Discontinued Operation": "0", "End Cash Position": "501,790", "Income Tax Paid Supplemental Data": "-", "Interest Paid Supplemental Data": "-", "Capital Expenditure": "-674,541", "Issuance of Debt": "4,046,775", "Repayment of Debt": "-4,110,304", "Repurchase of Capital Stock": "-1,459,417", "Free Cash Flow": "1,304,487"}, "12/31/2020": {"Duration": "12/31/2020", "Operating Cash Flow": "1,979,028", "Investing Cash Flow": "-825,371", "Financing Cash Flow": "-1,846,777", "Cash Flow from Discontinued Operation": "0", "End Cash Position": "501,790", "Income Tax Paid Supplemental Data": "-", "Interest Paid Supplemental Data": "-", "Capital Expenditure": "-674,541", "Issuance of Debt": "4,046,775", "Repayment of Debt": "-4,110,304", "Repurchase of Capital Stock": "-1,459,417", "Free Cash Flow": "1,304,487"}, "12/31/2019": {"Duration": "12/31/2019", "Operating Cash Flow": "2,072,355", "Investing Cash Flow": "2,995,340", "Financing Cash Flow": "-4,696,450", "Cash Flow from Discontinued Operation": "423,813", "End Cash Position": "1,208,718", "Income Tax Paid Supplemental Data": "157,983", "Interest Paid Supplemental Data": "473,176", "Capital Expenditure": "-766,546", "Issuance of Debt": "38,525,850", "Repayment of Debt": "-40,606,041", "Repurchase of Capital Stock": "-2,383,816", "Free Cash Flow": "1,305,809"}, "12/31/2018": {"Duration": "12/31/2018", "Operating Cash Flow": "1,771,640", "Investing Cash Flow": "-1,005,643", "Financing Cash Flow": "-625,354", "Cash Flow from Discontinued Operation": "-240,793", "End Cash Position": "415,420", "Income Tax Paid Supplemental Data": "92,526", "Interest Paid Supplemental Data": "488,974", "Capital Expenditure": "-987,138", "Issuance of Debt": "59,934,750", "Repayment of Debt": "-59,239,973", "Repurchase of Capital Stock": "-1,161,511", "Free Cash Flow": "784,502"}}}}, {"PFHO": {"quote": {"04/25/2021": {"value": "1.1600", "Market Cap": "14.336M", "Beta (5Y Monthly)": "0.34", "PE Ratio (TTM)": "29.00", "EPS (TTM)": "0.0400", "Earnings Date": "Mar 31, 2021", "Forward Dividend & Yield": "N/A (N/A)", "Ex-Dividend Date": "Sep 10, 2015", "1y Target Est": "N/A"}}, "fin": {"TTM": {"Duration": "TTM", "Total Revenue": "6,043", "Cost of Revenue": "-", "Gross Profit": "-", "Operating Expense": "5,222", "Operating Income": "820.271", "Net Non Operating Interest Income Expense": "-", "Pretax Income": "820.271", "Tax Provision": "270.701", "Net Income Common Stockholders": "549.57", "Diluted NI Available to Com Stockholders": "549.57", "Basic EPS": "-", "Diluted EPS": "-", "Basic Average Shares": "-", "Diluted Average Shares": "-", "Total Operating Income as Reported": "820.271", "Total Expenses": "5,222", "Net Income from Continuing & Discontinued Operation": "549.57", "Normalized Income": "549.57", "Interest Expense": "-", "Net Interest Income": "-", "EBIT": "820.271", "EBITDA": "875.699", "Reconciled Cost of Revenue": "-", "Reconciled Depreciation": "55.428", "Net Income from Continuing Operation Net Minority Interest": "549.57", "Normalized EBITDA": "875.699", "Tax Rate for Calcs": "0", "Tax Effect of Unusual Items": "0"}, "12/31/2020": {"Duration": "12/31/2020", "Total Revenue": "6,043", "Cost of Revenue": "-", "Gross Profit": "-", "Operating Expense": "5,222", "Operating Income": "820.271", "Net Non Operating Interest Income Expense": "-", "Pretax Income": "820.271", "Tax Provision": "270.701", "Net Income Common Stockholders": "549.57", "Diluted NI Available to Com Stockholders": "549.57", "Basic EPS": "-", "Diluted EPS": "-", "Basic Average Shares": "-", "Diluted Average Shares": "-", "Total Operating Income as Reported": "820.271", "Total Expenses": "5,222", "Net Income from Continuing & Discontinued Operation": "549.57", "Normalized Income": "549.57", "Interest Expense": "-", "Net Interest Income": "-", "EBIT": "820.271", "EBITDA": "-", "Reconciled Cost of Revenue": "-", "Reconciled Depreciation": "55.428", "Net Income from Continuing Operation Net Minority Interest": "549.57", "Normalized EBITDA": "875.699", "Tax Rate for Calcs": "0", "Tax Effect of Unusual Items": "0"}, "12/31/2019": {"Duration": "12/31/2019", "Total Revenue": "7,331", "Cost of Revenue": "-", "Gross Profit": "-", "Operating Expense": "5,651", "Operating Income": "1,680", "Net Non Operating Interest Income Expense": "-", "Pretax Income": "1,680", "Tax Provision": "482.075", "Net Income Common Stockholders": "1,198", "Diluted NI Available to Com Stockholders": "1,198", "Basic EPS": "0.09", "Diluted EPS": "0.09", "Basic Average Shares": "12,800", "Diluted Average Shares": "12,816", "Total Operating Income as Reported": "1,680", "Total Expenses": "5,651", "Net Income from Continuing & Discontinued Operation": "1,198", "Normalized Income": "1,198", "Interest Expense": "-", "Net Interest Income": "-", "EBIT": "1,680", "EBITDA": "-", "Reconciled Cost of Revenue": "-", "Reconciled Depreciation": "76.168", "Net Income from Continuing Operation Net Minority Interest": "1,198", "Normalized EBITDA": "1,756", "Tax Rate for Calcs": "0", "Tax Effect of Unusual Items": "0"}, "12/31/2018": {"Duration": "12/31/2018", "Total Revenue": "6,797", "Cost of Revenue": "-", "Gross Profit": "-", "Operating Expense": "4,908", "Operating Income": "1,889", "Net Non Operating Interest Income Expense": "0", "Pretax Income": "1,889", "Tax Provision": "529.63", "Net Income Common Stockholders": "1,360", "Diluted NI Available to Com Stockholders": "1,360", "Basic EPS": "0.10", "Diluted EPS": "0.10", "Basic Average Shares": "12,800", "Diluted Average Shares": "12,816", "Total Operating Income as Reported": "1,889", "Total Expenses": "4,908", "Net Income from Continuing & Discontinued Operation": "1,360", "Normalized Income": "1,360", "Interest Expense": "0", "Net Interest Income": "0", "EBIT": "1,889", "EBITDA": "-", "Reconciled Cost of Revenue": "-", "Reconciled Depreciation": "67.084", "Net Income from Continuing Operation Net Minority Interest": "1,360", "Normalized EBITDA": "1,956", "Tax Rate for Calcs": "0", "Tax Effect of Unusual Items": "0"}}, "bs": {"12/31/2020": {"Duration": "12/31/2020", "Total Assets": "11,107", "Total Liabilities Net Minority Interest": "1,278", "Total Equity Gross Minority Interest": "9,829", "Total Capitalization": "9,979", "Preferred Stock Equity": "0.016", "Common Stock Equity": "9,829", "Capital Lease Obligations": "309.282", "Net Tangible Assets": "9,829", "Working Capital": "9,605", "Invested Capital": "10,290", "Tangible Book Value": "9,829", "Total Debt": "769.982", "Share Issued": "12,800", "Ordinary Shares Number": "12,800"}, "12/31/2019": {"Duration": "12/31/2019", "Total Assets": "10,254", "Total Liabilities Net Minority Interest": "974.137", "Total Equity Gross Minority Interest": "9,280", "Total Capitalization": "9,280", "Preferred Stock Equity": "0.016", "Common Stock Equity": "9,280", "Capital Lease Obligations": "558.945", "Net Tangible Assets": "9,280", "Working Capital": "8,862", "Invested Capital": "9,280", "Tangible Book Value": "9,280", "Total Debt": "558.945", "Share Issued": "12,800", "Ordinary Shares Number": "12,800"}, "12/31/2018": {"Duration": "12/31/2018", "Total Assets": "8,506", "Total Liabilities Net Minority Interest": "423.987", "Total Equity Gross Minority Interest": "8,082", "Total Capitalization": "8,082", "Preferred Stock Equity": "0.004", "Common Stock Equity": "8,082", "Capital Lease Obligations": "-", "Net Tangible Assets": "8,082", "Working Capital": "7,913", "Invested Capital": "8,082", "Tangible Book Value": "8,082", "Total Debt": "3.146", "Share Issued": "12,800", "Ordinary Shares Number": "12,800"}}, "cf": {"TTM": {"Duration": "TTM", "Operating Cash Flow": "987.441", "Investing Cash Flow": "-53.848", "Financing Cash Flow": "460.7", "End Cash Position": "9,498", "Income Tax Paid Supplemental Data": "8", "Interest Paid Supplemental Data": "0", "Capital Expenditure": "-53.848", "Issuance of Capital Stock": "-", "Issuance of Debt": "460.7", "Free Cash Flow": "933.593"}, "12/31/2020": {"Duration": "12/31/2020", "Operating Cash Flow": "987.441", "Investing Cash Flow": "-53.848", "Financing Cash Flow": "460.7", "End Cash Position": "9,498", "Income Tax Paid Supplemental Data": "8", "Interest Paid Supplemental Data": "0", "Capital Expenditure": "-53.848", "Issuance of Capital Stock": "-", "Issuance of Debt": "460.7", "Free Cash Flow": "933.593"}, "12/31/2019": {"Duration": "12/31/2019", "Operating Cash Flow": "1,091", "Investing Cash Flow": "-59.168", "Financing Cash Flow": "0", "End Cash Position": "8,104", "Income Tax Paid Supplemental Data": "526.211", "Interest Paid Supplemental Data": "0", "Capital Expenditure": "-59.168", "Issuance of Capital Stock": "-", "Issuance of Debt": "-", "Free Cash Flow": "1,032"}, "12/31/2018": {"Duration": "12/31/2018", "Operating Cash Flow": "1,319", "Investing Cash Flow": "-41.734", "Financing Cash Flow": "-19.923", "End Cash Position": "7,073", "Income Tax Paid Supplemental Data": "754.999", "Interest Paid Supplemental Data": "0", "Capital Expenditure": "-41.734", "Issuance of Capital Stock": "-", "Issuance of Debt": "-", "Free Cash Flow": "1,277"}}}}, {"MD": {"quote": {"04/25/2021": {"value": "26.29", "Market Cap": "2.289B", "Beta (5Y Monthly)": "2.17", "PE Ratio (TTM)": "N/A", "EPS (TTM)": "-9.55", "Earnings Date": "May 05, 2021 - May 10, 2021", "Forward Dividend & Yield": "N/A (N/A)", "Ex-Dividend Date": "N/A", "1y Target Est": "21.50"}}, "fin": {"TTM": {"Duration": "TTM", "Total Revenue": "1,733,951", "Cost of Revenue": "1,284,630", "Gross Profit": "449,321", "Operating Expense": "277,388", "Operating Income": "171,933", "Net Non Operating Interest Income Expense": "-110,482", "Other Income Expense": "-54,303", "Pretax Income": "7,148", "Tax Provision": "16,728", "Net Income Common Stockholders": "-796,488", "Diluted NI Available to Com Stockholders": "-796,488", "Basic EPS": "-", "Diluted EPS": "-", "Basic Average Shares": "-", "Diluted Average Shares": "-", "Total Operating Income as Reported": "98,132", "Total Expenses": "1,562,018", "Net Income from Continuing & Discontinued Operation": "-796,488", "Normalized Income": "31,218", "Interest Expense": "110,482", "Net Interest Income": "-110,482", "EBIT": "117,630", "EBITDA": "146,071", "Reconciled Cost of Revenue": "1,284,630", "Reconciled Depreciation": "28,441", "Net Income from Continuing Operation Net Minority Interest": "-9,580", "Total Unusual Items Excluding Goodwill": "-55,888", "Total Unusual Items": "-55,888", "Normalized EBITDA": "201,959", "Tax Rate for Calcs": "0", "Tax Effect of Unusual Items": "-15,090"}, "12/31/2020": {"Duration": "12/31/2020", "Total Revenue": "1,733,951", "Cost of Revenue": "1,284,630", "Gross Profit": "449,321", "Operating Expense": "277,388", "Operating Income": "171,933", "Net Non Operating Interest Income Expense": "-110,482", "Other Income Expense": "-54,303", "Pretax Income": "7,148", "Tax Provision": "16,728", "Net Income Common Stockholders": "-796,488", "Diluted NI Available to Com Stockholders": "-796,488", "Basic EPS": "-9.55", "Diluted EPS": "-9.55", "Basic Average Shares": "83,395", "Diluted Average Shares": "83,395", "Total Operating Income as Reported": "98,132", "Total Expenses": "1,562,018", "Net Income from Continuing & Discontinued Operation": "-796,488", "Normalized Income": "31,218", "Interest Expense": "110,482", "Net Interest Income": "-110,482", "EBIT": "117,630", "EBITDA": "-", "Reconciled Cost of Revenue": "1,284,630", "Reconciled Depreciation": "28,441", "Net Income from Continuing Operation Net Minority Interest": "-9,580", "Total Unusual Items Excluding Goodwill": "-55,888", "Total Unusual Items": "-55,888", "Normalized EBITDA": "201,959", "Tax Rate for Calcs": "0", "Tax Effect of Unusual Items": "-15,090"}, "12/31/2019": {"Duration": "12/31/2019", "Total Revenue": "3,513,542", "Cost of Revenue": "2,621,544", "Gross Profit": "891,998", "Operating Expense": "483,503", "Operating Income": "408,495", "Net Non Operating Interest Income Expense": "-119,381", "Other Income Expense": "-1,531,094", "Pretax Income": "-1,241,980", "Tax Provision": "-91,886", "Net Income Common Stockholders": "-1,497,702", "Diluted NI Available to Com Stockholders": "-1,497,702", "Basic EPS": "-17.78", "Diluted EPS": "-17.94", "Basic Average Shares": "84,248", "Diluted Average Shares": "84,248", "Total Operating Income as Reported": "-1,136,049", "Total Expenses": "3,105,047", "Net Income from Continuing & Discontinued Operation": "-1,497,702", "Normalized Income": "274,902", "Interest Expense": "119,381", "Net Interest Income": "-119,381", "EBIT": "-1,122,599", "EBITDA": "-", "Reconciled Cost of Revenue": "2,621,544", "Reconciled Depreciation": "78,860", "Net Income from Continuing Operation Net Minority Interest": "-1,150,094", "Total Unusual Items Excluding Goodwill": "-1,538,873", "Total Unusual Items": "-1,538,873", "Normalized EBITDA": "495,134", "Tax Rate for Calcs": "0", "Tax Effect of Unusual Items": "-113,877"}, "12/31/2018": {"Duration": "12/31/2018", "Total Revenue": "3,647,123", "Cost of Revenue": "2,657,616", "Gross Profit": "989,507", "Operating Expense": "543,659", "Operating Income": "445,848", "Net Non Operating Interest Income Expense": "-88,769", "Other Income Expense": "11,760", "Pretax Income": "368,839", "Tax Provision": "100,210", "Net Income Common Stockholders": "268,629", "Diluted NI Available to Com Stockholders": "268,629", "Basic EPS": "3.06", "Diluted EPS": "2.93", "Basic Average Shares": "87,820", "Diluted Average Shares": "91,606", "Total Operating Income as Reported": "445,848", "Total Expenses": "3,201,275", "Net Income from Continuing & Discontinued Operation": "268,629", "Normalized Income": "265,036", "Interest Expense": "88,769", "Net Interest Income": "-88,769", "EBIT": "457,608", "EBITDA": "-", "Reconciled Cost of Revenue": "2,657,616", "Reconciled Depreciation": "111,281", "Net Income from Continuing Operation Net Minority Interest": "268,629", "Total Unusual Items Excluding Goodwill": "4,935", "Total Unusual Items": "4,935", "Normalized EBITDA": "563,954", "Tax Rate for Calcs": "0", "Tax Effect of Unusual Items": "1,342"}}, "bs": {"12/31/2020": {"Duration": "12/31/2020", "Total Assets": "3,347,948", "Total Liabilities Net Minority Interest": "2,600,231", "Total Equity Gross Minority Interest": "747,717", "Total Capitalization": "2,481,142", "Common Stock Equity": "747,485", "Capital Lease Obligations": "71,021", "Net Tangible Assets": "-757,125", "Working Capital": "1,105,013", "Invested Capital": "2,481,142", "Tangible Book Value": "-757,125", "Total Debt": "1,804,678", "Net Debt": "609,814", "Share Issued": "85,593", "Ordinary Shares Number": "85,593"}, "12/31/2019": {"Duration": "12/31/2019", "Total Assets": "4,145,901", "Total Liabilities Net Minority Interest": "2,646,905", "Total Equity Gross Minority Interest": "1,498,996", "Total Capitalization": "3,229,233", "Common Stock Equity": "1,498,996", "Capital Lease Obligations": "90,510", "Net Tangible Assets": "-1,485,703", "Working Capital": "189,689", "Invested Capital": "3,229,233", "Tangible Book Value": "-1,485,703", "Total Debt": "1,820,747", "Net Debt": "1,617,470", "Share Issued": "84,248", "Ordinary Shares Number": "84,248"}, "12/31/2018": {"Duration": "12/31/2018", "Total Assets": "5,934,911", "Total Liabilities Net Minority Interest": "2,847,027", "Total Equity Gross Minority Interest": "3,087,884", "Total Capitalization": "5,062,164", "Common Stock Equity": "3,087,884", "Capital Lease Obligations": "253", "Net Tangible Assets": "-1,883,423", "Working Capital": "157,216", "Invested Capital": "5,062,164", "Tangible Book Value": "-1,883,423", "Total Debt": "1,974,533", "Net Debt": "1,937,535", "Share Issued": "87,820", "Ordinary Shares Number": "87,820"}}, "cf": {"TTM": {"Duration": "TTM", "Operating Cash Flow": "204,620", "Investing Cash Flow": "815,511", "Financing Cash Flow": "-4,158", "Cash Flow from Discontinued Operation": "-", "End Cash Position": "1,123,843", "Income Tax Paid Supplemental Data": "-", "Interest Paid Supplemental Data": "110,488", "Capital Expenditure": "-28,788", "Issuance of Capital Stock": "7,009", "Issuance of Debt": "527,500", "Repayment of Debt": "-528,661", "Repurchase of Capital Stock": "-8,493", "Free Cash Flow": "175,832"}, "12/31/2020": {"Duration": "12/31/2020", "Operating Cash Flow": "204,620", "Investing Cash Flow": "815,511", "Financing Cash Flow": "-4,158", "Cash Flow from Discontinued Operation": "-", "End Cash Position": "1,123,843", "Income Tax Paid Supplemental Data": "-", "Interest Paid Supplemental Data": "110,488", "Capital Expenditure": "-28,788", "Issuance of Capital Stock": "7,009", "Issuance of Debt": "527,500", "Repayment of Debt": "-528,661", "Repurchase of Capital Stock": "-8,493", "Free Cash Flow": "175,832"}, "12/31/2019": {"Duration": "12/31/2019", "Operating Cash Flow": "346,637", "Investing Cash Flow": "102,455", "Financing Cash Flow": "-393,070", "Cash Flow from Discontinued Operation": "0", "End Cash Position": "112,767", "Income Tax Paid Supplemental Data": "86,268", "Interest Paid Supplemental Data": "95,444", "Capital Expenditure": "-31,881", "Issuance of Capital Stock": "11,258", "Issuance of Debt": "1,747,300", "Repayment of Debt": "-1,987,034", "Repurchase of Capital Stock": "-145,280", "Free Cash Flow": "314,756"}, "12/31/2018": {"Duration": "12/31/2018", "Operating Cash Flow": "289,925", "Investing Cash Flow": "-142,769", "Financing Cash Flow": "-170,611", "Cash Flow from Discontinued Operation": "-", "End Cash Position": "56,745", "Income Tax Paid Supplemental Data": "185,416", "Interest Paid Supplemental Data": "82,540", "Capital Expenditure": "-48,868", "Issuance of Capital Stock": "16,258", "Issuance of Debt": "2,223,500", "Repayment of Debt": "-2,095,856", "Repurchase of Capital Stock": "-302,160", "Free Cash Flow": "241,057"}}}}, {"USPH": {"quote": {"04/25/2021": {"value": "117.00", "Market Cap": "1.475B", "Beta (5Y Monthly)": "1.46", "PE Ratio (TTM)": "47.25", "EPS (TTM)": "2.48", "Earnings Date": "May 06, 2021", "Forward Dividend & Yield": "1.40 (1.20%)", "Ex-Dividend Date": "Mar 11, 2021", "1y Target Est": "118.33"}}, "fin": {"TTM": {"Duration": "TTM", "Total Revenue": "422,969", "Cost of Revenue": "328,519", "Gross Profit": "94,450", "Operating Expense": "28,536", "Operating Income": "65,914", "Net Non Operating Interest Income Expense": "-1,492", "Other Income Expense": "1,091", "Pretax Income": "65,513", "Tax Provision": "13,022", "Net Income Common Stockholders": "31,778", "Diluted NI Available to Com Stockholders": "31,778", "Basic EPS": "-", "Diluted EPS": "-", "Basic Average Shares": "-", "Diluted Average Shares": "-", "Total Operating Income as Reported": "52,413", "Rent Expense Supplemental": "84,336", "Total Expenses": "357,055", "Net Income from Continuing & Discontinued Operation": "35,194", "Normalized Income": "34,398", "Interest Income": "142", "Interest Expense": "1,634", "Net Interest Income": "-1,492", "EBIT": "67,147", "EBITDA": "77,680", "Reconciled Cost of Revenue": "328,519", "Reconciled Depreciation": "10,533", "Net Income from Continuing Operation Net Minority Interest": "35,194", "Total Unusual Items Excluding Goodwill": "1,091", "Total Unusual Items": "1,091", "Normalized EBITDA": "76,589", "Tax Rate for Calcs": "0", "Tax Effect of Unusual Items": "294.57"}, "12/31/2020": {"Duration": "12/31/2020", "Total Revenue": "422,969", "Cost of Revenue": "328,519", "Gross Profit": "94,450", "Operating Expense": "28,536", "Operating Income": "65,914", "Net Non Operating Interest Income Expense": "-1,492", "Other Income Expense": "1,091", "Pretax Income": "65,513", "Tax Provision": "13,022", "Net Income Common Stockholders": "31,778", "Diluted NI Available to Com Stockholders": "31,778", "Basic EPS": "-", "Diluted EPS": "-", "Basic Average Shares": "-", "Diluted Average Shares": "-", "Total Operating Income as Reported": "52,413", "Rent Expense Supplemental": "84,336", "Total Expenses": "357,055", "Net Income from Continuing & Discontinued Operation": "35,194", "Normalized Income": "34,398", "Interest Income": "142", "Interest Expense": "1,634", "Net Interest Income": "-1,492", "EBIT": "67,147", "EBITDA": "-", "Reconciled Cost of Revenue": "328,519", "Reconciled Depreciation": "10,533", "Net Income from Continuing Operation Net Minority Interest": "35,194", "Total Unusual Items Excluding Goodwill": "1,091", "Total Unusual Items": "1,091", "Normalized EBITDA": "76,589", "Tax Rate for Calcs": "0", "Tax Effect of Unusual Items": "294.57"}, "12/31/2019": {"Duration": "12/31/2019", "Total Revenue": "481,969", "Cost of Revenue": "369,495", "Gross Profit": "112,474", "Operating Expense": "45,049", "Operating Income": "67,425", "Net Non Operating Interest Income Expense": "-2,033", "Other Income Expense": "5,514", "Pretax Income": "70,906", "Tax Provision": "13,647", "Net Income Common Stockholders": "31,267", "Diluted NI Available to Com Stockholders": "31,267", "Basic EPS": "2.45", "Diluted EPS": "2.45", "Basic Average Shares": "12,756", "Diluted Average Shares": "12,756", "Total Operating Income as Reported": "67,425", "Rent Expense Supplemental": "90,379", "Total Expenses": "414,544", "Net Income from Continuing & Discontinued Operation": "40,039", "Normalized Income": "40,039", "Interest Income": "46", "Interest Expense": "2,079", "Net Interest Income": "-2,033", "EBIT": "72,985", "EBITDA": "-", "Reconciled Cost of Revenue": "369,495", "Reconciled Depreciation": "10,095", "Net Income from Continuing Operation Net Minority Interest": "40,039", "Total Unusual Items Excluding Goodwill": "0", "Total Unusual Items": "0", "Normalized EBITDA": "83,080", "Tax Rate for Calcs": "0", "Tax Effect of Unusual Items": "0"}, "12/31/2018": {"Duration": "12/31/2018", "Total Revenue": "453,911", "Cost of Revenue": "352,248", "Gross Profit": "101,663", "Operating Expense": "41,349", "Operating Income": "60,314", "Net Non Operating Interest Income Expense": "-1,949", "Other Income Expense": "1,846", "Pretax Income": "60,211", "Tax Provision": "11,369", "Net Income Common Stockholders": "16,605", "Diluted NI Available to Com Stockholders": "16,605", "Basic EPS": "1.31", "Diluted EPS": "1.31", "Basic Average Shares": "12,666", "Diluted Average Shares": "12,666", "Total Operating Income as Reported": "60,314", "Rent Expense Supplemental": "88,426", "Total Expenses": "393,597", "Net Income from Continuing & Discontinued Operation": "34,873", "Normalized Income": "33,376", "Interest Income": "93", "Interest Expense": "2,042", "Net Interest Income": "-1,949", "EBIT": "62,253", "EBITDA": "-", "Reconciled Cost of Revenue": "352,248", "Reconciled Depreciation": "9,755", "Net Income from Continuing Operation Net Minority Interest": "34,873", "Total Unusual Items Excluding Goodwill": "1,846", "Total Unusual Items": "1,846", "Normalized EBITDA": "70,162", "Tax Rate for Calcs": "0", "Tax Effect of Unusual Items": "348.5605"}}, "bs": {"12/31/2020": {"Duration": "12/31/2020", "Total Assets": "594,361", "Total Liabilities Net Minority Interest": "316,731", "Total Equity Gross Minority Interest": "277,630", "Total Capitalization": "292,756", "Common Stock Equity": "276,160", "Capital Lease Obligations": "89,497", "Net Tangible Assets": "-125,766", "Working Capital": "-5,856", "Invested Capital": "297,655", "Tangible Book Value": "-125,766", "Total Debt": "110,992", "Net Debt": "-", "Share Issued": "15,066", "Ordinary Shares Number": "12,852", "Treasury Shares Number": "2,215"}, "12/31/2019": {"Duration": "12/31/2019", "Total Assets": "560,845", "Total Liabilities Net Minority Interest": "319,144", "Total Equity Gross Minority Interest": "241,701", "Total Capitalization": "290,618", "Common Stock Equity": "240,257", "Capital Lease Obligations": "86,744", "Net Tangible Assets": "-130,007", "Working Capital": "24,823", "Invested Capital": "291,346", "Tangible Book Value": "-130,007", "Total Debt": "137,833", "Net Debt": "27,541", "Share Issued": "14,989", "Ordinary Shares Number": "12,775", "Treasury Shares Number": "2,215"}, "12/31/2018": {"Duration": "12/31/2018", "Total Assets": "443,166", "Total Liabilities Net Minority Interest": "226,291", "Total Equity Gross Minority Interest": "216,875", "Total Capitalization": "254,347", "Common Stock Equity": "215,945", "Capital Lease Obligations": "-", "Net Tangible Assets": "-126,408", "Working Capital": "37,268", "Invested Capital": "255,781", "Tangible Book Value": "-126,408", "Total Debt": "39,836", "Net Debt": "16,468", "Share Issued": "14,899", "Ordinary Shares Number": "12,684", "Treasury Shares Number": "2,215"}}, "cf": {"TTM": {"Duration": "TTM", "Operating Cash Flow": "99,995", "Investing Cash Flow": "-51,203", "Financing Cash Flow": "-39,422", "End Cash Position": "32,918", "Income Tax Paid Supplemental Data": "7,677", "Interest Paid Supplemental Data": "1,202", "Capital Expenditure": "-7,639", "Issuance of Debt": "214,000", "Repayment of Debt": "-245,037", "Free Cash Flow": "92,356"}, "12/31/2020": {"Duration": "12/31/2020", "Operating Cash Flow": "99,995", "Investing Cash Flow": "-51,203", "Financing Cash Flow": "-39,422", "End Cash Position": "32,918", "Income Tax Paid Supplemental Data": "7,677", "Interest Paid Supplemental Data": "1,202", "Capital Expenditure": "-7,639", "Issuance of Debt": "214,000", "Repayment of Debt": "-245,037", "Free Cash Flow": "92,356"}, "12/31/2019": {"Duration": "12/31/2019", "Operating Cash Flow": "62,448", "Investing Cash Flow": "-37,993", "Financing Cash Flow": "-24,275", "End Cash Position": "23,548", "Income Tax Paid Supplemental Data": "9,856", "Interest Paid Supplemental Data": "1,890", "Capital Expenditure": "-10,189", "Issuance of Debt": "145,000", "Repayment of Debt": "-138,433", "Free Cash Flow": "52,259"}, "12/31/2018": {"Duration": "12/31/2018", "Operating Cash Flow": "73,005", "Investing Cash Flow": "-23,909", "Financing Cash Flow": "-47,661", "End Cash Position": "23,368", "Income Tax Paid Supplemental Data": "9,183", "Interest Paid Supplemental Data": "2,357", "Capital Expenditure": "-7,193", "Issuance of Debt": "103,000", "Repayment of Debt": "-123,044", "Free Cash Flow": "65,812"}}}}, {"OVIT": {"quote": {"04/25/2021": {"value": "0.0270", "Market Cap": "434,889", "Beta (5Y Monthly)": "1.89", "PE Ratio (TTM)": "N/A", "EPS (TTM)": "-0.1470", "Earnings Date": "N/A", "Forward Dividend & Yield": "N/A (N/A)", "Ex-Dividend Date": "N/A", "1y Target Est": "N/A"}}, "fin": {}, "bs": {}, "cf": {}}}, {"CPAI": {"quote": {"04/25/2021": {"value": "0.0125", "Market Cap": "855,130", "Beta (5Y Monthly)": "-3.35", "PE Ratio (TTM)": "N/A", "EPS (TTM)": "-0.0070", "Earnings Date": "N/A", "Forward Dividend & Yield": "N/A (N/A)", "Ex-Dividend Date": "N/A", "1y Target Est": "N/A"}}, "fin": {}, "bs": {}, "cf": {}}}, {"CCEL": {"quote": {"04/25/2021": {"value": "9.90", "Market Cap": "79.168M", "Beta (5Y Monthly)": "0.32", "PE Ratio (TTM)": "22.00", "EPS (TTM)": "0.45", "Earnings Date": "Apr 14, 2021", "Forward Dividend & Yield": "N/A (N/A)", "Ex-Dividend Date": "N/A", "1y Target Est": "3.00"}}, "fin": {"TTM": {"Duration": "TTM", "Total Revenue": "30,387", "Cost of Revenue": "9,166", "Gross Profit": "21,221", "Operating Expense": "14,025", "Operating Income": "7,196", "Net Non Operating Interest Income Expense": "-1,459", "Other Income Expense": "-684.222", "Pretax Income": "5,052", "Tax Provision": "1,421", "Net Income Common Stockholders": "3,631", "Diluted NI Available to Com Stockholders": "3,631", "Basic EPS": "-", "Diluted EPS": "-", "Basic Average Shares": "-", "Diluted Average Shares": "-", "Total Operating Income as Reported": "7,648", "Total Expenses": "23,192", "Net Income from Continuing & Discontinued Operation": "3,631", "Normalized Income": "4,123", "Interest Expense": "1,459", "Net Interest Income": "-1,459", "EBIT": "6,511", "EBITDA": "7,124", "Reconciled Cost of Revenue": "8,697", "Reconciled Depreciation": "612.836", "Net Income from Continuing Operation Net Minority Interest": "3,631", "Total Unusual Items Excluding Goodwill": "-684.393", "Total Unusual Items": "-684.393", "Normalized EBITDA": "7,809", "Tax Rate for Calcs": "0", "Tax Effect of Unusual Items": "-192.5182"}, "11/30/2020": {"Duration": "11/30/2020", "Total Revenue": "31,148", "Cost of Revenue": "9,657", "Gross Profit": "21,490", "Operating Expense": "14,485", "Operating Income": "7,006", "Net Non Operating Interest Income Expense": "-1,544", "Other Income Expense": "-422.29", "Pretax Income": "5,039", "Tax Provision": "1,415", "Net Income Common Stockholders": "3,625", "Diluted NI Available to Com Stockholders": "3,625", "Basic EPS": "-", "Diluted EPS": "-", "Basic Average Shares": "-", "Diluted Average Shares": "-", "Total Operating Income as Reported": "7,662", "Total Expenses": "24,142", "Net Income from Continuing & Discontinued Operation": "3,625", "Normalized Income": "3,929", "Interest Expense": "1,544", "Net Interest Income": "-1,544", "EBIT": "6,583", "EBITDA": "-", "Reconciled Cost of Revenue": "9,188", "Reconciled Depreciation": "635.975", "Net Income from Continuing Operation Net Minority Interest": "3,625", "Total Unusual Items Excluding Goodwill": "-423.063", "Total Unusual Items": "-423.063", "Normalized EBITDA": "7,642", "Tax Rate for Calcs": "0", "Tax Effect of Unusual Items": "-118.7697"}, "11/30/2019": {"Duration": "11/30/2019", "Total Revenue": "31,817", "Cost of Revenue": "10,036", "Gross Profit": "21,780", "Operating Expense": "15,128", "Operating Income": "6,653", "Net Non Operating Interest Income Expense": "-1,703", "Other Income Expense": "-1,558", "Pretax Income": "3,391", "Tax Provision": "1,101", "Net Income Common Stockholders": "2,291", "Diluted NI Available to Com Stockholders": "2,291", "Basic EPS": "0.29", "Diluted EPS": "0.27", "Basic Average Shares": "7,795", "Diluted Average Shares": "8,412", "Total Operating Income as Reported": "5,063", "Total Expenses": "25,164", "Net Income from Continuing & Discontinued Operation": "2,291", "Normalized Income": "3,365", "Interest Expense": "1,703", "Net Interest Income": "-1,703", "EBIT": "5,095", "EBITDA": "-", "Reconciled Cost of Revenue": "9,841", "Reconciled Depreciation": "401.311", "Net Income from Continuing Operation Net Minority Interest": "2,291", "Total Unusual Items Excluding Goodwill": "-1,590", "Total Unusual Items": "-1,590", "Normalized EBITDA": "7,086", "Tax Rate for Calcs": "0", "Tax Effect of Unusual Items": "-515.9642"}, "11/30/2018": {"Duration": "11/30/2018", "Total Revenue": "29,218", "Cost of Revenue": "8,540", "Gross Profit": "20,679", "Operating Expense": "15,905", "Operating Income": "4,774", "Net Non Operating Interest Income Expense": "-1,547", "Other Income Expense": "390.557", "Pretax Income": "3,618", "Tax Provision": "4,473", "Net Income Common Stockholders": "-854.824", "Diluted NI Available to Com Stockholders": "-854.824", "Basic EPS": "-0.11", "Diluted EPS": "-0.11", "Basic Average Shares": "7,463", "Diluted Average Shares": "7,463", "Total Operating Income as Reported": "5,189", "Total Expenses": "24,444", "Net Income from Continuing & Discontinued Operation": "-854.824", "Normalized Income": "-1,158", "Interest Expense": "1,547", "Net Interest Income": "-1,547", "EBIT": "5,165", "EBITDA": "-", "Reconciled Cost of Revenue": "8,403", "Reconciled Depreciation": "317.326", "Net Income from Continuing Operation Net Minority Interest": "-854.824", "Total Unusual Items Excluding Goodwill": "415.28", "Total Unusual Items": "415.28", "Normalized EBITDA": "5,067", "Tax Rate for Calcs": "0", "Tax Effect of Unusual Items": "112.1256"}}, "bs": {"11/30/2020": {"Duration": "11/30/2020", "Total Assets": "46,200", "Total Liabilities Net Minority Interest": "48,865", "Total Equity Gross Minority Interest": "-2,665", "Total Capitalization": "176.079", "Common Stock Equity": "-2,665", "Capital Lease Obligations": "299.202", "Net Tangible Assets": "-6,138", "Working Capital": "2,142", "Invested Capital": "3,276", "Tangible Book Value": "-6,138", "Total Debt": "6,240", "Net Debt": "-", "Share Issued": "13,639", "Ordinary Shares Number": "7,546", "Treasury Shares Number": "6,094"}, "11/30/2019": {"Duration": "11/30/2019", "Total Assets": "42,886", "Total Liabilities Net Minority Interest": "49,839", "Total Equity Gross Minority Interest": "-6,953", "Total Capitalization": "-1,097", "Common Stock Equity": "-6,953", "Capital Lease Obligations": "-", "Net Tangible Assets": "-10,144", "Working Capital": "-41.818", "Invested Capital": "2,003", "Tangible Book Value": "-10,144", "Total Debt": "8,956", "Net Debt": "2,415", "Share Issued": "13,599", "Ordinary Shares Number": "7,511", "Treasury Shares Number": "6,088"}, "11/30/2018": {"Duration": "11/30/2018", "Total Assets": "42,390", "Total Liabilities Net Minority Interest": "51,298", "Total Equity Gross Minority Interest": "-8,908", "Total Capitalization": "935.212", "Common Stock Equity": "-8,908", "Capital Lease Obligations": "-", "Net Tangible Assets": "-12,191", "Working Capital": "14,105", "Invested Capital": "4,035", "Tangible Book Value": "-12,191", "Total Debt": "12,944", "Net Debt": "6,903", "Share Issued": "13,596", "Ordinary Shares Number": "7,801", "Treasury Shares Number": "5,796"}}, "cf": {"TTM": {"Duration": "TTM", "Operating Cash Flow": "8,513", "Investing Cash Flow": "202.468", "Financing Cash Flow": "-5,853", "End Cash Position": "11,278", "Capital Expenditure": "-604.979", "Issuance of Debt": "-", "Repayment of Debt": "-4,100", "Repurchase of Capital Stock": "-", "Free Cash Flow": "7,908"}, "11/30/2020": {"Duration": "11/30/2020", "Operating Cash Flow": "8,467", "Investing Cash Flow": "357.485", "Financing Cash Flow": "-5,004", "End Cash Position": "10,361", "Capital Expenditure": "-449.962", "Issuance of Debt": "-", "Repayment of Debt": "-3,100", "Repurchase of Capital Stock": "0", "Free Cash Flow": "8,017"}, "11/30/2019": {"Duration": "11/30/2019", "Operating Cash Flow": "6,323", "Investing Cash Flow": "-690.659", "Financing Cash Flow": "-5,132", "End Cash Position": "6,541", "Capital Expenditure": "-662.295", "Issuance of Debt": "0", "Repayment of Debt": "-4,100", "Repurchase of Capital Stock": "-992.244", "Free Cash Flow": "5,661"}, "11/30/2018": {"Duration": "11/30/2018", "Operating Cash Flow": "5,333", "Investing Cash Flow": "-11,282", "Financing Cash Flow": "5,710", "End Cash Position": "6,040", "Capital Expenditure": "-646.163", "Issuance of Debt": "9,000", "Repayment of Debt": "-3,292", "Repurchase of Capital Stock": "0", "Free Cash Flow": "4,687"}}}}, {"USNU": {"quote": {"04/25/2021": {"value": "0.3700", "Market Cap": "2.883M", "Beta (5Y Monthly)": "0.19", "PE Ratio (TTM)": "5.44", "EPS (TTM)": "0.0680", "Earnings Date": "N/A", "Forward Dividend & Yield": "N/A (N/A)", "Ex-Dividend Date": "N/A", "1y Target Est": "N/A"}}, "fin": {"TTM": {"Duration": "TTM", "Total Revenue": "3,173", "Cost of Revenue": "361", "Gross Profit": "2,812", "Operating Expense": "1,197", "Operating Income": "1,615", "Net Non Operating Interest Income Expense": "50", "Other Income Expense": "-809", "Pretax Income": "856", "Tax Provision": "323", "Net Income Common Stockholders": "533", "Diluted NI Available to Com Stockholders": "533", "Basic EPS": "-", "Diluted EPS": "-", "Basic Average Shares": "-", "Diluted Average Shares": "-", "Total Operating Income as Reported": "1,615", "Total Expenses": "1,558", "Net Income from Continuing & Discontinued Operation": "533", "Normalized Income": "533", "Interest Income": "75", "Interest Expense": "25", "Net Interest Income": "50", "EBIT": "881", "EBITDA": "915", "Reconciled Cost of Revenue": "361", "Reconciled Depreciation": "34", "Net Income from Continuing Operation Net Minority Interest": "533", "Total Unusual Items Excluding Goodwill": "-", "Total Unusual Items": "-", "Normalized EBITDA": "915", "Tax Rate for Calcs": "0", "Tax Effect of Unusual Items": "0"}, "12/31/2020": {"Duration": "12/31/2020", "Total Revenue": "3,173", "Cost of Revenue": "361", "Gross Profit": "2,812", "Operating Expense": "1,197", "Operating Income": "1,615", "Net Non Operating Interest Income Expense": "50", "Other Income Expense": "-809", "Pretax Income": "856", "Tax Provision": "323", "Net Income Common Stockholders": "533", "Diluted NI Available to Com Stockholders": "533", "Basic EPS": "-", "Diluted EPS": "-", "Basic Average Shares": "-", "Diluted Average Shares": "-", "Total Operating Income as Reported": "1,615", "Total Expenses": "1,558", "Net Income from Continuing & Discontinued Operation": "533", "Normalized Income": "533", "Interest Income": "75", "Interest Expense": "25", "Net Interest Income": "50", "EBIT": "881", "EBITDA": "-", "Reconciled Cost of Revenue": "361", "Reconciled Depreciation": "34", "Net Income from Continuing Operation Net Minority Interest": "533", "Total Unusual Items Excluding Goodwill": "-", "Total Unusual Items": "-", "Normalized EBITDA": "915", "Tax Rate for Calcs": "0", "Tax Effect of Unusual Items": "0"}, "12/31/2019": {"Duration": "12/31/2019", "Total Revenue": "3,070", "Cost of Revenue": "350", "Gross Profit": "2,720", "Operating Expense": "1,230", "Operating Income": "1,490", "Net Non Operating Interest Income Expense": "47", "Other Income Expense": "-1,386", "Pretax Income": "151", "Tax Provision": "9", "Net Income Common Stockholders": "142", "Diluted NI Available to Com Stockholders": "142", "Basic EPS": "0.02", "Diluted EPS": "0.02", "Basic Average Shares": "7,792", "Diluted Average Shares": "7,792", "Total Operating Income as Reported": "1,490", "Total Expenses": "1,580", "Net Income from Continuing & Discontinued Operation": "142", "Normalized Income": "142", "Interest Income": "138", "Interest Expense": "91", "Net Interest Income": "47", "EBIT": "242", "EBITDA": "-", "Reconciled Cost of Revenue": "350", "Reconciled Depreciation": "33", "Net Income from Continuing Operation Net Minority Interest": "142", "Total Unusual Items Excluding Goodwill": "0", "Total Unusual Items": "0", "Normalized EBITDA": "275", "Tax Rate for Calcs": "0", "Tax Effect of Unusual Items": "0"}, "12/31/2018": {"Duration": "12/31/2018", "Total Revenue": "3,424", "Cost of Revenue": "1,341", "Gross Profit": "2,083", "Operating Expense": "1,289", "Operating Income": "794", "Net Non Operating Interest Income Expense": "-1", "Other Income Expense": "-1,406", "Pretax Income": "-613", "Tax Provision": "-192", "Net Income Common Stockholders": "-421", "Diluted NI Available to Com Stockholders": "-421", "Basic EPS": "-0.05", "Diluted EPS": "-0.05", "Basic Average Shares": "7,792", "Diluted Average Shares": "7,792", "Total Operating Income as Reported": "131", "Total Expenses": "2,630", "Net Income from Continuing & Discontinued Operation": "-421", "Normalized Income": "34.3393", "Interest Income": "112", "Interest Expense": "113", "Net Interest Income": "-1", "EBIT": "-500", "EBITDA": "-", "Reconciled Cost of Revenue": "1,341", "Reconciled Depreciation": "983", "Net Income from Continuing Operation Net Minority Interest": "-421", "Total Unusual Items Excluding Goodwill": "-663", "Total Unusual Items": "-663", "Normalized EBITDA": "1,146", "Tax Rate for Calcs": "0", "Tax Effect of Unusual Items": "-207.6607"}}, "bs": {"12/31/2020": {"Duration": "12/31/2020", "Total Assets": "4,173", "Total Liabilities Net Minority Interest": "487", "Total Equity Gross Minority Interest": "3,686", "Total Capitalization": "3,686", "Common Stock Equity": "3,686", "Capital Lease Obligations": "195", "Net Tangible Assets": "3,686", "Working Capital": "2,597", "Invested Capital": "3,686", "Tangible Book Value": "3,686", "Total Debt": "195", "Share Issued": "7,792", "Ordinary Shares Number": "7,792"}, "12/31/2019": {"Duration": "12/31/2019", "Total Assets": "4,997", "Total Liabilities Net Minority Interest": "1,844", "Total Equity Gross Minority Interest": "3,153", "Total Capitalization": "3,153", "Common Stock Equity": "3,153", "Capital Lease Obligations": "1,132", "Net Tangible Assets": "3,153", "Working Capital": "1,043", "Invested Capital": "3,153", "Tangible Book Value": "3,153", "Total Debt": "1,132", "Share Issued": "7,792", "Ordinary Shares Number": "7,792"}, "12/31/2018": {"Duration": "12/31/2018", "Total Assets": "6,205", "Total Liabilities Net Minority Interest": "3,194", "Total Equity Gross Minority Interest": "3,011", "Total Capitalization": "3,011", "Common Stock Equity": "3,011", "Capital Lease Obligations": "2,387", "Net Tangible Assets": "3,011", "Working Capital": "2,180", "Invested Capital": "3,011", "Tangible Book Value": "3,011", "Total Debt": "2,387", "Share Issued": "7,792", "Ordinary Shares Number": "7,792"}}, "cf": {"TTM": {"Duration": "TTM", "Operating Cash Flow": "1,117", "Investing Cash Flow": "479", "Financing Cash Flow": "-901", "End Cash Position": "2,030", "Income Tax Paid Supplemental Data": "419", "Interest Paid Supplemental Data": "25", "Capital Expenditure": "-", "Repayment of Debt": "-901", "Free Cash Flow": "1,117"}, "12/31/2020": {"Duration": "12/31/2020", "Operating Cash Flow": "1,117", "Investing Cash Flow": "479", "Financing Cash Flow": "-901", "End Cash Position": "2,030", "Income Tax Paid Supplemental Data": "419", "Interest Paid Supplemental Data": "25", "Capital Expenditure": "-", "Repayment of Debt": "-901", "Free Cash Flow": "1,117"}, "12/31/2019": {"Duration": "12/31/2019", "Operating Cash Flow": "1,547", "Investing Cash Flow": "-334", "Financing Cash Flow": "-1,397", "End Cash Position": "1,335", "Income Tax Paid Supplemental Data": "158", "Interest Paid Supplemental Data": "94", "Capital Expenditure": "-", "Repayment of Debt": "-1,397", "Free Cash Flow": "1,547"}, "12/31/2018": {"Duration": "12/31/2018", "Operating Cash Flow": "2,288", "Investing Cash Flow": "-2,369", "Financing Cash Flow": "-1,084", "End Cash Position": "1,519", "Income Tax Paid Supplemental Data": "-", "Interest Paid Supplemental Data": "-", "Capital Expenditure": "-570", "Repayment of Debt": "-1,084", "Free Cash Flow": "1,718"}}}}, {"PSYS": {"quote": {"04/25/2021": {"value": "0.0350", "Market Cap": "N/A", "Beta (5Y Monthly)": "N/A", "PE Ratio (TTM)": "N/A", "EPS (TTM)": "N/A", "Earnings Date": "N/A", "Forward Dividend & Yield": "N/A (N/A)", "Ex-Dividend Date": "N/A", "1y Target Est": "N/A"}}, "fin": {}, "bs": {}, "cf": {}}}, {"PRSC": {"fin": {}, "bs": {}, "cf": {}}}, {"CATS": {"fin": {}, "bs": {}, "cf": {}}}, {"HEMA": {"fin": {}, "bs": {}, "cf": {}}}]