[{"AKO-A": {"quote": {"03/26/2021": {"value": "13.63", "Market Cap": "2.15B", "Beta (5Y Monthly)": "0.42", "PE Ratio (TTM)": "14.29", "EPS (TTM)": "0.95", "Earnings Date": "N/A", "Forward Dividend & Yield": "0.85 (6.19%)", "Ex-Dividend Date": "Jan 21, 2021", "1y Target Est": "N/A"}}, "fin": {"TTM": {"Duration": "TTM", "Total Revenue": "1,698,281,237", "Cost of Revenue": "1,022,498,659", "Gross Profit": "675,782,578", "Operating Expense": "436,170,953", "Operating Income": "239,611,625", "Net Non Operating Interest Income Expense": "-39,826,958", "Other Income Expense": "-21,761,948", "Pretax Income": "178,022,719", "Tax Provision": "54,905,399", "Net Income Common Stockholders": "121,999,805", "Diluted NI Available to Com Stockholders": "121,999,805", "Basic EPS": "-", "Diluted EPS": "-", "Basic Average Shares": "-", "Diluted Average Shares": "-", "Total Operating Income as Reported": "239,612,000", "Total Expenses": "1,458,669,612", "Net Income from Continuing & Discontinued Operation": "121,999,805", "Normalized Income": "124,136,893", "Interest Income": "14,945,879", "Interest Expense": "54,772,837", "Net Interest Income": "-39,826,958", "EBIT": "232,795,556", "EBITDA": "232,795,556", "Reconciled Cost of Revenue": "1,022,498,659", "Net Income from Continuing Operation Net Minority Interest": "121,999,805", "Total Unusual Items Excluding Goodwill": "-3,088,278", "Total Unusual Items": "-3,088,278", "Normalized EBITDA": "235,883,834", "Tax Rate for Calcs": "0", "Tax Effect of Unusual Items": "-951,190"}, "12/31/2020": {"Duration": "12/31/2020", "Total Revenue": "1,698,281,237", "Cost of Revenue": "1,022,498,659", "Gross Profit": "675,782,578", "Operating Expense": "436,170,953", "Operating Income": "239,611,625", "Net Non Operating Interest Income Expense": "-39,826,958", "Other Income Expense": "-21,761,948", "Pretax Income": "178,022,719", "Tax Provision": "54,905,399", "Net Income Common Stockholders": "121,999,805", "Diluted NI Available to Com Stockholders": "121,999,805", "Basic EPS": "-", "Diluted EPS": "-", "Basic Average Shares": "-", "Diluted Average Shares": "-", "Total Operating Income as Reported": "239,612,000", "Total Expenses": "1,458,669,612", "Net Income from Continuing & Discontinued Operation": "121,999,805", "Normalized Income": "124,136,893", "Interest Income": "14,945,879", "Interest Expense": "54,772,837", "Net Interest Income": "-39,826,958", "EBIT": "232,795,556", "EBITDA": "-", "Reconciled Cost of Revenue": "1,022,498,659", "Net Income from Continuing Operation Net Minority Interest": "121,999,805", "Total Unusual Items Excluding Goodwill": "-3,088,278", "Total Unusual Items": "-3,088,278", "Normalized EBITDA": "235,883,834", "Tax Rate for Calcs": "0", "Tax Effect of Unusual Items": "-951,190"}, "12/31/2019": {"Duration": "12/31/2019", "Total Revenue": "1,779,025,115", "Cost of Revenue": "1,048,343,767", "Gross Profit": "730,681,348", "Operating Expense": "497,257,071", "Operating Income": "233,424,277", "Net Non Operating Interest Income Expense": "-1,080,448", "Other Income Expense": "4,069,287", "Pretax Income": "236,413,116", "Tax Provision": "61,166,891", "Net Income Common Stockholders": "173,721,928", "Diluted NI Available to Com Stockholders": "173,721,928", "Basic EPS": "1.10k", "Diluted EPS": "1.10k", "Basic Average Shares": "157,762", "Diluted Average Shares": "157,762", "Total Operating Income as Reported": "237,781,000", "Total Expenses": "1,545,600,838", "Net Income from Continuing & Discontinued Operation": "173,721,928", "Normalized Income": "191,881,004", "Interest Income": "3,249,550", "Interest Expense": "39,490,706", "Net Interest Income": "-1,080,448", "EBIT": "275,903,822", "EBITDA": "-", "Reconciled Cost of Revenue": "1,048,343,767", "Net Income from Continuing Operation Net Minority Interest": "173,721,928", "Total Unusual Items Excluding Goodwill": "-24,506,175", "Total Unusual Items": "-24,506,175", "Normalized EBITDA": "300,409,997", "Tax Rate for Calcs": "0", "Tax Effect of Unusual Items": "-6,347,099"}, "12/31/2018": {"Duration": "12/31/2018", "Total Revenue": "1,672,915,799", "Cost of Revenue": "968,027,774", "Gross Profit": "704,888,025", "Operating Expense": "483,939,649", "Operating Income": "220,948,376", "Net Non Operating Interest Income Expense": "-51,074,416", "Other Income Expense": "-16,858,359", "Pretax Income": "153,015,601", "Tax Provision": "55,564,855", "Net Income Common Stockholders": "96,603,371", "Diluted NI Available to Com Stockholders": "96,603,371", "Basic EPS": "583.20", "Diluted EPS": "583.20", "Basic Average Shares": "157,762", "Diluted Average Shares": "157,762", "Total Operating Income as Reported": "-", "Total Expenses": "1,451,967,423", "Net Income from Continuing & Discontinued Operation": "96,603,371", "Normalized Income": "98,156,823", "Interest Income": "3,940,244", "Interest Expense": "55,014,660", "Net Interest Income": "-51,074,416", "EBIT": "208,030,261", "EBITDA": "-", "Reconciled Cost of Revenue": "968,027,774", "Net Income from Continuing Operation Net Minority Interest": "96,603,371", "Total Unusual Items Excluding Goodwill": "-2,434,877", "Total Unusual Items": "-2,434,877", "Normalized EBITDA": "210,465,138", "Tax Rate for Calcs": "0", "Tax Effect of Unusual Items": "-881,425"}}, "bs": {"12/31/2020": {"Duration": "12/31/2020", "Total Assets": "2,448,064,400", "Total Liabilities Net Minority Interest": "1,616,503,809", "Total Equity Gross Minority Interest": "831,560,591", "Total Capitalization": "1,734,102,456", "Common Stock Equity": "811,181,114", "Capital Lease Obligations": "21,057,857", "Net Tangible Assets": "108,341,356", "Working Capital": "419,241,530", "Invested Capital": "1,753,606,543", "Tangible Book Value": "108,341,356", "Total Debt": "963,483,286", "Net Debt": "632,894,730", "Share Issued": "946,571", "Ordinary Shares Number": "946,571"}, "12/31/2019": {"Duration": "12/31/2019", "Total Assets": "2,390,948,423", "Total Liabilities Net Minority Interest": "1,422,044,475", "Total Equity Gross Minority Interest": "968,903,948", "Total Capitalization": "1,668,522,047", "Common Stock Equity": "948,649,690", "Capital Lease Obligations": "29,468,235", "Net Tangible Assets": "152,352,654", "Working Capital": "121,815,751", "Invested Capital": "1,691,564,809", "Tangible Book Value": "152,352,654", "Total Debt": "772,383,354", "Net Debt": "585,347,133", "Share Issued": "946,571", "Ordinary Shares Number": "946,571"}, "12/31/2018": {"Duration": "12/31/2018", "Total Assets": "2,214,504,689", "Total Liabilities Net Minority Interest": "1,350,789,946", "Total Equity Gross Minority Interest": "863,714,743", "Total Capitalization": "1,546,579,436", "Common Stock Equity": "843,813,126", "Capital Lease Obligations": "15,331,935", "Net Tangible Assets": "57,761,400", "Working Capital": "61,724,353", "Invested Capital": "1,588,786,653", "Tangible Book Value": "57,761,400", "Total Debt": "760,305,462", "Net Debt": "607,434,914", "Share Issued": "946,571", "Ordinary Shares Number": "946,571"}}}}, {"AKO-B": {"quote": {"03/26/2021": {"value": "15.17", "Market Cap": "2.393B", "Beta (5Y Monthly)": "0.42", "PE Ratio (TTM)": "15.90", "EPS (TTM)": "0.95", "Earnings Date": "N/A", "Forward Dividend & Yield": "0.94 (6.15%)", "Ex-Dividend Date": "Jan 21, 2021", "1y Target Est": "19.52"}}, "fin": {"TTM": {"Duration": "TTM", "Total Revenue": "1,698,281,237", "Cost of Revenue": "1,022,498,659", "Gross Profit": "675,782,578", "Operating Expense": "436,170,953", "Operating Income": "239,611,625", "Net Non Operating Interest Income Expense": "-39,826,958", "Other Income Expense": "-21,761,948", "Pretax Income": "178,022,719", "Tax Provision": "54,905,399", "Net Income Common Stockholders": "121,999,805", "Diluted NI Available to Com Stockholders": "121,999,805", "Basic EPS": "-", "Diluted EPS": "-", "Basic Average Shares": "-", "Diluted Average Shares": "-", "Total Operating Income as Reported": "239,612,000", "Total Expenses": "1,458,669,612", "Net Income from Continuing & Discontinued Operation": "121,999,805", "Normalized Income": "124,136,893", "Interest Income": "14,945,879", "Interest Expense": "54,772,837", "Net Interest Income": "-39,826,958", "EBIT": "232,795,556", "EBITDA": "232,795,556", "Reconciled Cost of Revenue": "1,022,498,659", "Net Income from Continuing Operation Net Minority Interest": "121,999,805", "Total Unusual Items Excluding Goodwill": "-3,088,278", "Total Unusual Items": "-3,088,278", "Normalized EBITDA": "235,883,834", "Tax Rate for Calcs": "0", "Tax Effect of Unusual Items": "-951,190"}, "12/31/2020": {"Duration": "12/31/2020", "Total Revenue": "1,698,281,237", "Cost of Revenue": "1,022,498,659", "Gross Profit": "675,782,578", "Operating Expense": "436,170,953", "Operating Income": "239,611,625", "Net Non Operating Interest Income Expense": "-39,826,958", "Other Income Expense": "-21,761,948", "Pretax Income": "178,022,719", "Tax Provision": "54,905,399", "Net Income Common Stockholders": "121,999,805", "Diluted NI Available to Com Stockholders": "121,999,805", "Basic EPS": "-", "Diluted EPS": "-", "Basic Average Shares": "-", "Diluted Average Shares": "-", "Total Operating Income as Reported": "239,612,000", "Total Expenses": "1,458,669,612", "Net Income from Continuing & Discontinued Operation": "121,999,805", "Normalized Income": "124,136,893", "Interest Income": "14,945,879", "Interest Expense": "54,772,837", "Net Interest Income": "-39,826,958", "EBIT": "232,795,556", "EBITDA": "-", "Reconciled Cost of Revenue": "1,022,498,659", "Net Income from Continuing Operation Net Minority Interest": "121,999,805", "Total Unusual Items Excluding Goodwill": "-3,088,278", "Total Unusual Items": "-3,088,278", "Normalized EBITDA": "235,883,834", "Tax Rate for Calcs": "0", "Tax Effect of Unusual Items": "-951,190"}, "12/31/2019": {"Duration": "12/31/2019", "Total Revenue": "1,779,025,115", "Cost of Revenue": "1,048,343,767", "Gross Profit": "730,681,348", "Operating Expense": "497,257,071", "Operating Income": "233,424,277", "Net Non Operating Interest Income Expense": "-1,080,448", "Other Income Expense": "4,069,287", "Pretax Income": "236,413,116", "Tax Provision": "61,166,891", "Net Income Common Stockholders": "173,721,928", "Diluted NI Available to Com Stockholders": "173,721,928", "Basic EPS": "1.10k", "Diluted EPS": "1.10k", "Basic Average Shares": "157,762", "Diluted Average Shares": "157,762", "Total Operating Income as Reported": "237,781,000", "Total Expenses": "1,545,600,838", "Net Income from Continuing & Discontinued Operation": "173,721,928", "Normalized Income": "191,881,004", "Interest Income": "3,249,550", "Interest Expense": "39,490,706", "Net Interest Income": "-1,080,448", "EBIT": "275,903,822", "EBITDA": "-", "Reconciled Cost of Revenue": "1,048,343,767", "Net Income from Continuing Operation Net Minority Interest": "173,721,928", "Total Unusual Items Excluding Goodwill": "-24,506,175", "Total Unusual Items": "-24,506,175", "Normalized EBITDA": "300,409,997", "Tax Rate for Calcs": "0", "Tax Effect of Unusual Items": "-6,347,099"}, "12/31/2018": {"Duration": "12/31/2018", "Total Revenue": "1,672,915,799", "Cost of Revenue": "968,027,774", "Gross Profit": "704,888,025", "Operating Expense": "483,939,649", "Operating Income": "220,948,376", "Net Non Operating Interest Income Expense": "-51,074,416", "Other Income Expense": "-16,858,359", "Pretax Income": "153,015,601", "Tax Provision": "55,564,855", "Net Income Common Stockholders": "96,603,371", "Diluted NI Available to Com Stockholders": "96,603,371", "Basic EPS": "583.20", "Diluted EPS": "583.20", "Basic Average Shares": "157,762", "Diluted Average Shares": "157,762", "Total Operating Income as Reported": "-", "Total Expenses": "1,451,967,423", "Net Income from Continuing & Discontinued Operation": "96,603,371", "Normalized Income": "98,156,823", "Interest Income": "3,940,244", "Interest Expense": "55,014,660", "Net Interest Income": "-51,074,416", "EBIT": "208,030,261", "EBITDA": "-", "Reconciled Cost of Revenue": "968,027,774", "Net Income from Continuing Operation Net Minority Interest": "96,603,371", "Total Unusual Items Excluding Goodwill": "-2,434,877", "Total Unusual Items": "-2,434,877", "Normalized EBITDA": "210,465,138", "Tax Rate for Calcs": "0", "Tax Effect of Unusual Items": "-881,425"}}, "bs": {"12/31/2020": {"Duration": "12/31/2020", "Total Assets": "2,448,064,400", "Total Liabilities Net Minority Interest": "1,616,503,809", "Total Equity Gross Minority Interest": "831,560,591", "Total Capitalization": "1,734,102,456", "Common Stock Equity": "811,181,114", "Capital Lease Obligations": "21,057,857", "Net Tangible Assets": "108,341,356", "Working Capital": "419,241,530", "Invested Capital": "1,753,606,543", "Tangible Book Value": "108,341,356", "Total Debt": "963,483,286", "Net Debt": "632,894,730", "Share Issued": "946,571", "Ordinary Shares Number": "946,571"}, "12/31/2019": {"Duration": "12/31/2019", "Total Assets": "2,390,948,423", "Total Liabilities Net Minority Interest": "1,422,044,475", "Total Equity Gross Minority Interest": "968,903,948", "Total Capitalization": "1,668,522,047", "Common Stock Equity": "948,649,690", "Capital Lease Obligations": "29,468,235", "Net Tangible Assets": "152,352,654", "Working Capital": "121,815,751", "Invested Capital": "1,691,564,809", "Tangible Book Value": "152,352,654", "Total Debt": "772,383,354", "Net Debt": "585,347,133", "Share Issued": "946,571", "Ordinary Shares Number": "946,571"}, "12/31/2018": {"Duration": "12/31/2018", "Total Assets": "2,214,504,689", "Total Liabilities Net Minority Interest": "1,350,789,946", "Total Equity Gross Minority Interest": "863,714,743", "Total Capitalization": "1,546,579,436", "Common Stock Equity": "843,813,126", "Capital Lease Obligations": "15,331,935", "Net Tangible Assets": "57,761,400", "Working Capital": "61,724,353", "Invested Capital": "1,588,786,653", "Tangible Book Value": "57,761,400", "Total Debt": "760,305,462", "Net Debt": "607,434,914", "Share Issued": "946,571", "Ordinary Shares Number": "946,571"}}, "cf": {"TTM": {"Duration": "TTM", "Cash Flows from Used in Operating Activities Direct": "278,768,998", "Investing Cash Flow": "-223,878,758", "Financing Cash Flow": "113,040,961", "End Cash Position": "309,530,699", "Capital Expenditure": "-86,082,847", "Issuance of Debt": "27,633,156", "Repayment of Debt": "-29,171,823", "Free Cash Flow": "192,686,151"}, "12/31/2020": {"Duration": "12/31/2020", "Cash Flows from Used in Operating Activities Direct": "278,768,998", "Investing Cash Flow": "-223,878,758", "Financing Cash Flow": "113,040,961", "End Cash Position": "309,530,699", "Capital Expenditure": "-86,082,847", "Issuance of Debt": "27,633,156", "Repayment of Debt": "-29,171,823", "Free Cash Flow": "192,686,151"}, "12/31/2019": {"Duration": "12/31/2019", "Cash Flows from Used in Operating Activities Direct": "255,148,474", "Investing Cash Flow": "-110,048,000", "Financing Cash Flow": "-127,112,637", "End Cash Position": "157,567,986", "Capital Expenditure": "-111,131,565", "Issuance of Debt": "50,297,337", "Repayment of Debt": "-77,322,346", "Free Cash Flow": "144,016,909"}, "12/31/2018": {"Duration": "12/31/2018", "Cash Flows from Used in Operating Activities Direct": "235,279,362", "Investing Cash Flow": "-118,085,648", "Financing Cash Flow": "-114,635,278", "End Cash Position": "137,538,613", "Capital Expenditure": "-121,063,273", "Issuance of Debt": "29,850,728", "Repayment of Debt": "-46,630,825", "Free Cash Flow": "114,216,089"}}}}, {"WTER": {"quote": {"03/26/2021": {"value": "1.1300", "Market Cap": "98.546M", "Beta (5Y Monthly)": "2.36", "PE Ratio (TTM)": "N/A", "EPS (TTM)": "-0.2570", "Earnings Date": "Feb 16, 2021", "Forward Dividend & Yield": "N/A (N/A)", "Ex-Dividend Date": "N/A", "1y Target Est": "2.42"}}, "fin": {"TTM": {"Duration": "TTM", "Total Revenue": "47,244", "Cost of Revenue": "27,936", "Gross Profit": "19,309", "Operating Expense": "34,449", "Operating Income": "-15,140", "Net Non Operating Interest Income Expense": "-587.276", "Other Income Expense": "-", "Pretax Income": "-15,727", "Net Income Common Stockholders": "-15,727", "Diluted NI Available to Com Stockholders": "-15,727", "Basic EPS": "-", "Diluted EPS": "-", "Basic Average Shares": "-", "Diluted Average Shares": "-", "Total Operating Income as Reported": "-15,140", "Total Expenses": "62,384", "Net Income from Continuing & Discontinued Operation": "-15,727", "Normalized Income": "-15,727", "Interest Income": "-", "Interest Expense": "587.276", "Net Interest Income": "-587.276", "EBIT": "-15,140", "EBITDA": "-14,162", "Reconciled Cost of Revenue": "27,946", "Reconciled Depreciation": "967.524", "Net Income from Continuing Operation Net Minority Interest": "-15,727", "Total Unusual Items Excluding Goodwill": "-", "Total Unusual Items": "-", "Normalized EBITDA": "-14,162", "Tax Rate for Calcs": "0", "Tax Effect of Unusual Items": "0"}, "3/31/2020": {"Duration": "3/31/2020", "Total Revenue": "41,142", "Cost of Revenue": "24,303", "Gross Profit": "16,840", "Operating Expense": "31,218", "Operating Income": "-14,378", "Net Non Operating Interest Income Expense": "-448.758", "Other Income Expense": "-", "Pretax Income": "-14,827", "Net Income Common Stockholders": "-14,827", "Diluted NI Available to Com Stockholders": "-14,827", "Basic EPS": "-0.34", "Diluted EPS": "-0.34", "Basic Average Shares": "43,016", "Diluted Average Shares": "43,016", "Total Operating Income as Reported": "-14,378", "Total Expenses": "55,521", "Net Income from Continuing & Discontinued Operation": "-14,827", "Normalized Income": "-14,827", "Interest Income": "-", "Interest Expense": "448.758", "Net Interest Income": "-448.758", "EBIT": "-14,378", "EBITDA": "-", "Reconciled Cost of Revenue": "24,303", "Reconciled Depreciation": "1,011", "Net Income from Continuing Operation Net Minority Interest": "-14,827", "Total Unusual Items Excluding Goodwill": "-", "Total Unusual Items": "-", "Normalized EBITDA": "-13,367", "Tax Rate for Calcs": "0", "Tax Effect of Unusual Items": "0"}, "3/31/2019": {"Duration": "3/31/2019", "Total Revenue": "32,200", "Cost of Revenue": "19,253", "Gross Profit": "12,947", "Operating Expense": "21,010", "Operating Income": "-8,063", "Net Non Operating Interest Income Expense": "-554.482", "Other Income Expense": "0.288", "Pretax Income": "-8,618", "Net Income Common Stockholders": "-8,618", "Diluted NI Available to Com Stockholders": "-8,618", "Basic EPS": "-0.27", "Diluted EPS": "-0.27", "Basic Average Shares": "31,932", "Diluted Average Shares": "31,932", "Total Operating Income as Reported": "-8,063", "Total Expenses": "40,263", "Net Income from Continuing & Discontinued Operation": "-8,618", "Normalized Income": "-8,618", "Interest Income": "-", "Interest Expense": "554.482", "Net Interest Income": "-554.482", "EBIT": "-8,063", "EBITDA": "-", "Reconciled Cost of Revenue": "19,253", "Reconciled Depreciation": "580.669", "Net Income from Continuing Operation Net Minority Interest": "-8,618", "Total Unusual Items Excluding Goodwill": "0.288", "Total Unusual Items": "0.288", "Normalized EBITDA": "-7,483", "Tax Rate for Calcs": "0", "Tax Effect of Unusual Items": "0"}}, "bs": {"3/31/2020": {"Duration": "3/31/2020", "Total Assets": "15,606", "Total Liabilities Net Minority Interest": "13,984", "Total Equity Gross Minority Interest": "1,622", "Total Capitalization": "1,622", "Preferred Stock Equity": "3.4", "Common Stock Equity": "1,619", "Capital Lease Obligations": "99.389", "Net Tangible Assets": "1,622", "Working Capital": "199.552", "Invested Capital": "8,910", "Tangible Book Value": "1,619", "Total Debt": "7,391", "Net Debt": "2,730", "Share Issued": "45,586", "Ordinary Shares Number": "45,586"}, "3/31/2019": {"Duration": "3/31/2019", "Total Assets": "18,483", "Total Liabilities Net Minority Interest": "7,126", "Total Equity Gross Minority Interest": "11,357", "Total Capitalization": "11,357", "Preferred Stock Equity": "5.3", "Common Stock Equity": "11,352", "Capital Lease Obligations": "-", "Net Tangible Assets": "11,357", "Working Capital": "9,412", "Invested Capital": "14,483", "Tangible Book Value": "11,352", "Total Debt": "3,131", "Net Debt": "-", "Share Issued": "39,574", "Ordinary Shares Number": "39,574"}}, "cf": {"TTM": {"Duration": "TTM", "Operating Cash Flow": "-14,366", "Investing Cash Flow": "-396.992", "Financing Cash Flow": "12,306", "End Cash Position": "1,717", "Income Tax Paid Supplemental Data": "0", "Interest Paid Supplemental Data": "526.637", "Capital Expenditure": "-396.992", "Issuance of Capital Stock": "4,900", "Issuance of Debt": "4,486", "Repayment of Debt": "-3,056", "Repurchase of Capital Stock": "-", "Free Cash Flow": "-14,763"}, "3/31/2020": {"Duration": "3/31/2020", "Operating Cash Flow": "-13,643", "Investing Cash Flow": "-488.557", "Financing Cash Flow": "7,660", "End Cash Position": "4,562", "Income Tax Paid Supplemental Data": "0", "Interest Paid Supplemental Data": "350.327", "Capital Expenditure": "-488.557", "Issuance of Capital Stock": "0", "Issuance of Debt": "4,160", "Repayment of Debt": "0", "Repurchase of Capital Stock": "-", "Free Cash Flow": "-14,131"}, "3/31/2019": {"Duration": "3/31/2019", "Operating Cash Flow": "-8,129", "Investing Cash Flow": "-1,356", "Financing Cash Flow": "19,528", "End Cash Position": "11,032", "Income Tax Paid Supplemental Data": "-", "Interest Paid Supplemental Data": "430.614", "Capital Expenditure": "-1,356", "Issuance of Capital Stock": "17,238", "Issuance of Debt": "539.264", "Repayment of Debt": "-131.583", "Repurchase of Capital Stock": "-", "Free Cash Flow": "-9,485"}}}}, {"MNST": {"quote": {"03/26/2021": {"value": "91.65", "Market Cap": "48.404B", "Beta (5Y Monthly)": "1.09", "PE Ratio (TTM)": "34.72", "EPS (TTM)": "2.64", "Earnings Date": "May 05, 2021 - May 10, 2021", "Forward Dividend & Yield": "N/A (N/A)", "Ex-Dividend Date": "N/A", "1y Target Est": "102.61"}}, "fin": {"TTM": {"Duration": "TTM", "Total Revenue": "4,598,638", "Cost of Revenue": "1,874,758", "Gross Profit": "2,723,880", "Operating Expense": "1,090,727", "Operating Income": "1,633,153", "Net Non Operating Interest Income Expense": "-6,996", "Other Income Expense": "-6,996", "Pretax Income": "1,626,157", "Tax Provision": "216,563", "Net Income Common Stockholders": "1,409,594", "Diluted NI Available to Com Stockholders": "1,409,594", "Basic EPS": "-", "Diluted EPS": "-", "Basic Average Shares": "-", "Diluted Average Shares": "-", "Total Operating Income as Reported": "1,633,153", "Total Expenses": "2,965,485", "Net Income from Continuing & Discontinued Operation": "1,409,594", "Normalized Income": "1,409,594", "Interest Income": "-", "Net Interest Income": "-6,996", "EBIT": "1,633,153", "EBITDA": "1,694,126", "Reconciled Cost of Revenue": "1,874,758", "Reconciled Depreciation": "60,973", "Net Income from Continuing Operation Net Minority Interest": "1,409,594", "Total Unusual Items Excluding Goodwill": "-", "Total Unusual Items": "-", "Normalized EBITDA": "1,694,126", "Tax Rate for Calcs": "0", "Tax Effect of Unusual Items": "0"}, "12/31/2020": {"Duration": "12/31/2020", "Total Revenue": "4,598,638", "Cost of Revenue": "1,874,758", "Gross Profit": "2,723,880", "Operating Expense": "1,090,727", "Operating Income": "1,633,153", "Net Non Operating Interest Income Expense": "-6,996", "Other Income Expense": "-6,996", "Pretax Income": "1,626,157", "Tax Provision": "216,563", "Net Income Common Stockholders": "1,409,594", "Diluted NI Available to Com Stockholders": "1,409,594", "Basic EPS": "-", "Diluted EPS": "-", "Basic Average Shares": "-", "Diluted Average Shares": "-", "Total Operating Income as Reported": "1,633,153", "Total Expenses": "2,965,485", "Net Income from Continuing & Discontinued Operation": "1,409,594", "Normalized Income": "1,409,594", "Interest Income": "-", "Net Interest Income": "-6,996", "EBIT": "1,633,153", "EBITDA": "-", "Reconciled Cost of Revenue": "1,874,758", "Reconciled Depreciation": "60,973", "Net Income from Continuing Operation Net Minority Interest": "1,409,594", "Total Unusual Items Excluding Goodwill": "-", "Total Unusual Items": "-", "Normalized EBITDA": "1,694,126", "Tax Rate for Calcs": "0", "Tax Effect of Unusual Items": "0"}, "12/31/2019": {"Duration": "12/31/2019", "Total Revenue": "4,200,819", "Cost of Revenue": "1,682,234", "Gross Profit": "2,518,585", "Operating Expense": "1,115,646", "Operating Income": "1,402,939", "Net Non Operating Interest Income Expense": "13,023", "Other Income Expense": "13,023", "Pretax Income": "1,415,962", "Tax Provision": "308,127", "Net Income Common Stockholders": "1,107,835", "Diluted NI Available to Com Stockholders": "1,107,835", "Basic EPS": "2.04", "Diluted EPS": "2.03", "Basic Average Shares": "542,191", "Diluted Average Shares": "546,608", "Total Operating Income as Reported": "1,402,939", "Total Expenses": "2,797,880", "Net Income from Continuing & Discontinued Operation": "1,107,835", "Normalized Income": "1,107,835", "Interest Income": "13,023", "Net Interest Income": "13,023", "EBIT": "1,402,939", "EBITDA": "-", "Reconciled Cost of Revenue": "1,682,234", "Reconciled Depreciation": "64,814", "Net Income from Continuing Operation Net Minority Interest": "1,107,835", "Total Unusual Items Excluding Goodwill": "-", "Total Unusual Items": "-", "Normalized EBITDA": "1,467,753", "Tax Rate for Calcs": "0", "Tax Effect of Unusual Items": "0"}, "12/31/2018": {"Duration": "12/31/2018", "Total Revenue": "3,807,183", "Cost of Revenue": "1,511,808", "Gross Profit": "2,295,375", "Operating Expense": "1,011,756", "Operating Income": "1,283,619", "Net Non Operating Interest Income Expense": "9,653", "Other Income Expense": "9,653", "Pretax Income": "1,293,272", "Tax Provision": "300,268", "Net Income Common Stockholders": "993,004", "Diluted NI Available to Com Stockholders": "993,004", "Basic EPS": "1.78", "Diluted EPS": "1.76", "Basic Average Shares": "557,166", "Diluted Average Shares": "564,254", "Total Operating Income as Reported": "1,283,619", "Total Expenses": "2,523,564", "Net Income from Continuing & Discontinued Operation": "993,004", "Normalized Income": "993,004", "Interest Income": "9,653", "Net Interest Income": "9,653", "EBIT": "1,283,619", "EBITDA": "-", "Reconciled Cost of Revenue": "1,511,808", "Reconciled Depreciation": "56,979", "Net Income from Continuing Operation Net Minority Interest": "993,004", "Total Unusual Items Excluding Goodwill": "-", "Total Unusual Items": "-", "Normalized EBITDA": "1,340,598", "Tax Rate for Calcs": "0", "Tax Effect of Unusual Items": "0"}}, "bs": {"12/31/2020": {"Duration": "12/31/2020", "Total Assets": "6,202,716", "Total Liabilities Net Minority Interest": "1,041,856", "Total Equity Gross Minority Interest": "5,160,860", "Total Capitalization": "5,160,860", "Common Stock Equity": "5,160,860", "Net Tangible Assets": "2,770,171", "Working Capital": "2,390,967", "Invested Capital": "5,160,860", "Tangible Book Value": "2,770,171", "Share Issued": "638,662", "Ordinary Shares Number": "528,097", "Treasury Shares Number": "110,565"}, "12/31/2019": {"Duration": "12/31/2019", "Total Assets": "5,150,352", "Total Liabilities Net Minority Interest": "979,071", "Total Equity Gross Minority Interest": "4,171,281", "Total Capitalization": "4,171,281", "Common Stock Equity": "4,171,281", "Net Tangible Assets": "1,787,533", "Working Capital": "1,655,212", "Invested Capital": "4,171,281", "Tangible Book Value": "1,787,533", "Share Issued": "636,460", "Ordinary Shares Number": "536,698", "Treasury Shares Number": "99,762"}, "12/31/2018": {"Duration": "12/31/2018", "Total Assets": "4,526,891", "Total Liabilities Net Minority Interest": "915,990", "Total Equity Gross Minority Interest": "3,610,901", "Total Capitalization": "3,610,901", "Common Stock Equity": "3,610,901", "Net Tangible Assets": "1,233,380", "Working Capital": "1,203,025", "Invested Capital": "3,610,901", "Tangible Book Value": "1,233,380", "Share Issued": "630,970", "Ordinary Shares Number": "543,676", "Treasury Shares Number": "87,294"}}, "cf": {"TTM": {"Duration": "TTM", "Operating Cash Flow": "1,364,163", "Investing Cash Flow": "-472,487", "Financing Cash Flow": "-526,068", "End Cash Position": "1,180,413", "Income Tax Paid Supplemental Data": "355,509", "Interest Paid Supplemental Data": "44", "Capital Expenditure": "-67,272", "Issuance of Capital Stock": "72,936", "Repayment of Debt": "-3,086", "Repurchase of Capital Stock": "-595,918", "Free Cash Flow": "1,296,891"}, "12/31/2020": {"Duration": "12/31/2020", "Operating Cash Flow": "1,364,163", "Investing Cash Flow": "-472,487", "Financing Cash Flow": "-526,068", "End Cash Position": "1,180,413", "Income Tax Paid Supplemental Data": "355,509", "Interest Paid Supplemental Data": "44", "Capital Expenditure": "-67,272", "Issuance of Capital Stock": "72,936", "Repayment of Debt": "-3,086", "Repurchase of Capital Stock": "-595,918", "Free Cash Flow": "1,296,891"}, "12/31/2019": {"Duration": "12/31/2019", "Operating Cash Flow": "1,113,762", "Investing Cash Flow": "-326,724", "Financing Cash Flow": "-628,506", "End Cash Position": "797,957", "Income Tax Paid Supplemental Data": "293,810", "Interest Paid Supplemental Data": "320", "Capital Expenditure": "-110,398", "Issuance of Capital Stock": "92,363", "Repayment of Debt": "-13,569", "Repurchase of Capital Stock": "-707,300", "Free Cash Flow": "1,003,364"}, "12/31/2018": {"Duration": "12/31/2018", "Operating Cash Flow": "1,161,881", "Investing Cash Flow": "272,956", "Financing Cash Flow": "-1,316,111", "End Cash Position": "637,513", "Income Tax Paid Supplemental Data": "200,767", "Interest Paid Supplemental Data": "60", "Capital Expenditure": "-74,925", "Issuance of Capital Stock": "27,851", "Repayment of Debt": "-1,886", "Repurchase of Capital Stock": "-1,342,076", "Free Cash Flow": "1,086,956"}}}}, {"COKE": {"quote": {"03/26/2021": {"value": "297.56", "Market Cap": "2.789B", "Beta (5Y Monthly)": "1.01", "PE Ratio (TTM)": "16.26", "EPS (TTM)": "18.30", "Earnings Date": "May 03, 2021 - May 07, 2021", "Forward Dividend & Yield": "1.00 (0.34%)", "Ex-Dividend Date": "Jan 21, 2021", "1y Target Est": "N/A"}}, "fin": {"TTM": {"Duration": "TTM", "Total Revenue": "5,007,357", "Cost of Revenue": "3,238,448", "Gross Profit": "1,768,909", "Operating Expense": "1,455,531", "Operating Income": "313,378", "Net Non Operating Interest Income Expense": "-36,735", "Other Income Expense": "-35,603", "Pretax Income": "241,040", "Tax Provision": "58,943", "Net Income Common Stockholders": "172,493", "Diluted NI Available to Com Stockholders": "172,493", "Basic EPS": "-", "Diluted EPS": "-", "Basic Average Shares": "-", "Diluted Average Shares": "-", "Total Operating Income as Reported": "313,378", "Total Expenses": "4,693,979", "Net Income from Continuing & Discontinued Operation": "172,493", "Normalized Income": "196,057", "Interest Expense": "36,735", "Net Interest Income": "-36,735", "EBIT": "277,775", "EBITDA": "456,792", "Reconciled Cost of Revenue": "3,238,448", "Reconciled Depreciation": "179,017", "Net Income from Continuing Operation Net Minority Interest": "172,493", "Total Unusual Items Excluding Goodwill": "-31,210", "Total Unusual Items": "-31,210", "Normalized EBITDA": "488,002", "Tax Rate for Calcs": "0", "Tax Effect of Unusual Items": "-7,646"}, "12/31/2020": {"Duration": "12/31/2020", "Total Revenue": "5,007,357", "Cost of Revenue": "3,238,448", "Gross Profit": "1,768,909", "Operating Expense": "1,455,531", "Operating Income": "313,378", "Net Non Operating Interest Income Expense": "-36,735", "Other Income Expense": "-35,603", "Pretax Income": "241,040", "Tax Provision": "58,943", "Net Income Common Stockholders": "172,493", "Diluted NI Available to Com Stockholders": "172,493", "Basic EPS": "-", "Diluted EPS": "-", "Basic Average Shares": "-", "Diluted Average Shares": "-", "Total Operating Income as Reported": "313,378", "Total Expenses": "4,693,979", "Net Income from Continuing & Discontinued Operation": "172,493", "Normalized Income": "196,057", "Interest Expense": "36,735", "Net Interest Income": "-36,735", "EBIT": "277,775", "EBITDA": "-", "Reconciled Cost of Revenue": "3,238,448", "Reconciled Depreciation": "179,017", "Net Income from Continuing Operation Net Minority Interest": "172,493", "Total Unusual Items Excluding Goodwill": "-31,210", "Total Unusual Items": "-31,210", "Normalized EBITDA": "488,002", "Tax Rate for Calcs": "0", "Tax Effect of Unusual Items": "-7,646"}, "12/31/2019": {"Duration": "12/31/2019", "Total Revenue": "4,826,549", "Cost of Revenue": "3,156,047", "Gross Profit": "1,670,502", "Operating Expense": "1,489,748", "Operating Income": "180,754", "Net Non Operating Interest Income Expense": "-45,990", "Other Income Expense": "-100,539", "Pretax Income": "34,225", "Tax Provision": "15,665", "Net Income Common Stockholders": "11,375", "Diluted NI Available to Com Stockholders": "11,375", "Basic EPS": "1.21", "Diluted EPS": "1.21", "Basic Average Shares": "9,370", "Diluted Average Shares": "11,649", "Total Operating Income as Reported": "180,754", "Total Expenses": "4,645,795", "Net Income from Continuing & Discontinued Operation": "11,375", "Normalized Income": "79,110", "Interest Expense": "45,990", "Net Interest Income": "-45,990", "EBIT": "80,215", "EBITDA": "-", "Reconciled Cost of Revenue": "3,156,047", "Reconciled Depreciation": "179,916", "Net Income from Continuing Operation Net Minority Interest": "11,375", "Total Unusual Items Excluding Goodwill": "-92,788", "Total Unusual Items": "-92,788", "Normalized EBITDA": "352,919", "Tax Rate for Calcs": "0", "Tax Effect of Unusual Items": "-25,053"}, "12/31/2018": {"Duration": "12/31/2018", "Total Revenue": "4,625,364", "Cost of Revenue": "3,069,652", "Gross Profit": "1,555,712", "Operating Expense": "1,497,810", "Operating Income": "57,902", "Net Non Operating Interest Income Expense": "-50,506", "Other Income Expense": "-20,683", "Pretax Income": "-13,287", "Tax Provision": "1,869", "Net Income Common Stockholders": "-19,930", "Diluted NI Available to Com Stockholders": "-19,930", "Basic EPS": "-2.13", "Diluted EPS": "-2.13", "Basic Average Shares": "9,350", "Diluted Average Shares": "9,350", "Total Operating Income as Reported": "57,902", "Total Expenses": "4,567,462", "Net Income from Continuing & Discontinued Operation": "-19,930", "Normalized Income": "-6,354", "Interest Expense": "50,506", "Net Interest Income": "-50,506", "EBIT": "37,219", "EBITDA": "-", "Reconciled Cost of Revenue": "3,069,652", "Reconciled Depreciation": "187,256", "Net Income from Continuing Operation Net Minority Interest": "-19,930", "Total Unusual Items Excluding Goodwill": "-18,597", "Total Unusual Items": "-18,597", "Normalized EBITDA": "243,072", "Tax Rate for Calcs": "0", "Tax Effect of Unusual Items": "-5,021"}}, "bs": {"12/31/2020": {"Duration": "12/31/2020", "Total Assets": "3,222,450", "Total Liabilities Net Minority Interest": "2,709,460", "Total Equity Gross Minority Interest": "512,990", "Total Capitalization": "1,453,455", "Common Stock Equity": "512,990", "Capital Lease Obligations": "215,533", "Net Tangible Assets": "-519,470", "Working Capital": "201,760", "Invested Capital": "1,456,248", "Tangible Book Value": "-519,470", "Total Debt": "1,158,791", "Net Debt": "888,465", "Share Issued": "12,436", "Ordinary Shares Number": "9,374", "Treasury Shares Number": "3,690"}, "12/31/2019": {"Duration": "12/31/2019", "Total Assets": "3,126,926", "Total Liabilities Net Minority Interest": "2,675,810", "Total Equity Gross Minority Interest": "451,116", "Total Capitalization": "1,376,872", "Common Stock Equity": "346,952", "Capital Lease Obligations": "139,595", "Net Tangible Assets": "-709,690", "Working Capital": "208,081", "Invested Capital": "1,397,071", "Tangible Book Value": "-709,690", "Total Debt": "1,189,714", "Net Debt": "1,040,505", "Share Issued": "12,436", "Ordinary Shares Number": "9,374", "Treasury Shares Number": "3,690"}, "12/31/2018": {"Duration": "12/31/2018", "Total Assets": "3,009,928", "Total Liabilities Net Minority Interest": "2,554,762", "Total Equity Gross Minority Interest": "455,166", "Total Capitalization": "1,462,590", "Common Stock Equity": "358,187", "Capital Lease Obligations": "35,248", "Net Tangible Assets": "-724,581", "Working Capital": "195,681", "Invested Capital": "1,535,291", "Tangible Book Value": "-724,581", "Total Debt": "1,212,352", "Net Debt": "1,163,556", "Share Issued": "13,045", "Ordinary Shares Number": "9,354", "Treasury Shares Number": "3,690"}}, "cf": {"TTM": {"Duration": "TTM", "Operating Cash Flow": "494,461", "Investing Cash Flow": "-200,419", "Financing Cash Flow": "-248,863", "End Cash Position": "54,793", "Capital Expenditure": "-202,034", "Issuance of Debt": "235,000", "Repayment of Debt": "-330,861", "Free Cash Flow": "292,427"}, "12/31/2020": {"Duration": "12/31/2020", "Operating Cash Flow": "494,461", "Investing Cash Flow": "-200,419", "Financing Cash Flow": "-248,863", "End Cash Position": "54,793", "Capital Expenditure": "-202,034", "Issuance of Debt": "235,000", "Repayment of Debt": "-330,861", "Free Cash Flow": "292,427"}, "12/31/2019": {"Duration": "12/31/2019", "Operating Cash Flow": "290,370", "Investing Cash Flow": "-173,677", "Financing Cash Flow": "-120,627", "End Cash Position": "9,614", "Capital Expenditure": "-176,028", "Issuance of Debt": "615,339", "Repayment of Debt": "-698,995", "Free Cash Flow": "114,342"}, "12/31/2018": {"Duration": "12/31/2018", "Operating Cash Flow": "168,879", "Investing Cash Flow": "-143,945", "Financing Cash Flow": "-28,288", "End Cash Position": "13,548", "Capital Expenditure": "-138,235", "Issuance of Debt": "506,000", "Repayment of Debt": "-498,721", "Free Cash Flow": "30,644"}}}}, {"FIZZ": {"quote": {"03/26/2021": {"value": "49.19", "Market Cap": "4.589B", "Beta (5Y Monthly)": "1.12", "PE Ratio (TTM)": "26.88", "EPS (TTM)": "1.83", "Earnings Date": "Mar 11, 2021", "Forward Dividend & Yield": "N/A (N/A)", "Ex-Dividend Date": "Dec 03, 2020", "1y Target Est": "42.33"}}, "fin": {"TTM": {"Duration": "TTM", "Total Revenue": "1,073,508", "Cost of Revenue": "653,920", "Gross Profit": "419,588", "Operating Expense": "196,852", "Operating Income": "222,736", "Net Non Operating Interest Income Expense": "-", "Other Income Expense": "1,377", "Pretax Income": "224,113", "Tax Provision": "52,885", "Net Income Common Stockholders": "171,228", "Diluted NI Available to Com Stockholders": "171,228", "Basic EPS": "-", "Diluted EPS": "-", "Basic Average Shares": "-", "Diluted Average Shares": "-", "Total Operating Income as Reported": "222,736", "Total Expenses": "850,772", "Net Income from Continuing & Discontinued Operation": "171,228", "Normalized Income": "171,228", "Interest Expense": "-", "Net Interest Income": "-", "EBIT": "222,736", "EBITDA": "255,106", "Reconciled Cost of Revenue": "653,920", "Reconciled Depreciation": "32,370", "Net Income from Continuing Operation Net Minority Interest": "171,228", "Normalized EBITDA": "255,106", "Tax Rate for Calcs": "0", "Tax Effect of Unusual Items": "0"}, "4/30/2020": {"Duration": "4/30/2020", "Total Revenue": "1,000,394", "Cost of Revenue": "630,254", "Gross Profit": "370,140", "Operating Expense": "204,394", "Operating Income": "165,746", "Net Non Operating Interest Income Expense": "-", "Other Income Expense": "3,709", "Pretax Income": "169,455", "Tax Provision": "39,483", "Net Income Common Stockholders": "129,972", "Diluted NI Available to Com Stockholders": "129,972", "Basic EPS": "1.40", "Diluted EPS": "1.39", "Basic Average Shares": "93,256", "Diluted Average Shares": "93,656", "Total Operating Income as Reported": "165,746", "Total Expenses": "834,648", "Net Income from Continuing & Discontinued Operation": "129,972", "Normalized Income": "129,972", "Interest Expense": "-", "Net Interest Income": "-", "EBIT": "165,746", "EBITDA": "-", "Reconciled Cost of Revenue": "630,254", "Reconciled Depreciation": "30,585", "Net Income from Continuing Operation Net Minority Interest": "129,972", "Normalized EBITDA": "196,331", "Tax Rate for Calcs": "0", "Tax Effect of Unusual Items": "0"}, "4/30/2019": {"Duration": "4/30/2019", "Total Revenue": "1,014,105", "Cost of Revenue": "629,755", "Gross Profit": "384,350", "Operating Expense": "204,415", "Operating Income": "179,935", "Net Non Operating Interest Income Expense": "-202", "Other Income Expense": "4,144", "Pretax Income": "183,877", "Tax Provision": "43,024", "Net Income Common Stockholders": "140,853", "Diluted NI Available to Com Stockholders": "140,853", "Basic EPS": "1.51", "Diluted EPS": "1.50", "Basic Average Shares": "93,266", "Diluted Average Shares": "93,834", "Total Operating Income as Reported": "-", "Total Expenses": "834,170", "Net Income from Continuing & Discontinued Operation": "140,853", "Normalized Income": "140,853", "Interest Expense": "202", "Net Interest Income": "-202", "EBIT": "184,079", "EBITDA": "-", "Reconciled Cost of Revenue": "629,755", "Reconciled Depreciation": "15,439", "Net Income from Continuing Operation Net Minority Interest": "140,853", "Normalized EBITDA": "199,518", "Tax Rate for Calcs": "0", "Tax Effect of Unusual Items": "0"}, "4/30/2018": {"Duration": "4/30/2018", "Total Revenue": "975,734", "Cost of Revenue": "584,599", "Gross Profit": "391,135", "Operating Expense": "186,947", "Operating Income": "204,188", "Net Non Operating Interest Income Expense": "-201", "Other Income Expense": "1,502", "Pretax Income": "205,489", "Tax Provision": "55,715", "Net Income Common Stockholders": "149,774", "Diluted NI Available to Com Stockholders": "149,774", "Basic EPS": "1.60", "Diluted EPS": "1.59", "Basic Average Shares": "93,196", "Diluted Average Shares": "93,842", "Total Operating Income as Reported": "-", "Total Expenses": "771,546", "Net Income from Continuing & Discontinued Operation": "149,774", "Normalized Income": "149,774", "Interest Expense": "201", "Net Interest Income": "-201", "EBIT": "205,690", "EBITDA": "-", "Reconciled Cost of Revenue": "584,599", "Reconciled Depreciation": "13,226", "Net Income from Continuing Operation Net Minority Interest": "149,774", "Normalized EBITDA": "218,916", "Tax Rate for Calcs": "0", "Tax Effect of Unusual Items": "0"}}, "bs": {"4/30/2020": {"Duration": "4/30/2020", "Total Assets": "648,646", "Total Liabilities Net Minority Interest": "196,309", "Total Equity Gross Minority Interest": "452,337", "Total Capitalization": "452,337", "Preferred Stock Equity": "150", "Common Stock Equity": "452,187", "Capital Lease Obligations": "49,139", "Net Tangible Assets": "437,577", "Working Capital": "319,024", "Invested Capital": "452,187", "Tangible Book Value": "437,427", "Total Debt": "49,139", "Share Issued": "101,606", "Ordinary Shares Number": "93,232", "Treasury Shares Number": "8,374"}, "4/30/2019": {"Duration": "4/30/2019", "Total Assets": "452,193", "Total Liabilities Net Minority Interest": "120,584", "Total Equity Gross Minority Interest": "331,609", "Total Capitalization": "331,609", "Preferred Stock Equity": "150", "Common Stock Equity": "331,459", "Capital Lease Obligations": "-", "Net Tangible Assets": "316,849", "Working Capital": "224,420", "Invested Capital": "331,459", "Tangible Book Value": "316,699", "Total Debt": "-", "Share Issued": "101,356", "Ordinary Shares Number": "93,291", "Treasury Shares Number": "8,065"}, "4/30/2018": {"Duration": "4/30/2018", "Total Assets": "458,832", "Total Liabilities Net Minority Interest": "127,392", "Total Equity Gross Minority Interest": "331,440", "Total Capitalization": "331,440", "Preferred Stock Equity": "150", "Common Stock Equity": "331,290", "Capital Lease Obligations": "-", "Net Tangible Assets": "316,680", "Working Capital": "248,297", "Invested Capital": "331,290", "Tangible Book Value": "316,530", "Total Debt": "-", "Share Issued": "101,302", "Ordinary Shares Number": "93,236", "Treasury Shares Number": "8,066"}}, "cf": {"TTM": {"Duration": "TTM", "Operating Cash Flow": "197,653", "Investing Cash Flow": "-25,026", "Financing Cash Flow": "-280,981", "End Cash Position": "153,306", "Income Tax Paid Supplemental Data": "51,060", "Interest Paid Supplemental Data": "130", "Capital Expenditure": "-25,040", "Repurchase of Capital Stock": "-1,914", "Free Cash Flow": "172,613"}, "4/30/2020": {"Duration": "4/30/2020", "Operating Cash Flow": "177,692", "Investing Cash Flow": "-23,881", "Financing Cash Flow": "-5,493", "End Cash Position": "304,518", "Income Tax Paid Supplemental Data": "29,364", "Interest Paid Supplemental Data": "51", "Capital Expenditure": "-23,890", "Repurchase of Capital Stock": "-6,233", "Free Cash Flow": "153,802"}, "4/30/2019": {"Duration": "4/30/2019", "Operating Cash Flow": "139,442", "Investing Cash Flow": "-38,315", "Financing Cash Flow": "-134,791", "End Cash Position": "156,200", "Income Tax Paid Supplemental Data": "36,833", "Interest Paid Supplemental Data": "51", "Capital Expenditure": "-38,333", "Repurchase of Capital Stock": "-", "Free Cash Flow": "101,109"}, "4/30/2018": {"Duration": "4/30/2018", "Operating Cash Flow": "154,721", "Investing Cash Flow": "-31,911", "Financing Cash Flow": "-69,318", "End Cash Position": "189,864", "Income Tax Paid Supplemental Data": "56,737", "Interest Paid Supplemental Data": "101", "Capital Expenditure": "-31,974", "Repurchase of Capital Stock": "0", "Free Cash Flow": "122,747"}}}}, {"KO": {"quote": {"03/26/2021": {"value": "53.04", "Market Cap": "228.566B", "Beta (5Y Monthly)": "0.62", "PE Ratio (TTM)": "29.63", "EPS (TTM)": "1.79", "Earnings Date": "Apr 19, 2021", "Forward Dividend & Yield": "1.68 (3.23%)", "Ex-Dividend Date": "Mar 12, 2021", "1y Target Est": "57.50"}}, "fin": {"TTM": {"Duration": "TTM", "Total Revenue": "33,014,000", "Cost of Revenue": "13,433,000", "Gross Profit": "19,581,000", "Operating Expense": "9,757,000", "Operating Income": "9,824,000", "Net Non Operating Interest Income Expense": "-1,067,000", "Other Income Expense": "992,000", "Pretax Income": "9,749,000", "Tax Provision": "1,981,000", "Net Income Common Stockholders": "7,747,000", "Diluted NI Available to Com Stockholders": "7,747,000", "Basic EPS": "-", "Diluted EPS": "-", "Basic Average Shares": "-", "Diluted Average Shares": "-", "Total Operating Income as Reported": "8,997,000", "Total Expenses": "23,190,000", "Net Income from Continuing & Discontinued Operation": "7,747,000", "Normalized Income": "8,406,119", "Interest Income": "370,000", "Interest Expense": "1,437,000", "Net Interest Income": "-1,067,000", "EBIT": "11,186,000", "EBITDA": "12,722,000", "Reconciled Cost of Revenue": "13,433,000", "Reconciled Depreciation": "1,536,000", "Net Income from Continuing Operation Net Minority Interest": "7,747,000", "Total Unusual Items Excluding Goodwill": "-827,000", "Total Unusual Items": "-827,000", "Normalized EBITDA": "13,549,000", "Tax Rate for Calcs": "0", "Tax Effect of Unusual Items": "-167,881"}, "12/31/2020": {"Duration": "12/31/2020", "Total Revenue": "33,014,000", "Cost of Revenue": "13,433,000", "Gross Profit": "19,581,000", "Operating Expense": "9,757,000", "Operating Income": "9,824,000", "Net Non Operating Interest Income Expense": "-1,067,000", "Other Income Expense": "992,000", "Pretax Income": "9,749,000", "Tax Provision": "1,981,000", "Net Income Common Stockholders": "7,747,000", "Diluted NI Available to Com Stockholders": "7,747,000", "Basic EPS": "-", "Diluted EPS": "-", "Basic Average Shares": "-", "Diluted Average Shares": "-", "Total Operating Income as Reported": "8,997,000", "Total Expenses": "23,190,000", "Net Income from Continuing & Discontinued Operation": "7,747,000", "Normalized Income": "8,406,119", "Interest Income": "370,000", "Interest Expense": "1,437,000", "Net Interest Income": "-1,067,000", "EBIT": "11,186,000", "EBITDA": "-", "Reconciled Cost of Revenue": "13,433,000", "Reconciled Depreciation": "1,536,000", "Net Income from Continuing Operation Net Minority Interest": "7,747,000", "Total Unusual Items Excluding Goodwill": "-827,000", "Total Unusual Items": "-827,000", "Normalized EBITDA": "13,549,000", "Tax Rate for Calcs": "0", "Tax Effect of Unusual Items": "-167,881"}, "12/31/2019": {"Duration": "12/31/2019", "Total Revenue": "37,266,000", "Cost of Revenue": "14,619,000", "Gross Profit": "22,647,000", "Operating Expense": "12,114,000", "Operating Income": "10,533,000", "Net Non Operating Interest Income Expense": "-383,000", "Other Income Expense": "636,000", "Pretax Income": "10,786,000", "Tax Provision": "1,801,000", "Net Income Common Stockholders": "8,920,000", "Diluted NI Available to Com Stockholders": "8,920,000", "Basic EPS": "2.09", "Diluted EPS": "2.07", "Basic Average Shares": "4,276,000", "Diluted Average Shares": "4,314,000", "Total Operating Income as Reported": "10,086,000", "Total Expenses": "26,733,000", "Net Income from Continuing & Discontinued Operation": "8,920,000", "Normalized Income": "9,292,351", "Interest Income": "563,000", "Interest Expense": "946,000", "Net Interest Income": "-383,000", "EBIT": "11,732,000", "EBITDA": "-", "Reconciled Cost of Revenue": "14,619,000", "Reconciled Depreciation": "1,365,000", "Net Income from Continuing Operation Net Minority Interest": "8,920,000", "Total Unusual Items Excluding Goodwill": "-447,000", "Total Unusual Items": "-447,000", "Normalized EBITDA": "13,544,000", "Tax Rate for Calcs": "0", "Tax Effect of Unusual Items": "-74,649"}, "12/31/2018": {"Duration": "12/31/2018", "Total Revenue": "31,856,000", "Cost of Revenue": "11,770,000", "Gross Profit": "20,086,000", "Operating Expense": "10,305,000", "Operating Income": "9,781,000", "Net Non Operating Interest Income Expense": "-237,000", "Other Income Expense": "-1,194,000", "Pretax Income": "8,350,000", "Tax Provision": "1,623,000", "Net Income Common Stockholders": "6,434,000", "Diluted NI Available to Com Stockholders": "6,434,000", "Basic EPS": "1.51", "Diluted EPS": "1.50", "Basic Average Shares": "4,259,000", "Diluted Average Shares": "4,299,000", "Total Operating Income as Reported": "8,700,000", "Total Expenses": "22,075,000", "Net Income from Continuing & Discontinued Operation": "6,434,000", "Normalized Income": "7,556,286", "Interest Income": "682,000", "Interest Expense": "919,000", "Net Interest Income": "-237,000", "EBIT": "9,269,000", "EBITDA": "-", "Reconciled Cost of Revenue": "11,770,000", "Reconciled Depreciation": "1,086,000", "Net Income from Continuing Operation Net Minority Interest": "6,685,000", "Total Unusual Items Excluding Goodwill": "-1,081,000", "Total Unusual Items": "-1,081,000", "Normalized EBITDA": "11,436,000", "Tax Rate for Calcs": "0", "Tax Effect of Unusual Items": "-209,714"}}, "bs": {"12/31/2020": {"Duration": "12/31/2020", "Total Assets": "87,296,000", "Total Liabilities Net Minority Interest": "66,012,000", "Total Equity Gross Minority Interest": "21,284,000", "Total Capitalization": "59,424,000", "Common Stock Equity": "19,299,000", "Net Tangible Assets": "-9,251,000", "Working Capital": "4,639,000", "Invested Capital": "62,092,000", "Tangible Book Value": "-9,251,000", "Total Debt": "42,793,000", "Net Debt": "35,998,000", "Share Issued": "7,040,129", "Ordinary Shares Number": "4,302,129", "Treasury Shares Number": "2,738,000"}, "12/31/2019": {"Duration": "12/31/2019", "Total Assets": "86,381,000", "Total Liabilities Net Minority Interest": "65,283,000", "Total Equity Gross Minority Interest": "21,098,000", "Total Capitalization": "46,497,000", "Common Stock Equity": "18,981,000", "Net Tangible Assets": "-7,785,000", "Working Capital": "-6,562,000", "Invested Capital": "61,744,000", "Tangible Book Value": "-7,785,000", "Total Debt": "42,763,000", "Net Debt": "36,283,000", "Share Issued": "7,040,129", "Ordinary Shares Number": "4,280,129", "Treasury Shares Number": "2,760,000"}, "12/31/2018": {"Duration": "12/31/2018", "Total Assets": "83,216,000", "Total Liabilities Net Minority Interest": "64,158,000", "Total Equity Gross Minority Interest": "19,058,000", "Total Capitalization": "42,345,000", "Common Stock Equity": "16,981,000", "Net Tangible Assets": "-289,000", "Working Capital": "1,411,000", "Invested Capital": "60,536,000", "Tangible Book Value": "-289,000", "Total Debt": "43,555,000", "Net Debt": "34,629,000", "Share Issued": "7,040,129", "Ordinary Shares Number": "4,268,129", "Treasury Shares Number": "2,772,000"}}, "cf": {"TTM": {"Duration": "TTM", "Operating Cash Flow": "9,844,000", "Investing Cash Flow": "-1,477,000", "Financing Cash Flow": "-8,070,000", "End Cash Position": "7,110,000", "Capital Expenditure": "-1,177,000", "Issuance of Capital Stock": "647,000", "Issuance of Debt": "26,934,000", "Repayment of Debt": "-28,796,000", "Repurchase of Capital Stock": "-118,000", "Free Cash Flow": "8,667,000"}, "12/31/2020": {"Duration": "12/31/2020", "Operating Cash Flow": "9,844,000", "Investing Cash Flow": "-1,477,000", "Financing Cash Flow": "-8,070,000", "End Cash Position": "7,110,000", "Capital Expenditure": "-1,177,000", "Issuance of Capital Stock": "647,000", "Issuance of Debt": "26,934,000", "Repayment of Debt": "-28,796,000", "Repurchase of Capital Stock": "-118,000", "Free Cash Flow": "8,667,000"}, "12/31/2019": {"Duration": "12/31/2019", "Operating Cash Flow": "10,471,000", "Investing Cash Flow": "-3,976,000", "Financing Cash Flow": "-9,004,000", "End Cash Position": "6,737,000", "Capital Expenditure": "-2,054,000", "Issuance of Capital Stock": "1,012,000", "Issuance of Debt": "23,009,000", "Repayment of Debt": "-24,850,000", "Repurchase of Capital Stock": "-1,103,000", "Free Cash Flow": "8,417,000"}, "12/31/2018": {"Duration": "12/31/2018", "Operating Cash Flow": "7,627,000", "Investing Cash Flow": "5,927,000", "Financing Cash Flow": "-10,347,000", "End Cash Position": "9,318,000", "Capital Expenditure": "-1,347,000", "Issuance of Capital Stock": "1,476,000", "Issuance of Debt": "27,339,000", "Repayment of Debt": "-30,568,000", "Repurchase of Capital Stock": "-1,912,000", "Free Cash Flow": "6,280,000"}}}}, {"CCE": {"quote": {"03/26/2021": {"value": "", "Net Assets": "N/A", "Beta (5Y Monthly)": "N/A", "Yield": "N/A", "5y Average Return": "N/A", "Holdings Turnover": "N/A", "Last Dividend": "N/A", "Average for Category": "N/A", "Inception Date": "N/A"}}, "fin": {}, "bs": {}, "cf": {}}}, {"PRMW": {"quote": {"03/26/2021": {"value": "16.03", "Market Cap": "2.583B", "Beta (5Y Monthly)": "1.35", "PE Ratio (TTM)": "N/A", "EPS (TTM)": "-0.85", "Earnings Date": "Feb 20, 2020", "Forward Dividend & Yield": "0.24 (1.54%)", "Ex-Dividend Date": "Mar 11, 2021", "1y Target Est": "18.68"}}, "fin": {"TTM": {"Duration": "TTM", "Total Revenue": "1,953,500", "Cost of Revenue": "839,600", "Gross Profit": "1,113,900", "Operating Expense": "1,006,600", "Operating Income": "107,300", "Net Non Operating Interest Income Expense": "-81,600", "Other Income Expense": "-178,200", "Pretax Income": "-152,500", "Tax Provision": "4,300", "Net Income Common Stockholders": "-131,700", "Diluted NI Available to Com Stockholders": "-131,700", "Basic EPS": "-", "Diluted EPS": "-", "Basic Average Shares": "-", "Diluted Average Shares": "-", "Total Operating Income as Reported": "-52,200", "Total Expenses": "1,846,200", "Net Income from Continuing & Discontinued Operation": "-131,700", "Normalized Income": "-49,880", "Interest Expense": "81,600", "Net Interest Income": "-81,600", "EBIT": "-70,900", "EBITDA": "131,200", "Reconciled Cost of Revenue": "839,600", "Reconciled Depreciation": "202,100", "Net Income from Continuing Operation Net Minority Interest": "-156,800", "Total Unusual Items Excluding Goodwill": "-178,200", "Total Unusual Items": "-178,200", "Normalized EBITDA": "309,400", "Tax Rate for Calcs": "0", "Tax Effect of Unusual Items": "-71,280"}, "12/31/2020": {"Duration": "12/31/2020", "Total Revenue": "1,953,500", "Cost of Revenue": "839,600", "Gross Profit": "1,113,900", "Operating Expense": "1,006,600", "Operating Income": "107,300", "Net Non Operating Interest Income Expense": "-81,600", "Other Income Expense": "-178,200", "Pretax Income": "-152,500", "Tax Provision": "4,300", "Net Income Common Stockholders": "-131,700", "Diluted NI Available to Com Stockholders": "-131,700", "Basic EPS": "-", "Diluted EPS": "-", "Basic Average Shares": "-", "Diluted Average Shares": "-", "Total Operating Income as Reported": "-52,200", "Total Expenses": "1,846,200", "Net Income from Continuing & Discontinued Operation": "-131,700", "Normalized Income": "-49,880", "Interest Expense": "81,600", "Net Interest Income": "-81,600", "EBIT": "-70,900", "EBITDA": "-", "Reconciled Cost of Revenue": "839,600", "Reconciled Depreciation": "202,100", "Net Income from Continuing Operation Net Minority Interest": "-156,800", "Total Unusual Items Excluding Goodwill": "-178,200", "Total Unusual Items": "-178,200", "Normalized EBITDA": "309,400", "Tax Rate for Calcs": "0", "Tax Effect of Unusual Items": "-71,280"}, "12/31/2019": {"Duration": "12/31/2019", "Total Revenue": "2,394,500", "Cost of Revenue": "1,166,700", "Gross Profit": "1,227,800", "Operating Expense": "1,113,000", "Operating Income": "114,800", "Net Non Operating Interest Income Expense": "-78,200", "Other Income Expense": "-27,200", "Pretax Income": "9,400", "Tax Provision": "9,500", "Net Income Common Stockholders": "2,900", "Diluted NI Available to Com Stockholders": "2,900", "Basic EPS": "0.02", "Diluted EPS": "0.02", "Basic Average Shares": "135,224", "Diluted Average Shares": "135,224", "Total Operating Income as Reported": "90,400", "Total Expenses": "2,279,700", "Net Income from Continuing & Discontinued Operation": "2,900", "Normalized Income": "22,530", "Interest Expense": "78,200", "Net Interest Income": "-78,200", "EBIT": "87,600", "EBITDA": "-", "Reconciled Cost of Revenue": "1,166,700", "Reconciled Depreciation": "192,800", "Net Income from Continuing Operation Net Minority Interest": "-100", "Total Unusual Items Excluding Goodwill": "-31,000", "Total Unusual Items": "-31,000", "Normalized EBITDA": "311,400", "Tax Rate for Calcs": "0", "Tax Effect of Unusual Items": "-8,370"}, "12/31/2018": {"Duration": "12/31/2018", "Total Revenue": "2,372,900", "Cost of Revenue": "1,197,300", "Gross Profit": "1,175,600", "Operating Expense": "1,092,100", "Operating Income": "83,500", "Net Non Operating Interest Income Expense": "-77,600", "Other Income Expense": "18,200", "Pretax Income": "24,100", "Tax Provision": "-4,800", "Net Income Common Stockholders": "382,900", "Diluted NI Available to Com Stockholders": "382,900", "Basic EPS": "2.75", "Diluted EPS": "2.71", "Basic Average Shares": "139,097", "Diluted Average Shares": "141,436", "Total Operating Income as Reported": "58,800", "Total Expenses": "2,289,400", "Net Income from Continuing & Discontinued Operation": "382,900", "Normalized Income": "18,810", "Interest Expense": "77,600", "Net Interest Income": "-77,600", "EBIT": "101,700", "EBITDA": "-", "Reconciled Cost of Revenue": "1,197,300", "Reconciled Depreciation": "194,600", "Net Income from Continuing Operation Net Minority Interest": "28,300", "Total Unusual Items Excluding Goodwill": "13,000", "Total Unusual Items": "13,000", "Normalized EBITDA": "283,300", "Tax Rate for Calcs": "0", "Tax Effect of Unusual Items": "3,510"}}, "bs": {"12/31/2020": {"Duration": "12/31/2020", "Total Assets": "3,604,700", "Total Liabilities Net Minority Interest": "2,257,800", "Total Equity Gross Minority Interest": "1,346,900", "Total Capitalization": "2,633,700", "Common Stock Equity": "1,346,900", "Capital Lease Obligations": "255,000", "Net Tangible Assets": "-925,000", "Working Capital": "-106,300", "Invested Capital": "2,746,100", "Tangible Book Value": "-925,000", "Total Debt": "1,654,200", "Net Debt": "1,284,100", "Share Issued": "160,406", "Ordinary Shares Number": "160,406"}, "12/31/2019": {"Duration": "12/31/2019", "Total Assets": "3,390,900", "Total Liabilities Net Minority Interest": "2,224,700", "Total Equity Gross Minority Interest": "1,166,200", "Total Capitalization": "2,401,800", "Common Stock Equity": "1,166,200", "Capital Lease Obligations": "240,400", "Net Tangible Assets": "-710,900", "Working Capital": "34,700", "Invested Capital": "2,495,300", "Tangible Book Value": "-710,900", "Total Debt": "1,569,500", "Net Debt": "1,123,600", "Share Issued": "134,803", "Ordinary Shares Number": "134,803"}, "12/31/2018": {"Duration": "12/31/2018", "Total Assets": "3,175,500", "Total Liabilities Net Minority Interest": "2,005,100", "Total Equity Gross Minority Interest": "1,170,400", "Total Capitalization": "2,417,500", "Common Stock Equity": "1,170,400", "Capital Lease Obligations": "5,000", "Net Tangible Assets": "-712,700", "Working Capital": "74,900", "Invested Capital": "2,507,600", "Tangible Book Value": "-712,700", "Total Debt": "1,342,200", "Net Debt": "1,166,400", "Share Issued": "136,195", "Ordinary Shares Number": "136,195"}}, "cf": {"TTM": {"Duration": "TTM", "Operating Cash Flow": "176,200", "Investing Cash Flow": "-178,000", "Financing Cash Flow": "-91,100", "End Cash Position": "115,100", "Income Tax Paid Supplemental Data": "8,100", "Interest Paid Supplemental Data": "87,200", "Capital Expenditure": "-123,300", "Issuance of Capital Stock": "3,400", "Issuance of Debt": "881,000", "Repayment of Debt": "-880,300", "Repurchase of Capital Stock": "-33,200", "Free Cash Flow": "52,900"}, "12/31/2020": {"Duration": "12/31/2020", "Operating Cash Flow": "176,200", "Investing Cash Flow": "-178,000", "Financing Cash Flow": "-91,100", "End Cash Position": "115,100", "Income Tax Paid Supplemental Data": "8,100", "Interest Paid Supplemental Data": "87,200", "Capital Expenditure": "-123,300", "Issuance of Capital Stock": "3,400", "Issuance of Debt": "881,000", "Repayment of Debt": "-880,300", "Repurchase of Capital Stock": "-33,200", "Free Cash Flow": "52,900"}, "12/31/2019": {"Duration": "12/31/2019", "Operating Cash Flow": "246,800", "Investing Cash Flow": "-147,800", "Financing Cash Flow": "-66,000", "End Cash Position": "205,500", "Income Tax Paid Supplemental Data": "6,900", "Interest Paid Supplemental Data": "75,200", "Capital Expenditure": "-125,500", "Issuance of Capital Stock": "1,200", "Issuance of Debt": "75,100", "Repayment of Debt": "-69,800", "Repurchase of Capital Stock": "-31,800", "Free Cash Flow": "121,300"}, "12/31/2018": {"Duration": "12/31/2018", "Operating Cash Flow": "146,700", "Investing Cash Flow": "942,800", "Financing Cash Flow": "-1,066,300", "End Cash Position": "170,800", "Income Tax Paid Supplemental Data": "9,600", "Interest Paid Supplemental Data": "68,900", "Capital Expenditure": "-144,000", "Issuance of Capital Stock": "6,400", "Issuance of Debt": "101,100", "Repayment of Debt": "-281,900", "Repurchase of Capital Stock": "-74,900", "Free Cash Flow": "2,700"}}}}, {"LBIX": {"quote": {"03/26/2021": {"value": "", "Net Assets": "N/A", "Beta (5Y Monthly)": "N/A", "Yield": "N/A", "5y Average Return": "N/A", "Holdings Turnover": "N/A", "Last Dividend": "N/A", "Average for Category": "N/A", "Inception Date": "N/A"}}, "fin": {}, "bs": {}, "cf": {}}}, {"BRFH": {"quote": {"03/26/2021": {"value": "0.4000", "Market Cap": "59.644M", "Beta (5Y Monthly)": "-0.33", "PE Ratio (TTM)": "N/A", "EPS (TTM)": "-0.0330", "Earnings Date": "Nov 16, 2020", "Forward Dividend & Yield": "N/A (N/A)", "Ex-Dividend Date": "N/A", "1y Target Est": "0.80"}}, "fin": {"TTM": {"Duration": "TTM", "Total Revenue": "2,472", "Cost of Revenue": "1,505", "Gross Profit": "966.91", "Operating Expense": "5,280", "Operating Income": "-4,313", "Net Non Operating Interest Income Expense": "-704.301", "Other Income Expense": "573.276", "Pretax Income": "-4,444", "Net Income Common Stockholders": "-4,444", "Diluted NI Available to Com Stockholders": "-4,444", "Basic EPS": "-", "Diluted EPS": "-", "Basic Average Shares": "-", "Diluted Average Shares": "-", "Total Operating Income as Reported": "-4,313", "Rent Expense Supplemental": "81.843", "Total Expenses": "6,785", "Net Income from Continuing & Discontinued Operation": "-4,444", "Normalized Income": "-4,638", "Interest Expense": "704.301", "Net Interest Income": "-704.301", "EBIT": "-3,740", "EBITDA": "-3,145", "Reconciled Cost of Revenue": "1,505", "Reconciled Depreciation": "595.435", "Net Income from Continuing Operation Net Minority Interest": "-4,444", "Total Unusual Items Excluding Goodwill": "194.076", "Total Unusual Items": "194.076", "Normalized EBITDA": "-3,339", "Tax Rate for Calcs": "0", "Tax Effect of Unusual Items": "0"}, "12/31/2019": {"Duration": "12/31/2019", "Total Revenue": "4,307", "Cost of Revenue": "1,994", "Gross Profit": "2,313", "Operating Expense": "7,500", "Operating Income": "-5,187", "Net Non Operating Interest Income Expense": "-1,213", "Other Income Expense": "807.165", "Pretax Income": "-5,593", "Net Income Common Stockholders": "-5,593", "Diluted NI Available to Com Stockholders": "-5,593", "Basic EPS": "-0.04", "Diluted EPS": "-0.04", "Basic Average Shares": "128,511", "Diluted Average Shares": "128,511", "Total Operating Income as Reported": "-5,187", "Rent Expense Supplemental": "92.608", "Total Expenses": "9,494", "Net Income from Continuing & Discontinued Operation": "-5,593", "Normalized Income": "-6,400", "Interest Expense": "1,213", "Net Interest Income": "-1,213", "EBIT": "-4,380", "EBITDA": "-", "Reconciled Cost of Revenue": "1,890", "Reconciled Depreciation": "753.481", "Net Income from Continuing Operation Net Minority Interest": "-5,593", "Total Unusual Items Excluding Goodwill": "807.165", "Total Unusual Items": "807.165", "Normalized EBITDA": "-4,434", "Tax Rate for Calcs": "0", "Tax Effect of Unusual Items": "0"}, "12/31/2018": {"Duration": "12/31/2018", "Total Revenue": "4,235", "Cost of Revenue": "2,090", "Gross Profit": "2,145", "Operating Expense": "8,325", "Operating Income": "-6,180", "Net Non Operating Interest Income Expense": "-764.813", "Other Income Expense": "-377.93", "Pretax Income": "-7,323", "Net Income Common Stockholders": "-7,323", "Diluted NI Available to Com Stockholders": "-7,323", "Basic EPS": "-0.06", "Diluted EPS": "-0.06", "Basic Average Shares": "119,599", "Diluted Average Shares": "119,599", "Total Operating Income as Reported": "-6,180", "Rent Expense Supplemental": "201.1", "Total Expenses": "10,415", "Net Income from Continuing & Discontinued Operation": "-7,323", "Normalized Income": "-6,945", "Interest Expense": "764.813", "Net Interest Income": "-764.813", "EBIT": "-6,558", "EBITDA": "-", "Reconciled Cost of Revenue": "2,033", "Reconciled Depreciation": "568.418", "Net Income from Continuing Operation Net Minority Interest": "-7,323", "Total Unusual Items Excluding Goodwill": "-377.93", "Total Unusual Items": "-377.93", "Normalized EBITDA": "-5,612", "Tax Rate for Calcs": "0", "Tax Effect of Unusual Items": "0"}}, "bs": {"12/31/2019": {"Duration": "12/31/2019", "Total Assets": "5,126", "Total Liabilities Net Minority Interest": "4,842", "Total Equity Gross Minority Interest": "283.724", "Total Capitalization": "2,874", "Common Stock Equity": "283.724", "Capital Lease Obligations": "215.869", "Net Tangible Assets": "-195.779", "Working Capital": "146.337", "Invested Capital": "3,024", "Tangible Book Value": "-195.779", "Total Debt": "2,956", "Net Debt": "1,741", "Share Issued": "130,342", "Ordinary Shares Number": "130,342"}, "12/31/2018": {"Duration": "12/31/2018", "Total Assets": "5,762", "Total Liabilities Net Minority Interest": "5,797", "Total Equity Gross Minority Interest": "-35.048", "Total Capitalization": "2,174", "Common Stock Equity": "-35.048", "Capital Lease Obligations": "-", "Net Tangible Assets": "-572.837", "Working Capital": "652.36", "Invested Capital": "2,174", "Tangible Book Value": "-572.837", "Total Debt": "2,209", "Net Debt": "1,168", "Share Issued": "122,771", "Ordinary Shares Number": "122,771"}}, "cf": {"TTM": {"Duration": "TTM", "Operating Cash Flow": "-2,679", "Investing Cash Flow": "-104.694", "Financing Cash Flow": "4,209", "Other Cash Adjustment Inside Change in Cash": "-", "End Cash Position": "2,744", "Income Tax Paid Supplemental Data": "-", "Interest Paid Supplemental Data": "-", "Capital Expenditure": "-104.694", "Issuance of Capital Stock": "3,798", "Issuance of Debt": "568.131", "Repayment of Debt": "-144.915", "Free Cash Flow": "-2,784"}, "12/31/2019": {"Duration": "12/31/2019", "Operating Cash Flow": "-3,353", "Investing Cash Flow": "-471.54", "Financing Cash Flow": "3,875", "Other Cash Adjustment Inside Change in Cash": "-", "End Cash Position": "1,091", "Income Tax Paid Supplemental Data": "-", "Interest Paid Supplemental Data": "-", "Capital Expenditure": "-471.54", "Issuance of Capital Stock": "2,400", "Issuance of Debt": "0", "Repayment of Debt": "-25.686", "Free Cash Flow": "-3,825"}, "12/31/2018": {"Duration": "12/31/2018", "Operating Cash Flow": "-4,128", "Investing Cash Flow": "-1,083", "Financing Cash Flow": "4,948", "Other Cash Adjustment Inside Change in Cash": "-", "End Cash Position": "1,042", "Income Tax Paid Supplemental Data": "-", "Interest Paid Supplemental Data": "0", "Capital Expenditure": "-1,121", "Issuance of Capital Stock": "-", "Issuance of Debt": "4,318", "Repayment of Debt": "-250", "Free Cash Flow": "-5,249"}}}}, {"KOF": {"quote": {"03/26/2021": {"value": "46.20", "Market Cap": "10.183B", "Beta (5Y Monthly)": "0.87", "PE Ratio (TTM)": "19.38", "EPS (TTM)": "2.38", "Earnings Date": "N/A", "Forward Dividend & Yield": "2.34 (5.03%)", "Ex-Dividend Date": "Oct 29, 2020", "1y Target Est": "57.78"}}, "fin": {"TTM": {"Duration": "TTM", "Total Revenue": "183,615,000", "Cost of Revenue": "100,804,000", "Gross Profit": "82,811,000", "Operating Expense": "57,192,000", "Operating Income": "25,619,000", "Net Non Operating Interest Income Expense": "-6,846,000", "Other Income Expense": "-2,975,000", "Pretax Income": "15,796,000", "Tax Provision": "5,428,000", "Earnings from Equity Interest Net of Tax": "-160,000", "Net Income Common Stockholders": "10,307,000", "Diluted NI Available to Com Stockholders": "10,307,000", "Basic EPS": "-", "Diluted EPS": "-", "Basic Average Shares": "-", "Diluted Average Shares": "-", "Total Operating Income as Reported": "25,243,000", "Total Expenses": "157,996,000", "Net Income from Continuing & Discontinued Operation": "10,307,000", "Normalized Income": "10,196,730", "Interest Income": "1,048,000", "Interest Expense": "7,894,000", "Net Interest Income": "-6,846,000", "EBIT": "23,690,000", "EBITDA": "23,690,000", "Reconciled Cost of Revenue": "100,804,000", "Reconciled Depreciation": "10,249,000", "Net Income from Continuing Operation Net Minority Interest": "10,307,000", "Total Unusual Items Excluding Goodwill": "168,000", "Total Unusual Items": "168,000", "Normalized EBITDA": "23,522,000", "Tax Rate for Calcs": "0", "Tax Effect of Unusual Items": "57,730"}, "12/31/2020": {"Duration": "12/31/2020", "Total Revenue": "183,615,000", "Cost of Revenue": "100,804,000", "Gross Profit": "82,811,000", "Operating Expense": "57,192,000", "Operating Income": "25,619,000", "Net Non Operating Interest Income Expense": "-6,846,000", "Other Income Expense": "-2,975,000", "Pretax Income": "15,796,000", "Tax Provision": "5,428,000", "Earnings from Equity Interest Net of Tax": "-", "Net Income Common Stockholders": "10,307,000", "Diluted NI Available to Com Stockholders": "10,307,000", "Basic EPS": "-", "Diluted EPS": "-", "Basic Average Shares": "-", "Diluted Average Shares": "-", "Total Operating Income as Reported": "25,243,000", "Total Expenses": "157,996,000", "Net Income from Continuing & Discontinued Operation": "10,307,000", "Normalized Income": "10,196,730", "Interest Income": "1,048,000", "Interest Expense": "7,894,000", "Net Interest Income": "-6,846,000", "EBIT": "23,690,000", "EBITDA": "-", "Reconciled Cost of Revenue": "100,804,000", "Reconciled Depreciation": "-", "Net Income from Continuing Operation Net Minority Interest": "10,307,000", "Total Unusual Items Excluding Goodwill": "168,000", "Total Unusual Items": "168,000", "Normalized EBITDA": "23,522,000", "Tax Rate for Calcs": "0", "Tax Effect of Unusual Items": "57,730"}, "12/31/2019": {"Duration": "12/31/2019", "Total Revenue": "194,471,000", "Cost of Revenue": "106,964,000", "Gross Profit": "87,507,000", "Operating Expense": "60,926,000", "Operating Income": "26,581,000", "Net Non Operating Interest Income Expense": "-3,728,000", "Other Income Expense": "-4,444,000", "Pretax Income": "18,409,000", "Tax Provision": "5,648,000", "Earnings from Equity Interest Net of Tax": "-131,000", "Net Income Common Stockholders": "12,101,000", "Diluted NI Available to Com Stockholders": "12,101,000", "Basic EPS": "7.20", "Diluted EPS": "7.20", "Basic Average Shares": "210,083", "Diluted Average Shares": "210,083", "Total Operating Income as Reported": "25,423,000", "Total Expenses": "167,890,000", "Net Income from Continuing & Discontinued Operation": "12,101,000", "Normalized Income": "15,454,702", "Interest Income": "1,230,000", "Interest Expense": "4,588,000", "Net Interest Income": "-3,728,000", "EBIT": "22,997,000", "EBITDA": "-", "Reconciled Cost of Revenue": "106,964,000", "Reconciled Depreciation": "10,642,000", "Net Income from Continuing Operation Net Minority Interest": "12,101,000", "Total Unusual Items Excluding Goodwill": "-4,838,000", "Total Unusual Items": "-4,838,000", "Normalized EBITDA": "38,477,000", "Tax Rate for Calcs": "0", "Tax Effect of Unusual Items": "-1,484,298"}, "12/31/2018": {"Duration": "12/31/2018", "Total Revenue": "182,342,000", "Cost of Revenue": "98,404,000", "Gross Profit": "83,938,000", "Operating Expense": "58,742,000", "Operating Income": "25,196,000", "Net Non Operating Interest Income Expense": "-4,194,000", "Other Income Expense": "-3,812,000", "Pretax Income": "17,190,000", "Tax Provision": "5,260,000", "Earnings from Equity Interest Net of Tax": "-226,000", "Net Income Common Stockholders": "13,911,000", "Diluted NI Available to Com Stockholders": "13,911,000", "Basic EPS": "66.20", "Diluted EPS": "66.20", "Basic Average Shares": "210,080", "Diluted Average Shares": "210,080", "Total Operating Income as Reported": "24,673,000", "Total Expenses": "157,146,000", "Net Income from Continuing & Discontinued Operation": "13,911,000", "Normalized Income": "13,069,078", "Interest Income": "1,004,000", "Interest Expense": "4,786,000", "Net Interest Income": "-4,194,000", "EBIT": "21,976,000", "EBITDA": "-", "Reconciled Cost of Revenue": "98,404,000", "Reconciled Depreciation": "10,028,000", "Net Income from Continuing Operation Net Minority Interest": "10,545,000", "Total Unusual Items Excluding Goodwill": "-3,637,000", "Total Unusual Items": "-3,637,000", "Normalized EBITDA": "35,641,000", "Tax Rate for Calcs": "0", "Tax Effect of Unusual Items": "-1,112,922"}}, "bs": {"12/31/2020": {"Duration": "12/31/2020", "Total Assets": "263,066,000", "Total Liabilities Net Minority Interest": "140,609,000", "Total Equity Gross Minority Interest": "122,457,000", "Total Capitalization": "199,335,000", "Common Stock Equity": "116,874,000", "Capital Lease Obligations": "1,306,000", "Net Tangible Assets": "12,903,000", "Working Capital": "29,595,000", "Invested Capital": "204,352,000", "Tangible Book Value": "12,903,000", "Total Debt": "88,784,000", "Net Debt": "87,478,000", "Share Issued": "2,100,838", "Ordinary Shares Number": "2,100,838"}, "12/31/2019": {"Duration": "12/31/2019", "Total Assets": "257,839,000", "Total Liabilities Net Minority Interest": "128,154,000", "Total Equity Gross Minority Interest": "129,685,000", "Total Capitalization": "181,426,000", "Common Stock Equity": "122,934,000", "Capital Lease Obligations": "1,383,000", "Net Tangible Assets": "10,884,000", "Working Capital": "5,786,000", "Invested Capital": "192,911,000", "Tangible Book Value": "10,884,000", "Total Debt": "71,360,000", "Net Debt": "49,486,000", "Share Issued": "2,100,832", "Ordinary Shares Number": "2,100,832"}, "12/31/2018": {"Duration": "12/31/2018", "Total Assets": "263,787,000", "Total Liabilities Net Minority Interest": "132,037,000", "Total Equity Gross Minority Interest": "131,750,000", "Total Capitalization": "195,145,000", "Common Stock Equity": "124,944,000", "Capital Lease Obligations": "10,000", "Net Tangible Assets": "8,140,000", "Working Capital": "11,966,000", "Invested Capital": "206,739,000", "Tangible Book Value": "8,140,000", "Total Debt": "81,805,000", "Net Debt": "58,068,000", "Share Issued": "2,100,832", "Ordinary Shares Number": "2,100,832"}}, "cf": {"TTM": {"Duration": "TTM", "Operating Cash Flow": "35,372,000", "Investing Cash Flow": "-2,603,000", "Financing Cash Flow": "-27,051,000", "End Cash Position": "24,193,000", "Capital Expenditure": "-11,136,000", "Issuance of Capital Stock": "-", "Issuance of Debt": "13,331,000", "Repayment of Debt": "-27,676,000", "Free Cash Flow": "24,236,000"}, "12/31/2019": {"Duration": "12/31/2019", "Operating Cash Flow": "31,289,000", "Investing Cash Flow": "-10,744,000", "Financing Cash Flow": "-22,794,000", "End Cash Position": "20,491,000", "Capital Expenditure": "-11,745,000", "Issuance of Capital Stock": "0", "Issuance of Debt": "10,736,000", "Repayment of Debt": "-20,952,000", "Free Cash Flow": "19,544,000"}, "12/31/2018": {"Duration": "12/31/2018", "Operating Cash Flow": "29,543,000", "Investing Cash Flow": "-9,253,000", "Financing Cash Flow": "-14,272,000", "End Cash Position": "23,727,000", "Capital Expenditure": "-11,290,000", "Issuance of Capital Stock": "0", "Issuance of Debt": "15,426,000", "Repayment of Debt": "-15,957,000", "Free Cash Flow": "18,253,000"}}}}, {"JSDA": {"quote": {"03/26/2021": {"value": "0.4700", "Market Cap": "30.25M", "Beta (5Y Monthly)": "1.08", "PE Ratio (TTM)": "N/A", "EPS (TTM)": "-0.0490", "Earnings Date": "Mar 10, 2021", "Forward Dividend & Yield": "N/A (N/A)", "Ex-Dividend Date": "N/A", "1y Target Est": "1.25"}}, "fin": {"TTM": {"Duration": "TTM", "Total Revenue": "11,895", "Cost of Revenue": "9,216", "Gross Profit": "2,679", "Operating Expense": "5,507", "Operating Income": "-2,828", "Net Non Operating Interest Income Expense": "-127", "Other Income Expense": "-15", "Pretax Income": "-2,970", "Tax Provision": "27", "Net Income Common Stockholders": "-2,997", "Diluted NI Available to Com Stockholders": "-2,997", "Basic EPS": "-", "Diluted EPS": "-", "Basic Average Shares": "-", "Diluted Average Shares": "-", "Total Operating Income as Reported": "-2,828", "Total Expenses": "14,723", "Net Income from Continuing & Discontinued Operation": "-2,997", "Normalized Income": "-2,997", "Interest Income": "24", "Interest Expense": "151", "Net Interest Income": "-127", "EBIT": "-2,819", "EBITDA": "-2,683", "Reconciled Cost of Revenue": "9,216", "Reconciled Depreciation": "316", "Net Income from Continuing Operation Net Minority Interest": "-2,997", "Total Unusual Items Excluding Goodwill": "-", "Total Unusual Items": "-", "Normalized EBITDA": "-2,683", "Tax Rate for Calcs": "0", "Tax Effect of Unusual Items": "0"}, "12/31/2020": {"Duration": "12/31/2020", "Total Revenue": "11,895", "Cost of Revenue": "9,216", "Gross Profit": "2,679", "Operating Expense": "5,507", "Operating Income": "-2,828", "Net Non Operating Interest Income Expense": "-127", "Other Income Expense": "-15", "Pretax Income": "-2,970", "Tax Provision": "27", "Net Income Common Stockholders": "-2,997", "Diluted NI Available to Com Stockholders": "-2,997", "Basic EPS": "-0.05", "Diluted EPS": "-0.05", "Basic Average Shares": "61,792", "Diluted Average Shares": "61,792", "Total Operating Income as Reported": "-2,828", "Total Expenses": "14,723", "Net Income from Continuing & Discontinued Operation": "-2,997", "Normalized Income": "-2,997", "Interest Income": "24", "Interest Expense": "151", "Net Interest Income": "-127", "EBIT": "-2,819", "EBITDA": "-", "Reconciled Cost of Revenue": "9,216", "Reconciled Depreciation": "136", "Net Income from Continuing Operation Net Minority Interest": "-2,997", "Total Unusual Items Excluding Goodwill": "-", "Total Unusual Items": "-", "Normalized EBITDA": "-2,683", "Tax Rate for Calcs": "0", "Tax Effect of Unusual Items": "0"}, "12/31/2019": {"Duration": "12/31/2019", "Total Revenue": "11,508", "Cost of Revenue": "9,125", "Gross Profit": "2,383", "Operating Expense": "4,735", "Operating Income": "-2,352", "Net Non Operating Interest Income Expense": "-392", "Other Income Expense": "-5", "Pretax Income": "-2,749", "Tax Provision": "29", "Net Income Common Stockholders": "-2,778", "Diluted NI Available to Com Stockholders": "-2,778", "Basic EPS": "-0.05", "Diluted EPS": "-0.05", "Basic Average Shares": "51,109", "Diluted Average Shares": "51,109", "Total Operating Income as Reported": "-2,352", "Total Expenses": "13,860", "Net Income from Continuing & Discontinued Operation": "-2,778", "Normalized Income": "-2,778", "Interest Income": "50", "Interest Expense": "442", "Net Interest Income": "-392", "EBIT": "-2,307", "EBITDA": "-", "Reconciled Cost of Revenue": "9,125", "Reconciled Depreciation": "316", "Net Income from Continuing Operation Net Minority Interest": "-2,778", "Total Unusual Items Excluding Goodwill": "-", "Total Unusual Items": "-", "Normalized EBITDA": "-1,991", "Tax Rate for Calcs": "0", "Tax Effect of Unusual Items": "0"}, "12/31/2018": {"Duration": "12/31/2018", "Total Revenue": "12,558", "Cost of Revenue": "9,822", "Gross Profit": "2,736", "Operating Expense": "4,563", "Operating Income": "-1,827", "Net Non Operating Interest Income Expense": "-271", "Other Income Expense": "43", "Pretax Income": "-2,055", "Tax Provision": "24", "Net Income Common Stockholders": "-2,079", "Diluted NI Available to Com Stockholders": "-2,079", "Basic EPS": "-0.05", "Diluted EPS": "-0.05", "Basic Average Shares": "41,464", "Diluted Average Shares": "41,464", "Total Operating Income as Reported": "-1,827", "Total Expenses": "14,385", "Net Income from Continuing & Discontinued Operation": "-2,079", "Normalized Income": "-2,079", "Interest Income": "-", "Interest Expense": "271", "Net Interest Income": "-271", "EBIT": "-1,784", "EBITDA": "-", "Reconciled Cost of Revenue": "9,822", "Reconciled Depreciation": "123", "Net Income from Continuing Operation Net Minority Interest": "-2,079", "Total Unusual Items Excluding Goodwill": "-", "Total Unusual Items": "-", "Normalized EBITDA": "-1,661", "Tax Rate for Calcs": "0", "Tax Effect of Unusual Items": "0"}}, "bs": {"12/31/2020": {"Duration": "12/31/2020", "Total Assets": "9,053", "Total Liabilities Net Minority Interest": "4,674", "Total Equity Gross Minority Interest": "4,379", "Total Capitalization": "5,960", "Common Stock Equity": "4,379", "Capital Lease Obligations": "477", "Net Tangible Assets": "4,379", "Working Capital": "5,758", "Invested Capital": "6,100", "Tangible Book Value": "4,379", "Total Debt": "2,198", "Net Debt": "-", "Share Issued": "61,976", "Ordinary Shares Number": "61,976"}, "12/31/2019": {"Duration": "12/31/2019", "Total Assets": "9,852", "Total Liabilities Net Minority Interest": "2,725", "Total Equity Gross Minority Interest": "7,127", "Total Capitalization": "8,460", "Common Stock Equity": "7,127", "Capital Lease Obligations": "18", "Net Tangible Assets": "7,127", "Working Capital": "8,395", "Invested Capital": "8,460", "Tangible Book Value": "7,127", "Total Debt": "1,351", "Net Debt": "-", "Share Issued": "61,566", "Ordinary Shares Number": "61,566"}, "12/31/2018": {"Duration": "12/31/2018", "Total Assets": "4,068", "Total Liabilities Net Minority Interest": "4,771", "Total Equity Gross Minority Interest": "-703", "Total Capitalization": "1,825", "Common Stock Equity": "-703", "Capital Lease Obligations": "-", "Net Tangible Assets": "-703", "Working Capital": "1,847", "Invested Capital": "2,253", "Tangible Book Value": "-703", "Total Debt": "2,956", "Net Debt": "1,965", "Share Issued": "41,464", "Ordinary Shares Number": "41,464"}}, "cf": {"TTM": {"Duration": "TTM", "Operating Cash Flow": "-3,344", "Investing Cash Flow": "-121", "Financing Cash Flow": "8,417", "End Cash Position": "5,969", "Income Tax Paid Supplemental Data": "18", "Interest Paid Supplemental Data": "45", "Capital Expenditure": "-121", "Issuance of Capital Stock": "8,817", "Issuance of Debt": "0", "Repayment of Debt": "-428", "Free Cash Flow": "-3,465"}, "12/31/2020": {"Duration": "12/31/2020", "Operating Cash Flow": "-1,532", "Investing Cash Flow": "-214", "Financing Cash Flow": "329", "End Cash Position": "4,614", "Income Tax Paid Supplemental Data": "22", "Interest Paid Supplemental Data": "0", "Capital Expenditure": "-214", "Issuance of Capital Stock": "0", "Issuance of Debt": "335", "Repayment of Debt": "0", "Free Cash Flow": "-1,746"}, "12/31/2019": {"Duration": "12/31/2019", "Operating Cash Flow": "-3,344", "Investing Cash Flow": "-121", "Financing Cash Flow": "8,417", "End Cash Position": "5,969", "Income Tax Paid Supplemental Data": "18", "Interest Paid Supplemental Data": "45", "Capital Expenditure": "-121", "Issuance of Capital Stock": "8,817", "Issuance of Debt": "0", "Repayment of Debt": "-428", "Free Cash Flow": "-3,465"}, "12/31/2018": {"Duration": "12/31/2018", "Operating Cash Flow": "-1,704", "Investing Cash Flow": "-41", "Financing Cash Flow": "2,353", "End Cash Position": "991", "Income Tax Paid Supplemental Data": "25", "Interest Paid Supplemental Data": "41", "Capital Expenditure": "-77", "Issuance of Capital Stock": "-", "Issuance of Debt": "2,783", "Repayment of Debt": "-430", "Free Cash Flow": "-1,781"}}}}, {"DPS": {"quote": {"03/26/2021": {"value": "", "Net Assets": "N/A", "Beta (5Y Monthly)": "N/A", "Yield": "N/A", "5y Average Return": "N/A", "Holdings Turnover": "N/A", "Last Dividend": "N/A", "Average for Category": "N/A", "Inception Date": "N/A"}}, "fin": {}, "bs": {}, "cf": {}}}, {"FBEC": {"quote": {"03/26/2021": {"value": "0.0013", "Market Cap": "332,649", "Beta (5Y Monthly)": "-27.30", "PE Ratio (TTM)": "N/A", "EPS (TTM)": "-0.0010", "Earnings Date": "N/A", "Forward Dividend & Yield": "N/A (N/A)", "Ex-Dividend Date": "N/A", "1y Target Est": "N/A"}}, "fin": {}, "bs": {}, "cf": {}}}, {"CRVP": {"quote": {"03/26/2021": {"value": "", "Net Assets": "N/A", "Beta (5Y Monthly)": "N/A", "Yield": "N/A", "5y Average Return": "N/A", "Holdings Turnover": "N/A", "Last Dividend": "N/A", "Average for Category": "N/A", "Inception Date": "N/A"}}, "fin": {}, "bs": {}, "cf": {}}}, {"CELH": {"quote": {"03/26/2021": {"value": "43.49", "Market Cap": "3.157B", "Beta (5Y Monthly)": "2.21", "PE Ratio (TTM)": "395.36", "EPS (TTM)": "0.11", "Earnings Date": "Mar 11, 2021", "Forward Dividend & Yield": "N/A (N/A)", "Ex-Dividend Date": "N/A", "1y Target Est": "55.08"}}, "fin": {"TTM": {"Duration": "TTM", "Total Revenue": "130,726", "Cost of Revenue": "69,752", "Gross Profit": "60,974", "Operating Expense": "53,144", "Operating Income": "7,830", "Net Non Operating Interest Income Expense": "-668.411", "Other Income Expense": "1,479", "Pretax Income": "8,640", "Tax Provision": "116.177", "Net Income Common Stockholders": "8,524", "Average Dilution Earnings": "-", "Diluted NI Available to Com Stockholders": "8,524", "Basic EPS": "-", "Diluted EPS": "-", "Basic Average Shares": "-", "Diluted Average Shares": "-", "Total Operating Income as Reported": "7,911", "Total Expenses": "122,896", "Net Income from Continuing & Discontinued Operation": "8,524", "Normalized Income": "7,031", "Interest Income": "355.821", "Interest Expense": "1,024", "Net Interest Income": "-668.411", "EBIT": "9,664", "EBITDA": "11,403", "Reconciled Cost of Revenue": "69,752", "Reconciled Depreciation": "1,739", "Net Income from Continuing Operation Net Minority Interest": "8,524", "Total Unusual Items Excluding Goodwill": "1,528", "Total Unusual Items": "1,528", "Normalized EBITDA": "9,875", "Tax Rate for Calcs": "0", "Tax Effect of Unusual Items": "35.1449"}, "12/31/2020": {"Duration": "12/31/2020", "Total Revenue": "130,726", "Cost of Revenue": "69,752", "Gross Profit": "60,974", "Operating Expense": "53,144", "Operating Income": "7,830", "Net Non Operating Interest Income Expense": "-668.411", "Other Income Expense": "1,479", "Pretax Income": "8,640", "Tax Provision": "116.177", "Net Income Common Stockholders": "8,524", "Average Dilution Earnings": "-", "Diluted NI Available to Com Stockholders": "8,524", "Basic EPS": "-", "Diluted EPS": "-", "Basic Average Shares": "-", "Diluted Average Shares": "-", "Total Operating Income as Reported": "7,911", "Total Expenses": "122,896", "Net Income from Continuing & Discontinued Operation": "8,524", "Normalized Income": "7,031", "Interest Income": "355.821", "Interest Expense": "1,024", "Net Interest Income": "-668.411", "EBIT": "9,664", "EBITDA": "-", "Reconciled Cost of Revenue": "69,752", "Reconciled Depreciation": "1,739", "Net Income from Continuing Operation Net Minority Interest": "8,524", "Total Unusual Items Excluding Goodwill": "1,528", "Total Unusual Items": "1,528", "Normalized EBITDA": "9,875", "Tax Rate for Calcs": "0", "Tax Effect of Unusual Items": "35.1449"}, "12/31/2019": {"Duration": "12/31/2019", "Total Revenue": "75,147", "Cost of Revenue": "43,845", "Gross Profit": "31,302", "Operating Expense": "32,750", "Operating Income": "-1,448", "Net Non Operating Interest Income Expense": "-1,012", "Other Income Expense": "12,431", "Pretax Income": "9,971", "Tax Provision": "-", "Net Income Common Stockholders": "9,971", "Average Dilution Earnings": "588.063", "Diluted NI Available to Com Stockholders": "10,559", "Basic EPS": "0.16", "Diluted EPS": "0.16", "Basic Average Shares": "60,762", "Diluted Average Shares": "64,183", "Total Operating Income as Reported": "-1,448", "Total Expenses": "76,595", "Net Income from Continuing & Discontinued Operation": "9,971", "Normalized Income": "-2,490", "Interest Income": "381.728", "Interest Expense": "1,393", "Net Interest Income": "-1,012", "EBIT": "11,365", "EBITDA": "-", "Reconciled Cost of Revenue": "43,845", "Reconciled Depreciation": "893.413", "Net Income from Continuing Operation Net Minority Interest": "9,971", "Total Unusual Items Excluding Goodwill": "12,461", "Total Unusual Items": "12,461", "Normalized EBITDA": "-202.881", "Tax Rate for Calcs": "0", "Tax Effect of Unusual Items": "0"}, "12/31/2018": {"Duration": "12/31/2018", "Total Revenue": "52,604", "Cost of Revenue": "31,544", "Gross Profit": "21,060", "Operating Expense": "31,701", "Operating Income": "-10,641", "Net Non Operating Interest Income Expense": "-188.856", "Other Income Expense": "-377.048", "Pretax Income": "-11,207", "Tax Provision": "-", "Net Income Common Stockholders": "-11,420", "Average Dilution Earnings": "-", "Diluted NI Available to Com Stockholders": "-11,420", "Basic EPS": "-0.23", "Diluted EPS": "-0.23", "Basic Average Shares": "50,051", "Diluted Average Shares": "50,051", "Total Operating Income as Reported": "-10,641", "Total Expenses": "63,245", "Net Income from Continuing & Discontinued Operation": "-11,207", "Normalized Income": "-10,830", "Interest Income": "-", "Interest Expense": "188.856", "Net Interest Income": "-188.856", "EBIT": "-11,018", "EBITDA": "-", "Reconciled Cost of Revenue": "31,544", "Reconciled Depreciation": "72.162", "Net Income from Continuing Operation Net Minority Interest": "-11,207", "Total Unusual Items Excluding Goodwill": "-377.048", "Total Unusual Items": "-377.048", "Normalized EBITDA": "-10,569", "Tax Rate for Calcs": "0", "Tax Effect of Unusual Items": "0"}}, "bs": {"12/31/2020": {"Duration": "12/31/2020", "Total Assets": "131,290", "Total Liabilities Net Minority Interest": "26,962", "Total Equity Gross Minority Interest": "104,327", "Total Capitalization": "104,327", "Preferred Stock Equity": "-", "Common Stock Equity": "104,327", "Capital Lease Obligations": "1,124", "Net Tangible Assets": "77,318", "Working Capital": "66,786", "Invested Capital": "104,327", "Tangible Book Value": "77,318", "Total Debt": "1,124", "Net Debt": "-", "Share Issued": "72,263", "Ordinary Shares Number": "72,263", "Preferred Shares Number": "-"}, "12/31/2019": {"Duration": "12/31/2019", "Total Assets": "90,382", "Total Liabilities Net Minority Interest": "26,923", "Total Equity Gross Minority Interest": "63,459", "Total Capitalization": "63,459", "Preferred Stock Equity": "-", "Common Stock Equity": "63,459", "Capital Lease Obligations": "888.922", "Net Tangible Assets": "36,262", "Working Capital": "24,826", "Invested Capital": "72,093", "Tangible Book Value": "36,262", "Total Debt": "9,523", "Net Debt": "-", "Share Issued": "68,941", "Ordinary Shares Number": "68,941", "Preferred Shares Number": "0.165"}, "12/31/2018": {"Duration": "12/31/2018", "Total Assets": "34,628", "Total Liabilities Net Minority Interest": "22,825", "Total Equity Gross Minority Interest": "11,803", "Total Capitalization": "19,762", "Preferred Stock Equity": "-", "Common Stock Equity": "11,803", "Capital Lease Obligations": "-", "Net Tangible Assets": "11,803", "Working Capital": "19,641", "Invested Capital": "19,762", "Tangible Book Value": "11,803", "Total Debt": "7,959", "Net Debt": "216.2", "Share Issued": "57,003", "Ordinary Shares Number": "57,003", "Preferred Shares Number": "0.165"}}, "cf": {"TTM": {"Duration": "TTM", "Operating Cash Flow": "3,395", "Investing Cash Flow": "757.26", "Financing Cash Flow": "15,571", "End Cash Position": "43,248", "Income Tax Paid Supplemental Data": "-", "Interest Paid Supplemental Data": "447.816", "Capital Expenditure": "-573.751", "Issuance of Capital Stock": "21,892", "Issuance of Debt": "0", "Repayment of Debt": "-9,882", "Free Cash Flow": "2,821"}, "12/31/2020": {"Duration": "12/31/2020", "Operating Cash Flow": "3,395", "Investing Cash Flow": "757.26", "Financing Cash Flow": "15,571", "End Cash Position": "43,248", "Income Tax Paid Supplemental Data": "-", "Interest Paid Supplemental Data": "447.816", "Capital Expenditure": "-573.751", "Issuance of Capital Stock": "21,892", "Issuance of Debt": "0", "Repayment of Debt": "-9,882", "Free Cash Flow": "2,821"}, "12/31/2019": {"Duration": "12/31/2019", "Operating Cash Flow": "1,034", "Investing Cash Flow": "-14,266", "Financing Cash Flow": "28,653", "End Cash Position": "23,091", "Income Tax Paid Supplemental Data": "-", "Interest Paid Supplemental Data": "131.528", "Capital Expenditure": "-77.974", "Issuance of Capital Stock": "26,955", "Issuance of Debt": "1,500", "Repayment of Debt": "-26.486", "Free Cash Flow": "956.014"}, "12/31/2018": {"Duration": "12/31/2018", "Operating Cash Flow": "-11,646", "Investing Cash Flow": "-110.417", "Financing Cash Flow": "5,301", "End Cash Position": "7,743", "Income Tax Paid Supplemental Data": "0", "Interest Paid Supplemental Data": "174.409", "Capital Expenditure": "-110.417", "Issuance of Capital Stock": "0", "Issuance of Debt": "5,000", "Repayment of Debt": "-", "Free Cash Flow": "-11,757"}}}}, {"PEP": {"quote": {"03/26/2021": {"value": "142.70", "Market Cap": "196.933B", "Beta (5Y Monthly)": "0.60", "PE Ratio (TTM)": "27.87", "EPS (TTM)": "5.12", "Earnings Date": "Apr 15, 2021", "Forward Dividend & Yield": "4.09 (2.87%)", "Ex-Dividend Date": "Mar 04, 2021", "1y Target Est": "151.62"}}, "fin": {"TTM": {"Duration": "TTM", "Total Revenue": "70,372,000", "Cost of Revenue": "31,797,000", "Gross Profit": "38,575,000", "Operating Expense": "28,495,000", "Operating Income": "10,080,000", "Net Non Operating Interest Income Expense": "-1,128,000", "Other Income Expense": "117,000", "Pretax Income": "9,069,000", "Tax Provision": "1,894,000", "Net Income Common Stockholders": "7,120,000", "Average Dilution Earnings": "0", "Diluted NI Available to Com Stockholders": "7,120,000", "Basic EPS": "-", "Diluted EPS": "-", "Basic Average Shares": "-", "Diluted Average Shares": "-", "Total Operating Income as Reported": "10,080,000", "Total Expenses": "60,292,000", "Net Income from Continuing & Discontinued Operation": "7,120,000", "Normalized Income": "7,120,000", "Interest Income": "-", "Interest Expense": "1,128,000", "Net Interest Income": "-1,128,000", "EBIT": "10,197,000", "EBITDA": "12,745,000", "Reconciled Cost of Revenue": "31,797,000", "Reconciled Depreciation": "2,548,000", "Net Income from Continuing Operation Net Minority Interest": "7,120,000", "Total Unusual Items Excluding Goodwill": "-", "Total Unusual Items": "-", "Normalized EBITDA": "12,745,000", "Tax Rate for Calcs": "0", "Tax Effect of Unusual Items": "0"}, "12/31/2020": {"Duration": "12/31/2020", "Total Revenue": "70,372,000", "Cost of Revenue": "31,797,000", "Gross Profit": "38,575,000", "Operating Expense": "28,495,000", "Operating Income": "10,080,000", "Net Non Operating Interest Income Expense": "-1,128,000", "Other Income Expense": "117,000", "Pretax Income": "9,069,000", "Tax Provision": "1,894,000", "Net Income Common Stockholders": "7,120,000", "Average Dilution Earnings": "0", "Diluted NI Available to Com Stockholders": "7,120,000", "Basic EPS": "-", "Diluted EPS": "-", "Basic Average Shares": "-", "Diluted Average Shares": "-", "Total Operating Income as Reported": "10,080,000", "Total Expenses": "60,292,000", "Net Income from Continuing & Discontinued Operation": "7,120,000", "Normalized Income": "7,120,000", "Interest Income": "-", "Interest Expense": "1,128,000", "Net Interest Income": "-1,128,000", "EBIT": "10,197,000", "EBITDA": "-", "Reconciled Cost of Revenue": "31,797,000", "Reconciled Depreciation": "2,548,000", "Net Income from Continuing Operation Net Minority Interest": "7,120,000", "Total Unusual Items Excluding Goodwill": "-", "Total Unusual Items": "-", "Normalized EBITDA": "12,745,000", "Tax Rate for Calcs": "0", "Tax Effect of Unusual Items": "0"}, "12/31/2019": {"Duration": "12/31/2019", "Total Revenue": "67,161,000", "Cost of Revenue": "30,132,000", "Gross Profit": "37,029,000", "Operating Expense": "26,738,000", "Operating Income": "10,291,000", "Net Non Operating Interest Income Expense": "-935,000", "Other Income Expense": "-44,000", "Pretax Income": "9,312,000", "Tax Provision": "1,959,000", "Net Income Common Stockholders": "7,314,000", "Average Dilution Earnings": "0", "Diluted NI Available to Com Stockholders": "7,314,000", "Basic EPS": "5.26", "Diluted EPS": "5.20", "Basic Average Shares": "1,391,000", "Diluted Average Shares": "1,407,000", "Total Operating Income as Reported": "10,291,000", "Total Expenses": "56,870,000", "Net Income from Continuing & Discontinued Operation": "7,314,000", "Normalized Income": "7,314,000", "Interest Income": "200,000", "Interest Expense": "1,135,000", "Net Interest Income": "-935,000", "EBIT": "10,447,000", "EBITDA": "-", "Reconciled Cost of Revenue": "30,132,000", "Reconciled Depreciation": "2,432,000", "Net Income from Continuing Operation Net Minority Interest": "7,314,000", "Total Unusual Items Excluding Goodwill": "-", "Total Unusual Items": "-", "Normalized EBITDA": "12,879,000", "Tax Rate for Calcs": "0", "Tax Effect of Unusual Items": "0"}, "12/31/2018": {"Duration": "12/31/2018", "Total Revenue": "64,661,000", "Cost of Revenue": "29,381,000", "Gross Profit": "35,280,000", "Operating Expense": "25,170,000", "Operating Income": "10,110,000", "Net Non Operating Interest Income Expense": "-1,219,000", "Other Income Expense": "298,000", "Pretax Income": "9,189,000", "Tax Provision": "-3,370,000", "Net Income Common Stockholders": "12,513,000", "Average Dilution Earnings": "2,000", "Diluted NI Available to Com Stockholders": "12,515,000", "Basic EPS": "8.88", "Diluted EPS": "8.78", "Basic Average Shares": "1,409,000", "Diluted Average Shares": "1,425,000", "Total Operating Income as Reported": "10,110,000", "Total Expenses": "54,551,000", "Net Income from Continuing & Discontinued Operation": "12,515,000", "Normalized Income": "12,515,000", "Interest Income": "306,000", "Interest Expense": "1,525,000", "Net Interest Income": "-1,219,000", "EBIT": "10,714,000", "EBITDA": "-", "Reconciled Cost of Revenue": "29,381,000", "Reconciled Depreciation": "2,399,000", "Net Income from Continuing Operation Net Minority Interest": "12,515,000", "Total Unusual Items Excluding Goodwill": "-", "Total Unusual Items": "-", "Normalized EBITDA": "13,113,000", "Tax Rate for Calcs": "0", "Tax Effect of Unusual Items": "0"}}, "bs": {"12/31/2020": {"Duration": "12/31/2020", "Total Assets": "92,918,000", "Total Liabilities Net Minority Interest": "79,366,000", "Total Equity Gross Minority Interest": "13,552,000", "Total Capitalization": "53,824,000", "Preferred Stock Equity": "-", "Common Stock Equity": "13,454,000", "Capital Lease Obligations": "460,000", "Net Tangible Assets": "-24,618,000", "Working Capital": "-371,000", "Invested Capital": "57,604,000", "Tangible Book Value": "-24,618,000", "Total Debt": "44,610,000", "Net Debt": "35,965,000", "Share Issued": "1,867,000", "Ordinary Shares Number": "1,380,000", "Preferred Shares Number": "-", "Treasury Shares Number": "487,000"}, "12/31/2019": {"Duration": "12/31/2019", "Total Assets": "78,547,000", "Total Liabilities Net Minority Interest": "63,679,000", "Total Equity Gross Minority Interest": "14,868,000", "Total Capitalization": "43,934,000", "Preferred Stock Equity": "-", "Common Stock Equity": "14,786,000", "Capital Lease Obligations": "442,000", "Net Tangible Assets": "-16,758,000", "Working Capital": "-2,816,000", "Invested Capital": "46,854,000", "Tangible Book Value": "-16,758,000", "Total Debt": "32,510,000", "Net Debt": "26,559,000", "Share Issued": "1,867,000", "Ordinary Shares Number": "1,391,000", "Preferred Shares Number": "-", "Treasury Shares Number": "476,000"}, "12/31/2018": {"Duration": "12/31/2018", "Total Assets": "77,648,000", "Total Liabilities Net Minority Interest": "63,046,000", "Total Equity Gross Minority Interest": "14,602,000", "Total Capitalization": "42,813,000", "Preferred Stock Equity": "-", "Common Stock Equity": "14,518,000", "Capital Lease Obligations": "-", "Net Tangible Assets": "-16,115,000", "Working Capital": "-245,000", "Invested Capital": "46,839,000", "Tangible Book Value": "-16,115,000", "Total Debt": "32,321,000", "Net Debt": "23,600,000", "Share Issued": "1,867,000", "Ordinary Shares Number": "1,409,000", "Preferred Shares Number": "-", "Treasury Shares Number": "458,000"}}, "cf": {"TTM": {"Duration": "TTM", "Operating Cash Flow": "10,613,000", "Investing Cash Flow": "-11,619,000", "Financing Cash Flow": "3,819,000", "End Cash Position": "8,254,000", "Income Tax Paid Supplemental Data": "1,770,000", "Interest Paid Supplemental Data": "1,156,000", "Capital Expenditure": "-4,240,000", "Issuance of Debt": "17,886,000", "Repayment of Debt": "-6,593,000", "Repurchase of Capital Stock": "-2,000,000", "Free Cash Flow": "6,373,000"}, "12/31/2020": {"Duration": "12/31/2020", "Operating Cash Flow": "10,613,000", "Investing Cash Flow": "-11,619,000", "Financing Cash Flow": "3,819,000", "End Cash Position": "8,254,000", "Income Tax Paid Supplemental Data": "1,770,000", "Interest Paid Supplemental Data": "1,156,000", "Capital Expenditure": "-4,240,000", "Issuance of Debt": "17,886,000", "Repayment of Debt": "-6,593,000", "Repurchase of Capital Stock": "-2,000,000", "Free Cash Flow": "6,373,000"}, "12/31/2019": {"Duration": "12/31/2019", "Operating Cash Flow": "9,649,000", "Investing Cash Flow": "-6,437,000", "Financing Cash Flow": "-8,489,000", "End Cash Position": "5,570,000", "Income Tax Paid Supplemental Data": "-", "Interest Paid Supplemental Data": "-", "Capital Expenditure": "-4,232,000", "Issuance of Debt": "4,627,000", "Repayment of Debt": "-4,982,000", "Repurchase of Capital Stock": "-3,000,000", "Free Cash Flow": "5,417,000"}, "12/31/2018": {"Duration": "12/31/2018", "Operating Cash Flow": "9,415,000", "Investing Cash Flow": "4,564,000", "Financing Cash Flow": "-13,769,000", "End Cash Position": "10,769,000", "Income Tax Paid Supplemental Data": "1,203,000", "Interest Paid Supplemental Data": "1,388,000", "Capital Expenditure": "-3,282,000", "Issuance of Debt": "3,000", "Repayment of Debt": "-6,965,000", "Repurchase of Capital Stock": "-2,002,000", "Free Cash Flow": "6,133,000"}}}}, {"SODA": {"quote": {"03/26/2021": {"value": "", "Net Assets": "N/A", "Beta (5Y Monthly)": "N/A", "Yield": "N/A", "5y Average Return": "N/A", "Holdings Turnover": "N/A", "Last Dividend": "N/A", "Average for Category": "N/A", "Inception Date": "N/A"}}, "fin": {}, "bs": {}, "cf": {}}}, {"KRED": {"quote": {"03/26/2021": {"value": "0.0058", "Market Cap": "847,583", "Beta (5Y Monthly)": "-0.06", "PE Ratio (TTM)": "N/A", "EPS (TTM)": "-0.0860", "Earnings Date": "N/A", "Forward Dividend & Yield": "N/A (N/A)", "Ex-Dividend Date": "N/A", "1y Target Est": "N/A"}}, "fin": {"TTM": {"Duration": "TTM", "Total Revenue": "2,874", "Cost of Revenue": "2,339", "Gross Profit": "534.564", "Operating Expense": "3,840", "Operating Income": "-3,305", "Net Non Operating Interest Income Expense": "-531.282", "Other Income Expense": "-10,090", "Pretax Income": "-13,927", "Net Income Common Stockholders": "-13,927", "Diluted NI Available to Com Stockholders": "-13,927", "Total Operating Income as Reported": "-3,305", "Total Expenses": "6,179", "Net Income from Continuing & Discontinued Operation": "-13,927", "Normalized Income": "-3,796", "Interest Expense": "64.76", "Net Interest Income": "-531.282", "EBIT": "-13,862", "EBITDA": "-13,859", "Reconciled Cost of Revenue": "2,339", "Reconciled Depreciation": "2.798", "Net Income from Continuing Operation Net Minority Interest": "-13,927", "Total Unusual Items Excluding Goodwill": "-10,130", "Total Unusual Items": "-10,130", "Normalized EBITDA": "-3,729", "Tax Rate for Calcs": "0", "Tax Effect of Unusual Items": "0"}}, "bs": {}, "cf": {"TTM": {"Duration": "TTM", "Operating Cash Flow": "-2,806", "Investing Cash Flow": "-7.061", "Financing Cash Flow": "4,051", "End Cash Position": "1,306", "Capital Expenditure": "-7.061", "Issuance of Capital Stock": "3,499", "Issuance of Debt": "300", "Repayment of Debt": "-240.035", "Free Cash Flow": "-2,813"}}}}, {"MOJO": {"quote": {"03/26/2021": {"value": "0.1800", "Market Cap": "5.546M", "Beta (5Y Monthly)": "1.20", "PE Ratio (TTM)": "N/A", "EPS (TTM)": "-0.0030", "Earnings Date": "Jul 04, 2020", "Forward Dividend & Yield": "N/A (N/A)", "Ex-Dividend Date": "N/A", "1y Target Est": "N/A"}}, "fin": {"TTM": {"Duration": "TTM", "Total Revenue": "1,742", "Cost of Revenue": "917.639", "Gross Profit": "824.279", "Operating Expense": "910.218", "Operating Income": "-85.939", "Other Income Expense": "2.219", "Pretax Income": "-83.719", "Tax Provision": "0", "Net Income Common Stockholders": "-83.719", "Diluted NI Available to Com Stockholders": "-83.719", "Basic EPS": "-", "Diluted EPS": "-", "Basic Average Shares": "-", "Diluted Average Shares": "-", "Total Operating Income as Reported": "-85.938", "Total Expenses": "1,828", "Net Income from Continuing & Discontinued Operation": "-83.719", "Normalized Income": "-83.719", "EBIT": "-85.939", "EBITDA": "-85.939", "Reconciled Cost of Revenue": "917.639", "Reconciled Depreciation": "-", "Net Income from Continuing Operation Net Minority Interest": "-83.719", "Normalized EBITDA": "-85.939", "Tax Rate for Calcs": "0", "Tax Effect of Unusual Items": "0"}, "12/31/2020": {"Duration": "12/31/2020", "Total Revenue": "1,742", "Cost of Revenue": "917.639", "Gross Profit": "824.279", "Operating Expense": "910.218", "Operating Income": "-85.939", "Other Income Expense": "2.219", "Pretax Income": "-83.719", "Tax Provision": "0", "Net Income Common Stockholders": "-83.719", "Diluted NI Available to Com Stockholders": "-83.719", "Basic EPS": "-", "Diluted EPS": "-", "Basic Average Shares": "-", "Diluted Average Shares": "-", "Total Operating Income as Reported": "-85.938", "Total Expenses": "1,828", "Net Income from Continuing & Discontinued Operation": "-83.719", "Normalized Income": "-83.719", "EBIT": "-85.939", "EBITDA": "-", "Reconciled Cost of Revenue": "917.639", "Reconciled Depreciation": "-", "Net Income from Continuing Operation Net Minority Interest": "-83.719", "Normalized EBITDA": "-85.939", "Tax Rate for Calcs": "0", "Tax Effect of Unusual Items": "0"}, "12/31/2019": {"Duration": "12/31/2019", "Total Revenue": "1,743", "Cost of Revenue": "908.408", "Gross Profit": "834.613", "Operating Expense": "1,132", "Operating Income": "-297.199", "Other Income Expense": "-", "Pretax Income": "-297.699", "Tax Provision": "0", "Net Income Common Stockholders": "-297.699", "Diluted NI Available to Com Stockholders": "-297.699", "Basic EPS": "-0.01", "Diluted EPS": "-0.01", "Basic Average Shares": "28,622", "Diluted Average Shares": "28,622", "Total Operating Income as Reported": "-297.699", "Total Expenses": "2,040", "Net Income from Continuing & Discontinued Operation": "-297.699", "Normalized Income": "-297.699", "EBIT": "-297.199", "EBITDA": "-", "Reconciled Cost of Revenue": "908.408", "Reconciled Depreciation": "-", "Net Income from Continuing Operation Net Minority Interest": "-297.699", "Normalized EBITDA": "-297.199", "Tax Rate for Calcs": "0", "Tax Effect of Unusual Items": "0"}, "12/31/2018": {"Duration": "12/31/2018", "Total Revenue": "1,689", "Cost of Revenue": "898.806", "Gross Profit": "790.021", "Operating Expense": "1,213", "Operating Income": "-423.26", "Other Income Expense": "-", "Pretax Income": "-423.26", "Tax Provision": "0", "Net Income Common Stockholders": "-423.26", "Diluted NI Available to Com Stockholders": "-423.26", "Basic EPS": "-0.02", "Diluted EPS": "-0.02", "Basic Average Shares": "27,214", "Diluted Average Shares": "27,214", "Total Operating Income as Reported": "-423.26", "Total Expenses": "2,112", "Net Income from Continuing & Discontinued Operation": "-423.26", "Normalized Income": "-423.26", "EBIT": "-423.26", "EBITDA": "-", "Reconciled Cost of Revenue": "898.806", "Reconciled Depreciation": "-", "Net Income from Continuing Operation Net Minority Interest": "-423.26", "Normalized EBITDA": "-423.26", "Tax Rate for Calcs": "0", "Tax Effect of Unusual Items": "0"}}, "bs": {"12/31/2020": {"Duration": "12/31/2020", "Total Assets": "341.588", "Total Liabilities Net Minority Interest": "91.675", "Total Equity Gross Minority Interest": "249.913", "Total Capitalization": "249.913", "Common Stock Equity": "249.913", "Net Tangible Assets": "249.913", "Working Capital": "249.913", "Invested Capital": "285.421", "Tangible Book Value": "249.913", "Total Debt": "35.508", "Share Issued": "30,610", "Ordinary Shares Number": "30,610"}, "12/31/2019": {"Duration": "12/31/2019", "Total Assets": "337.608", "Total Liabilities Net Minority Interest": "166.248", "Total Equity Gross Minority Interest": "171.36", "Total Capitalization": "171.36", "Common Stock Equity": "171.36", "Net Tangible Assets": "171.36", "Working Capital": "171.36", "Invested Capital": "171.36", "Tangible Book Value": "171.36", "Total Debt": "-", "Share Issued": "29,351", "Ordinary Shares Number": "29,351"}, "12/31/2018": {"Duration": "12/31/2018", "Total Assets": "324.72", "Total Liabilities Net Minority Interest": "154.931", "Total Equity Gross Minority Interest": "169.789", "Total Capitalization": "169.789", "Common Stock Equity": "169.789", "Net Tangible Assets": "169.789", "Working Capital": "165.271", "Invested Capital": "169.789", "Tangible Book Value": "169.789", "Total Debt": "-", "Share Issued": "27,826", "Ordinary Shares Number": "27,826"}}, "cf": {"TTM": {"Duration": "TTM", "Operating Cash Flow": "-26.203", "Investing Cash Flow": "-", "Financing Cash Flow": "20.458", "End Cash Position": "50.233", "Income Tax Paid Supplemental Data": "-", "Interest Paid Supplemental Data": "-", "Issuance of Debt": "35.508", "Repurchase of Capital Stock": "-15.05", "Free Cash Flow": "-26.203"}, "12/31/2020": {"Duration": "12/31/2020", "Operating Cash Flow": "-26.203", "Investing Cash Flow": "-", "Financing Cash Flow": "20.458", "End Cash Position": "50.233", "Income Tax Paid Supplemental Data": "-", "Interest Paid Supplemental Data": "-", "Issuance of Debt": "35.508", "Repurchase of Capital Stock": "-15.05", "Free Cash Flow": "-26.203"}, "12/31/2019": {"Duration": "12/31/2019", "Operating Cash Flow": "32.196", "Investing Cash Flow": "-", "Financing Cash Flow": "-0.75", "End Cash Position": "55.978", "Income Tax Paid Supplemental Data": "0", "Interest Paid Supplemental Data": "0", "Issuance of Debt": "-", "Repurchase of Capital Stock": "-0.75", "Free Cash Flow": "32.196"}, "12/31/2018": {"Duration": "12/31/2018", "Operating Cash Flow": "17.639", "Investing Cash Flow": "-", "Financing Cash Flow": "-15.965", "End Cash Position": "24.031", "Income Tax Paid Supplemental Data": "0", "Interest Paid Supplemental Data": "0", "Issuance of Debt": "-", "Repurchase of Capital Stock": "-15.965", "Free Cash Flow": "17.639"}}}}, {"REED": {"quote": {"03/26/2021": {"value": "1.1200", "Market Cap": "93.522M", "Beta (5Y Monthly)": "1.20", "PE Ratio (TTM)": "N/A", "EPS (TTM)": "-0.2010", "Earnings Date": "Mar 30, 2021", "Forward Dividend & Yield": "N/A (N/A)", "Ex-Dividend Date": "N/A", "1y Target Est": "2.00"}}, "fin": {"TTM": {"Duration": "TTM", "Total Revenue": "41,615", "Cost of Revenue": "28,849", "Gross Profit": "12,766", "Operating Expense": "21,382", "Operating Income": "-8,616", "Net Non Operating Interest Income Expense": "-1,307", "Other Income Expense": "-254", "Pretax Income": "-10,177", "Net Income Common Stockholders": "-10,182", "Diluted NI Available to Com Stockholders": "-10,182", "Basic EPS": "-", "Diluted EPS": "-", "Basic Average Shares": "-", "Diluted Average Shares": "-", "Total Operating Income as Reported": "-8,616", "Total Expenses": "50,231", "Net Income from Continuing & Discontinued Operation": "-10,177", "Normalized Income": "-9,923", "Interest Expense": "1,307", "Net Interest Income": "-1,307", "EBIT": "-8,870", "EBITDA": "-8,666", "Reconciled Cost of Revenue": "28,849", "Reconciled Depreciation": "204", "Net Income from Continuing Operation Net Minority Interest": "-10,177", "Total Unusual Items Excluding Goodwill": "-254", "Total Unusual Items": "-254", "Normalized EBITDA": "-8,412", "Tax Rate for Calcs": "0", "Tax Effect of Unusual Items": "0"}, "12/31/2020": {"Duration": "12/31/2020", "Total Revenue": "41,615", "Cost of Revenue": "28,849", "Gross Profit": "12,766", "Operating Expense": "21,382", "Operating Income": "-8,616", "Net Non Operating Interest Income Expense": "-1,307", "Other Income Expense": "-254", "Pretax Income": "-10,177", "Net Income Common Stockholders": "-10,182", "Diluted NI Available to Com Stockholders": "-10,182", "Basic EPS": "-", "Diluted EPS": "-", "Basic Average Shares": "-", "Diluted Average Shares": "-", "Total Operating Income as Reported": "-8,616", "Total Expenses": "50,231", "Net Income from Continuing & Discontinued Operation": "-10,177", "Normalized Income": "-9,923", "Interest Expense": "1,307", "Net Interest Income": "-1,307", "EBIT": "-8,870", "EBITDA": "-", "Reconciled Cost of Revenue": "28,849", "Reconciled Depreciation": "204", "Net Income from Continuing Operation Net Minority Interest": "-10,177", "Total Unusual Items Excluding Goodwill": "-254", "Total Unusual Items": "-254", "Normalized EBITDA": "-8,412", "Tax Rate for Calcs": "0", "Tax Effect of Unusual Items": "0"}, "12/31/2019": {"Duration": "12/31/2019", "Total Revenue": "33,820", "Cost of Revenue": "25,944", "Gross Profit": "7,876", "Operating Expense": "22,777", "Operating Income": "-14,901", "Net Non Operating Interest Income Expense": "-1,286", "Other Income Expense": "75", "Pretax Income": "-16,112", "Net Income Common Stockholders": "-16,117", "Diluted NI Available to Com Stockholders": "-16,117", "Basic EPS": "-0.46", "Diluted EPS": "-0.46", "Basic Average Shares": "35,058", "Diluted Average Shares": "35,058", "Total Operating Income as Reported": "-14,856", "Total Expenses": "48,721", "Net Income from Continuing & Discontinued Operation": "-16,112", "Normalized Income": "-16,187", "Interest Expense": "1,286", "Net Interest Income": "-1,286", "EBIT": "-14,826", "EBITDA": "-", "Reconciled Cost of Revenue": "25,944", "Reconciled Depreciation": "152", "Net Income from Continuing Operation Net Minority Interest": "-16,112", "Total Unusual Items Excluding Goodwill": "75", "Total Unusual Items": "75", "Normalized EBITDA": "-14,749", "Tax Rate for Calcs": "0", "Tax Effect of Unusual Items": "0"}, "12/31/2018": {"Duration": "12/31/2018", "Total Revenue": "38,102", "Cost of Revenue": "27,424", "Gross Profit": "10,678", "Operating Expense": "18,751", "Operating Income": "-8,073", "Net Non Operating Interest Income Expense": "-2,201", "Other Income Expense": "-51", "Pretax Income": "-10,325", "Net Income Common Stockholders": "-10,330", "Diluted NI Available to Com Stockholders": "-10,330", "Basic EPS": "-0.41", "Diluted EPS": "-0.41", "Basic Average Shares": "25,358", "Diluted Average Shares": "25,358", "Total Operating Income as Reported": "-8,122", "Total Expenses": "46,175", "Net Income from Continuing & Discontinued Operation": "-10,325", "Normalized Income": "-10,274", "Interest Expense": "2,201", "Net Interest Income": "-2,201", "EBIT": "-8,124", "EBITDA": "-", "Reconciled Cost of Revenue": "27,424", "Reconciled Depreciation": "108", "Net Income from Continuing Operation Net Minority Interest": "-10,325", "Total Unusual Items Excluding Goodwill": "-51", "Total Unusual Items": "-51", "Normalized EBITDA": "-7,965", "Tax Rate for Calcs": "0", "Tax Effect of Unusual Items": "0"}}, "bs": {"12/31/2020": {"Duration": "12/31/2020", "Total Assets": "20,057", "Total Liabilities Net Minority Interest": "9,653", "Total Equity Gross Minority Interest": "10,404", "Total Capitalization": "10,575", "Preferred Stock Equity": "94", "Common Stock Equity": "10,310", "Capital Lease Obligations": "685", "Net Tangible Assets": "9,789", "Working Capital": "9,528", "Invested Capital": "11,080", "Tangible Book Value": "9,695", "Total Debt": "1,455", "Net Debt": "175", "Share Issued": "83,502", "Ordinary Shares Number": "83,502"}, "12/31/2019": {"Duration": "12/31/2019", "Total Assets": "15,992", "Total Liabilities Net Minority Interest": "14,845", "Total Equity Gross Minority Interest": "1,147", "Total Capitalization": "5,836", "Preferred Stock Equity": "94", "Common Stock Equity": "1,053", "Capital Lease Obligations": "786", "Net Tangible Assets": "571", "Working Capital": "4,885", "Invested Capital": "8,919", "Tangible Book Value": "477", "Total Debt": "8,652", "Net Debt": "6,953", "Share Issued": "47,595", "Ordinary Shares Number": "47,595"}, "12/31/2018": {"Duration": "12/31/2018", "Total Assets": "12,492", "Total Liabilities Net Minority Interest": "19,235", "Total Equity Gross Minority Interest": "-6,743", "Total Capitalization": "-2,582", "Preferred Stock Equity": "94", "Common Stock Equity": "-6,837", "Capital Lease Obligations": "852", "Net Tangible Assets": "-7,319", "Working Capital": "-3,297", "Invested Capital": "4,304", "Tangible Book Value": "-7,413", "Total Debt": "11,993", "Net Debt": "10,517", "Share Issued": "25,729", "Ordinary Shares Number": "25,729"}}, "cf": {"TTM": {"Duration": "TTM", "Operating Cash Flow": "-9,496", "Investing Cash Flow": "-161", "Financing Cash Flow": "9,339", "End Cash Position": "595", "Interest Paid Supplemental Data": "1,740", "Capital Expenditure": "-161", "Issuance of Capital Stock": "16,564", "Issuance of Debt": "51,745", "Repayment of Debt": "-58,908", "Free Cash Flow": "-9,657"}, "12/31/2020": {"Duration": "12/31/2020", "Operating Cash Flow": "-9,496", "Investing Cash Flow": "-161", "Financing Cash Flow": "9,339", "End Cash Position": "595", "Interest Paid Supplemental Data": "1,740", "Capital Expenditure": "-161", "Issuance of Capital Stock": "16,564", "Issuance of Debt": "51,745", "Repayment of Debt": "-58,908", "Free Cash Flow": "-9,657"}, "12/31/2019": {"Duration": "12/31/2019", "Operating Cash Flow": "-18,161", "Investing Cash Flow": "-277", "Financing Cash Flow": "18,727", "End Cash Position": "913", "Interest Paid Supplemental Data": "498", "Capital Expenditure": "-322", "Issuance of Capital Stock": "22,341", "Issuance of Debt": "54,831", "Repayment of Debt": "-58,875", "Free Cash Flow": "-18,483"}, "12/31/2018": {"Duration": "12/31/2018", "Operating Cash Flow": "-9,258", "Investing Cash Flow": "942", "Financing Cash Flow": "-3,187", "End Cash Position": "624", "Interest Paid Supplemental Data": "1,351", "Capital Expenditure": "-159", "Issuance of Capital Stock": "0", "Issuance of Debt": "47,560", "Repayment of Debt": "-50,716", "Free Cash Flow": "-9,417"}}}}, {"OMGB": {"quote": {"03/26/2021": {"value": "", "Net Assets": "N/A", "Beta (5Y Monthly)": "N/A", "Yield": "N/A", "5y Average Return": "N/A", "Holdings Turnover": "N/A", "Last Dividend": "N/A", "Average for Category": "N/A", "Inception Date": "N/A"}}, "fin": {}, "bs": {}, "cf": {}}}, {"COT": {"fin": {}, "bs": {}, "cf": {}}}, {"UPNT": {"fin": {}, "bs": {}, "cf": {}}}, {"SENZ": {"fin": {}, "bs": {}, "cf": {}}}]