[{"ADM": {"quote": {"05/11/2021": {"value": "66.89", "Market Cap": "37.372B", "Beta (5Y Monthly)": "0.90", "PE Ratio (TTM)": "18.17", "EPS (TTM)": "3.68", "Earnings Date": "Jul 27, 2021 - Aug 02, 2021", "Forward Dividend & Yield": "1.48 (2.19%)", "Ex-Dividend Date": "May 18, 2021", "1y Target Est": "69.50"}}, "fin": {"TTM": {"Duration": "TTM", "Total Revenue": "64,306,000", "Cost of Revenue": "60,000,000", "Gross Profit": "4,306,000", "Operating Expense": "2,534,000", "Operating Income": "1,772,000", "Net Non Operating Interest Income Expense": "-210,000", "Other Income Expense": "364,000", "Pretax Income": "1,926,000", "Tax Provision": "156,000", "Net Income Common Stockholders": "1,771,000", "Diluted NI Available to Com Stockholders": "1,771,000", "Basic EPS": "-", "Diluted EPS": "-", "Basic Average Shares": "-", "Diluted Average Shares": "-", "Total Expenses": "62,534,000", "Net Income from Continuing & Discontinued Operation": "1,771,000", "Normalized Income": "1,971,343", "Interest Income": "152,000", "Interest Expense": "362,000", "Net Interest Income": "-210,000", "EBIT": "2,288,000", "EBITDA": "3,277,000", "Reconciled Cost of Revenue": "60,000,000", "Reconciled Depreciation": "989,000", "Net Income from Continuing Operation Net Minority Interest": "1,771,000", "Total Unusual Items Excluding Goodwill": "-218,000", "Total Unusual Items": "-218,000", "Normalized EBITDA": "3,495,000", "Tax Rate for Calcs": "0", "Tax Effect of Unusual Items": "-17,657"}, "12/31/2020": {"Duration": "12/31/2020", "Total Revenue": "64,355,000", "Cost of Revenue": "59,902,000", "Gross Profit": "4,453,000", "Operating Expense": "2,687,000", "Operating Income": "1,766,000", "Net Non Operating Interest Income Expense": "-251,000", "Other Income Expense": "368,000", "Pretax Income": "1,883,000", "Tax Provision": "101,000", "Net Income Common Stockholders": "1,772,000", "Diluted NI Available to Com Stockholders": "1,772,000", "Basic EPS": "-", "Diluted EPS": "-", "Basic Average Shares": "-", "Diluted Average Shares": "-", "Total Expenses": "62,589,000", "Net Income from Continuing & Discontinued Operation": "1,772,000", "Normalized Income": "2,082,288", "Interest Income": "88,000", "Interest Expense": "339,000", "Net Interest Income": "-251,000", "EBIT": "2,222,000", "EBITDA": "-", "Reconciled Cost of Revenue": "59,902,000", "Reconciled Depreciation": "976,000", "Net Income from Continuing Operation Net Minority Interest": "1,772,000", "Total Unusual Items Excluding Goodwill": "-328,000", "Total Unusual Items": "-328,000", "Normalized EBITDA": "3,526,000", "Tax Rate for Calcs": "0", "Tax Effect of Unusual Items": "-17,712"}, "12/31/2019": {"Duration": "12/31/2019", "Total Revenue": "64,656,000", "Cost of Revenue": "60,509,000", "Gross Profit": "4,147,000", "Operating Expense": "2,493,000", "Operating Income": "1,654,000", "Net Non Operating Interest Income Expense": "-210,000", "Other Income Expense": "144,000", "Pretax Income": "1,588,000", "Tax Provision": "209,000", "Net Income Common Stockholders": "1,379,000", "Diluted NI Available to Com Stockholders": "1,379,000", "Basic EPS": "2.48", "Diluted EPS": "2.44", "Basic Average Shares": "557,000", "Diluted Average Shares": "565,000", "Total Expenses": "63,002,000", "Net Income from Continuing & Discontinued Operation": "1,379,000", "Normalized Income": "1,675,856", "Interest Income": "192,000", "Interest Expense": "402,000", "Net Interest Income": "-210,000", "EBIT": "1,990,000", "EBITDA": "-", "Reconciled Cost of Revenue": "60,509,000", "Reconciled Depreciation": "993,000", "Net Income from Continuing Operation Net Minority Interest": "1,379,000", "Total Unusual Items Excluding Goodwill": "-342,000", "Total Unusual Items": "-342,000", "Normalized EBITDA": "3,325,000", "Tax Rate for Calcs": "0", "Tax Effect of Unusual Items": "-45,144"}, "12/31/2018": {"Duration": "12/31/2018", "Total Revenue": "64,341,000", "Cost of Revenue": "60,160,000", "Gross Profit": "4,181,000", "Operating Expense": "2,165,000", "Operating Income": "2,016,000", "Net Non Operating Interest Income Expense": "-202,000", "Other Income Expense": "246,000", "Pretax Income": "2,060,000", "Tax Provision": "245,000", "Net Income Common Stockholders": "1,810,000", "Diluted NI Available to Com Stockholders": "1,810,000", "Basic EPS": "3.24", "Diluted EPS": "3.19", "Basic Average Shares": "559,000", "Diluted Average Shares": "567,000", "Total Expenses": "62,325,000", "Net Income from Continuing & Discontinued Operation": "1,810,000", "Normalized Income": "1,922,768", "Interest Income": "162,000", "Interest Expense": "364,000", "Net Interest Income": "-202,000", "EBIT": "2,424,000", "EBITDA": "-", "Reconciled Cost of Revenue": "60,160,000", "Reconciled Depreciation": "941,000", "Net Income from Continuing Operation Net Minority Interest": "1,810,000", "Total Unusual Items Excluding Goodwill": "-128,000", "Total Unusual Items": "-128,000", "Normalized EBITDA": "3,493,000", "Tax Rate for Calcs": "0", "Tax Effect of Unusual Items": "-15,232"}}, "bs": {"12/31/2020": {"Duration": "12/31/2020", "Total Assets": "49,719,000", "Total Liabilities Net Minority Interest": "29,697,000", "Total Equity Gross Minority Interest": "20,022,000", "Total Capitalization": "27,885,000", "Common Stock Equity": "20,000,000", "Capital Lease Obligations": "1,124,000", "Net Tangible Assets": "14,587,000", "Working Capital": "9,104,000", "Invested Capital": "29,929,000", "Tangible Book Value": "14,587,000", "Total Debt": "11,053,000", "Net Debt": "9,263,000", "Share Issued": "556,000", "Ordinary Shares Number": "556,000", "Treasury Shares Number": "-"}, "12/31/2019": {"Duration": "12/31/2019", "Total Assets": "43,997,000", "Total Liabilities Net Minority Interest": "24,772,000", "Total Equity Gross Minority Interest": "19,225,000", "Total Capitalization": "26,880,000", "Common Stock Equity": "19,208,000", "Capital Lease Obligations": "215,000", "Net Tangible Assets": "13,732,000", "Working Capital": "7,613,000", "Invested Capital": "28,089,000", "Tangible Book Value": "13,732,000", "Total Debt": "9,096,000", "Net Debt": "8,029,000", "Share Issued": "557,000", "Ordinary Shares Number": "557,000", "Treasury Shares Number": "-"}, "12/31/2018": {"Duration": "12/31/2018", "Total Assets": "40,833,000", "Total Liabilities Net Minority Interest": "21,837,000", "Total Equity Gross Minority Interest": "18,996,000", "Total Capitalization": "26,679,000", "Common Stock Equity": "18,981,000", "Capital Lease Obligations": "-", "Net Tangible Assets": "14,940,000", "Working Capital": "8,812,000", "Invested Capital": "27,369,000", "Tangible Book Value": "14,940,000", "Total Debt": "8,388,000", "Net Debt": "6,391,000", "Share Issued": "559,000", "Ordinary Shares Number": "559,000", "Treasury Shares Number": "-"}}, "cf": {"TTM": {"Duration": "TTM", "Operating Cash Flow": "-3,175,000", "Investing Cash Flow": "6,086,000", "Financing Cash Flow": "-1,161,000", "End Cash Position": "4,499,000", "Income Tax Paid Supplemental Data": "195,000", "Interest Paid Supplemental Data": "345,000", "Capital Expenditure": "-805,000", "Issuance of Debt": "1,484,000", "Repayment of Debt": "-540,000", "Repurchase of Capital Stock": "-168,000", "Free Cash Flow": "-3,980,000"}, "12/31/2020": {"Duration": "12/31/2020", "Operating Cash Flow": "-2,386,000", "Investing Cash Flow": "4,465,000", "Financing Cash Flow": "-423,000", "End Cash Position": "4,646,000", "Income Tax Paid Supplemental Data": "195,000", "Interest Paid Supplemental Data": "345,000", "Capital Expenditure": "-823,000", "Issuance of Debt": "1,791,000", "Repayment of Debt": "-2,136,000", "Repurchase of Capital Stock": "-133,000", "Free Cash Flow": "-3,209,000"}, "12/31/2019": {"Duration": "12/31/2019", "Operating Cash Flow": "-5,452,000", "Investing Cash Flow": "5,259,000", "Financing Cash Flow": "-660,000", "End Cash Position": "2,990,000", "Income Tax Paid Supplemental Data": "268,000", "Interest Paid Supplemental Data": "373,000", "Capital Expenditure": "-828,000", "Issuance of Debt": "8,000", "Repayment of Debt": "-626,000", "Repurchase of Capital Stock": "-150,000", "Free Cash Flow": "-6,280,000"}, "12/31/2018": {"Duration": "12/31/2018", "Operating Cash Flow": "-4,784,000", "Investing Cash Flow": "6,582,000", "Financing Cash Flow": "187,000", "End Cash Position": "3,843,000", "Income Tax Paid Supplemental Data": "376,000", "Interest Paid Supplemental Data": "351,000", "Capital Expenditure": "-842,000", "Issuance of Debt": "1,762,000", "Repayment of Debt": "-30,000", "Repurchase of Capital Stock": "-77,000", "Free Cash Flow": "-5,626,000"}}}}, {"ANDE": {"quote": {"05/11/2021": {"value": "31.67", "Market Cap": "1.052B", "Beta (5Y Monthly)": "0.70", "PE Ratio (TTM)": "17.48", "EPS (TTM)": "1.81", "Earnings Date": "Aug 02, 2021 - Aug 06, 2021", "Forward Dividend & Yield": "0.70 (2.23%)", "Ex-Dividend Date": "Mar 31, 2021", "1y Target Est": "29.67"}}, "fin": {"TTM": {"Duration": "TTM", "Total Revenue": "8,170,191", "Cost of Revenue": "7,652,299", "Gross Profit": "517,892", "Operating Expense": "436,842", "Operating Income": "81,050", "Net Non Operating Interest Income Expense": "-59,691", "Other Income Expense": "6,752", "Pretax Income": "28,111", "Tax Provision": "13,051", "Net Income Common Stockholders": "18,307", "Average Dilution Earnings": "24,713", "Diluted NI Available to Com Stockholders": "18,307", "Basic EPS": "-", "Diluted EPS": "-", "Basic Average Shares": "-", "Diluted Average Shares": "-", "Total Expenses": "8,089,141", "Net Income from Continuing & Discontinued Operation": "18,307", "Normalized Income": "48,392", "Interest Expense": "59,691", "Net Interest Income": "-59,691", "EBIT": "87,802", "EBITDA": "233,968", "Reconciled Cost of Revenue": "7,652,299", "Reconciled Depreciation": "146,166", "Net Income from Continuing Operation Net Minority Interest": "18,307", "Total Unusual Items Excluding Goodwill": "-41,212", "Total Unusual Items": "-41,212", "Normalized EBITDA": "275,180", "Tax Rate for Calcs": "0", "Tax Effect of Unusual Items": "-11,127"}, "12/31/2020": {"Duration": "12/31/2020", "Total Revenue": "8,208,436", "Cost of Revenue": "7,803,514", "Gross Profit": "404,922", "Operating Expense": "399,207", "Operating Income": "5,715", "Net Non Operating Interest Income Expense": "-51,275", "Other Income Expense": "21,086", "Pretax Income": "-24,474", "Tax Provision": "-10,259", "Net Income Common Stockholders": "7,710", "Average Dilution Earnings": "-", "Diluted NI Available to Com Stockholders": "7,710", "Basic EPS": "-", "Diluted EPS": "-", "Basic Average Shares": "-", "Diluted Average Shares": "-", "Total Expenses": "8,202,721", "Net Income from Continuing & Discontinued Operation": "7,710", "Normalized Income": "7,710", "Interest Expense": "51,275", "Net Interest Income": "-51,275", "EBIT": "26,801", "EBITDA": "-", "Reconciled Cost of Revenue": "7,803,514", "Reconciled Depreciation": "188,638", "Net Income from Continuing Operation Net Minority Interest": "7,710", "Total Unusual Items Excluding Goodwill": "0", "Total Unusual Items": "0", "Normalized EBITDA": "215,439", "Tax Rate for Calcs": "0", "Tax Effect of Unusual Items": "0"}, "12/31/2019": {"Duration": "12/31/2019", "Total Revenue": "8,170,191", "Cost of Revenue": "7,652,299", "Gross Profit": "517,892", "Operating Expense": "436,842", "Operating Income": "81,050", "Net Non Operating Interest Income Expense": "-59,691", "Other Income Expense": "6,752", "Pretax Income": "28,111", "Tax Provision": "13,051", "Net Income Common Stockholders": "18,307", "Average Dilution Earnings": "24,713", "Diluted NI Available to Com Stockholders": "18,307", "Basic EPS": "0.56", "Diluted EPS": "0.55", "Basic Average Shares": "32,691", "Diluted Average Shares": "32,691", "Total Expenses": "8,089,141", "Net Income from Continuing & Discontinued Operation": "18,307", "Normalized Income": "48,392", "Interest Expense": "59,691", "Net Interest Income": "-59,691", "EBIT": "87,802", "EBITDA": "-", "Reconciled Cost of Revenue": "7,652,299", "Reconciled Depreciation": "146,166", "Net Income from Continuing Operation Net Minority Interest": "18,307", "Total Unusual Items Excluding Goodwill": "-41,212", "Total Unusual Items": "-41,212", "Normalized EBITDA": "275,180", "Tax Rate for Calcs": "0", "Tax Effect of Unusual Items": "-11,127"}, "12/31/2018": {"Duration": "12/31/2018", "Total Revenue": "3,045,382", "Cost of Revenue": "2,743,377", "Gross Profit": "302,005", "Operating Expense": "257,872", "Operating Income": "44,133", "Net Non Operating Interest Income Expense": "-27,848", "Other Income Expense": "36,871", "Pretax Income": "53,156", "Tax Provision": "11,931", "Net Income Common Stockholders": "41,484", "Average Dilution Earnings": "-", "Diluted NI Available to Com Stockholders": "41,484", "Basic EPS": "1.47", "Diluted EPS": "1.46", "Basic Average Shares": "28,220", "Diluted Average Shares": "28,414", "Total Expenses": "3,001,249", "Net Income from Continuing & Discontinued Operation": "41,484", "Normalized Income": "46,345", "Interest Expense": "27,848", "Net Interest Income": "-27,848", "EBIT": "81,004", "EBITDA": "-", "Reconciled Cost of Revenue": "2,743,377", "Reconciled Depreciation": "90,297", "Net Income from Continuing Operation Net Minority Interest": "41,484", "Total Unusual Items Excluding Goodwill": "-6,272", "Total Unusual Items": "-6,272", "Normalized EBITDA": "177,573", "Tax Rate for Calcs": "0", "Tax Effect of Unusual Items": "-1,411"}}, "bs": {"12/31/2020": {"Duration": "12/31/2020", "Total Assets": "4,272,121", "Total Liabilities Net Minority Interest": "3,111,461", "Total Equity Gross Minority Interest": "1,160,660", "Total Capitalization": "1,878,431", "Common Stock Equity": "961,891", "Capital Lease Obligations": "37,177", "Net Tangible Assets": "683,242", "Working Capital": "484,727", "Invested Capital": "2,357,609", "Tangible Book Value": "683,242", "Total Debt": "1,432,895", "Net Debt": "1,366,595", "Share Issued": "33,599", "Ordinary Shares Number": "33,554", "Treasury Shares Number": "45"}, "12/31/2019": {"Duration": "12/31/2019", "Total Assets": "3,900,741", "Total Liabilities Net Minority Interest": "2,705,086", "Total Equity Gross Minority Interest": "1,195,655", "Total Capitalization": "1,968,357", "Common Stock Equity": "973,610", "Capital Lease Obligations": "90,228", "Net Tangible Assets": "662,938", "Working Capital": "505,423", "Invested Capital": "2,160,651", "Tangible Book Value": "662,938", "Total Debt": "1,277,269", "Net Debt": "1,132,146", "Share Issued": "33,550", "Ordinary Shares Number": "33,343", "Treasury Shares Number": "207"}, "12/31/2018": {"Duration": "12/31/2018", "Total Assets": "2,392,003", "Total Liabilities Net Minority Interest": "1,515,239", "Total Equity Gross Minority Interest": "876,764", "Total Capitalization": "1,326,509", "Common Stock Equity": "830,322", "Capital Lease Obligations": "-", "Net Tangible Assets": "725,160", "Working Capital": "189,848", "Invested Capital": "1,553,098", "Tangible Book Value": "725,160", "Total Debt": "722,776", "Net Debt": "700,183", "Share Issued": "29,430", "Ordinary Shares Number": "28,494", "Treasury Shares Number": "936"}}, "cf": {"TTM": {"Duration": "TTM", "Operating Cash Flow": "348,562", "Investing Cash Flow": "-325,032", "Financing Cash Flow": "8,707", "End Cash Position": "54,895", "Capital Expenditure": "-270,477", "Issuance of Debt": "922,594", "Repayment of Debt": "-608,483", "Free Cash Flow": "78,085"}, "12/31/2020": {"Duration": "12/31/2020", "Operating Cash Flow": "-74,432", "Investing Cash Flow": "-86,756", "Financing Cash Flow": "136,296", "End Cash Position": "29,123", "Capital Expenditure": "-104,886", "Issuance of Debt": "471,906", "Repayment of Debt": "-559,711", "Free Cash Flow": "-179,318"}, "12/31/2019": {"Duration": "12/31/2019", "Operating Cash Flow": "348,562", "Investing Cash Flow": "-325,032", "Financing Cash Flow": "8,707", "End Cash Position": "54,895", "Capital Expenditure": "-270,477", "Issuance of Debt": "922,594", "Repayment of Debt": "-608,483", "Free Cash Flow": "78,085"}, "12/31/2018": {"Duration": "12/31/2018", "Operating Cash Flow": "-35,519", "Investing Cash Flow": "-185,993", "Financing Cash Flow": "209,186", "End Cash Position": "22,593", "Capital Expenditure": "-309,584", "Issuance of Debt": "132,000", "Repayment of Debt": "-121,090", "Free Cash Flow": "-345,103"}}}}, {"ALCO": {"quote": {"05/11/2021": {"value": "31.17", "Market Cap": "234.428M", "Beta (5Y Monthly)": "0.50", "PE Ratio (TTM)": "8.35", "EPS (TTM)": "3.73", "Earnings Date": "Aug 04, 2021 - Aug 09, 2021", "Forward Dividend & Yield": "0.72 (2.28%)", "Ex-Dividend Date": "Mar 25, 2021", "1y Target Est": "40.00"}}, "fin": {"TTM": {"Duration": "TTM", "Total Revenue": "95,234", "Cost of Revenue": "77,532", "Gross Profit": "17,702", "Operating Expense": "10,766", "Operating Income": "6,936", "Net Non Operating Interest Income Expense": "-5,528", "Other Income Expense": "33,764", "Pretax Income": "35,172", "Tax Provision": "8,552", "Net Income Common Stockholders": "26,716", "Diluted NI Available to Com Stockholders": "26,716", "Basic EPS": "-", "Diluted EPS": "-", "Basic Average Shares": "-", "Diluted Average Shares": "-", "Total Operating Income as Reported": "6,936", "Total Expenses": "88,298", "Net Income from Continuing & Discontinued Operation": "26,716", "Normalized Income": "1,162", "Interest Income": "-", "Interest Expense": "5,528", "Net Interest Income": "-5,528", "EBIT": "40,700", "EBITDA": "55,462", "Reconciled Cost of Revenue": "77,532", "Reconciled Depreciation": "14,762", "Net Income from Continuing Operation Net Minority Interest": "26,716", "Total Unusual Items Excluding Goodwill": "33,763", "Total Unusual Items": "33,763", "Normalized EBITDA": "21,699", "Tax Rate for Calcs": "0", "Tax Effect of Unusual Items": "8,209"}, "9/30/2020": {"Duration": "9/30/2020", "Total Revenue": "92,507", "Cost of Revenue": "74,588", "Gross Profit": "17,919", "Operating Expense": "10,998", "Operating Income": "6,921", "Net Non Operating Interest Income Expense": "-5,883", "Other Income Expense": "30,339", "Pretax Income": "31,377", "Tax Provision": "7,663", "Net Income Common Stockholders": "23,662", "Diluted NI Available to Com Stockholders": "23,662", "Basic EPS": "3.16", "Diluted EPS": "3.16", "Basic Average Shares": "7,484", "Diluted Average Shares": "7,496", "Total Operating Income as Reported": "6,921", "Total Expenses": "85,586", "Net Income from Continuing & Discontinued Operation": "23,662", "Normalized Income": "691.88", "Interest Income": "-", "Interest Expense": "5,883", "Net Interest Income": "-5,883", "EBIT": "37,260", "EBITDA": "-", "Reconciled Cost of Revenue": "74,588", "Reconciled Depreciation": "14,520", "Net Income from Continuing Operation Net Minority Interest": "23,662", "Total Unusual Items Excluding Goodwill": "30,424", "Total Unusual Items": "30,424", "Normalized EBITDA": "21,356", "Tax Rate for Calcs": "0", "Tax Effect of Unusual Items": "7,454"}, "9/30/2019": {"Duration": "9/30/2019", "Total Revenue": "122,251", "Cost of Revenue": "61,891", "Gross Profit": "60,360", "Operating Expense": "15,146", "Operating Income": "45,214", "Net Non Operating Interest Income Expense": "-7,131", "Other Income Expense": "12,150", "Pretax Income": "50,233", "Tax Provision": "12,783", "Net Income Common Stockholders": "37,833", "Diluted NI Available to Com Stockholders": "37,833", "Basic EPS": "5.06", "Diluted EPS": "5.05", "Basic Average Shares": "7,472", "Diluted Average Shares": "7,493", "Total Operating Income as Reported": "45,214", "Total Expenses": "77,037", "Net Income from Continuing & Discontinued Operation": "37,833", "Normalized Income": "28,755", "Interest Income": "49", "Interest Expense": "7,180", "Net Interest Income": "-7,131", "EBIT": "57,413", "EBITDA": "-", "Reconciled Cost of Revenue": "61,891", "Reconciled Depreciation": "13,924", "Net Income from Continuing Operation Net Minority Interest": "37,833", "Total Unusual Items Excluding Goodwill": "12,177", "Total Unusual Items": "12,177", "Normalized EBITDA": "59,160", "Tax Rate for Calcs": "0", "Tax Effect of Unusual Items": "3,099"}, "9/30/2018": {"Duration": "9/30/2018", "Total Revenue": "81,281", "Cost of Revenue": "55,688", "Gross Profit": "25,593", "Operating Expense": "15,058", "Operating Income": "10,535", "Net Non Operating Interest Income Expense": "-8,522", "Other Income Expense": "11,177", "Pretax Income": "13,190", "Tax Provision": "390", "Net Income Common Stockholders": "13,050", "Diluted NI Available to Com Stockholders": "13,050", "Basic EPS": "1.59", "Diluted EPS": "1.57", "Basic Average Shares": "8,232", "Diluted Average Shares": "8,301", "Total Operating Income as Reported": "10,535", "Total Expenses": "70,746", "Net Income from Continuing & Discontinued Operation": "13,050", "Normalized Income": "2,336", "Interest Income": "39", "Interest Expense": "8,561", "Net Interest Income": "-8,522", "EBIT": "21,751", "EBITDA": "-", "Reconciled Cost of Revenue": "55,688", "Reconciled Depreciation": "13,756", "Net Income from Continuing Operation Net Minority Interest": "13,050", "Total Unusual Items Excluding Goodwill": "11,041", "Total Unusual Items": "11,041", "Normalized EBITDA": "24,466", "Tax Rate for Calcs": "0", "Tax Effect of Unusual Items": "326.8136"}}, "bs": {"9/30/2020": {"Duration": "9/30/2020", "Total Assets": "423,937", "Total Liabilities Net Minority Interest": "202,155", "Total Equity Gross Minority Interest": "221,782", "Total Capitalization": "357,238", "Common Stock Equity": "216,341", "Capital Lease Obligations": "868", "Net Tangible Assets": "214,095", "Working Capital": "30,741", "Invested Capital": "366,383", "Tangible Book Value": "214,095", "Total Debt": "150,910", "Net Debt": "146,879", "Share Issued": "8,416", "Ordinary Shares Number": "7,493", "Treasury Shares Number": "923.621"}, "9/30/2019": {"Duration": "9/30/2019", "Total Assets": "417,388", "Total Liabilities Net Minority Interest": "217,990", "Total Equity Gross Minority Interest": "199,398", "Total Capitalization": "351,045", "Common Stock Equity": "194,303", "Capital Lease Obligations": "-", "Net Tangible Assets": "192,057", "Working Capital": "33,026", "Invested Capital": "356,383", "Tangible Book Value": "192,057", "Total Debt": "162,080", "Net Debt": "143,450", "Share Issued": "8,416", "Ordinary Shares Number": "7,477", "Treasury Shares Number": "939.632"}, "9/30/2018": {"Duration": "9/30/2018", "Total Assets": "423,422", "Total Liabilities Net Minority Interest": "245,827", "Total Equity Gross Minority Interest": "177,595", "Total Capitalization": "342,313", "Common Stock Equity": "172,117", "Capital Lease Obligations": "-", "Net Tangible Assets": "169,871", "Working Capital": "50,742", "Invested Capital": "347,588", "Tangible Book Value": "169,871", "Total Debt": "175,471", "Net Debt": "150,211", "Share Issued": "8,416", "Ordinary Shares Number": "8,200", "Treasury Shares Number": "216.188"}}, "cf": {"TTM": {"Duration": "TTM", "Operating Cash Flow": "1,983", "Investing Cash Flow": "-4,698", "Financing Cash Flow": "-949", "End Cash Position": "2,601", "Income Tax Paid Supplemental Data": "-", "Interest Paid Supplemental Data": "-", "Capital Expenditure": "-39,940", "Issuance of Debt": "140,972", "Repayment of Debt": "-139,523", "Repurchase of Capital Stock": "0", "Free Cash Flow": "-37,957"}, "9/30/2020": {"Duration": "9/30/2020", "Operating Cash Flow": "1,049", "Investing Cash Flow": "9,489", "Financing Cash Flow": "-14,689", "End Cash Position": "19,687", "Income Tax Paid Supplemental Data": "6,403", "Interest Paid Supplemental Data": "5,614", "Capital Expenditure": "-22,163", "Issuance of Debt": "117,523", "Repayment of Debt": "-129,779", "Repurchase of Capital Stock": "-238", "Free Cash Flow": "-21,114"}, "9/30/2019": {"Duration": "9/30/2019", "Operating Cash Flow": "48,832", "Investing Cash Flow": "-4,960", "Financing Cash Flow": "-52,294", "End Cash Position": "23,838", "Income Tax Paid Supplemental Data": "6,285", "Interest Paid Supplemental Data": "6,940", "Capital Expenditure": "-20,108", "Issuance of Debt": "86,546", "Repayment of Debt": "-100,131", "Repurchase of Capital Stock": "-25,576", "Free Cash Flow": "28,724"}, "9/30/2018": {"Duration": "9/30/2018", "Operating Cash Flow": "19,055", "Investing Cash Flow": "22,447", "Financing Cash Flow": "-12,637", "End Cash Position": "32,260", "Income Tax Paid Supplemental Data": "25", "Interest Paid Supplemental Data": "7,654", "Capital Expenditure": "-16,783", "Issuance of Debt": "28,285", "Repayment of Debt": "-37,735", "Repurchase of Capital Stock": "-2,215", "Free Cash Flow": "2,272"}}}}, {"SEED": {"quote": {"05/11/2021": {"value": "12.94", "Market Cap": "73.578M", "Beta (5Y Monthly)": "0.89", "PE Ratio (TTM)": "N/A", "EPS (TTM)": "-2.63", "Earnings Date": "Jul 16, 2019", "Forward Dividend & Yield": "N/A (N/A)", "Ex-Dividend Date": "N/A", "1y Target Est": "N/A"}}, "fin": {"TTM": {"Duration": "TTM", "Total Revenue": "52,513", "Cost of Revenue": "49,000", "Gross Profit": "3,513", "Operating Expense": "67,005", "Operating Income": "-63,492", "Net Non Operating Interest Income Expense": "-5,796", "Other Income Expense": "-33,129", "Pretax Income": "-102,417", "Tax Provision": "425", "Net Income Common Stockholders": "-85,261", "Diluted NI Available to Com Stockholders": "-85,261", "Basic EPS": "-", "Diluted EPS": "-", "Basic Average Shares": "-", "Diluted Average Shares": "-", "Total Operating Income as Reported": "-91,583", "Total Expenses": "116,005", "Net Income from Continuing & Discontinued Operation": "-85,261", "Normalized Income": "-51,176", "Interest Income": "-", "Interest Expense": "5,796", "Net Interest Income": "-5,796", "EBIT": "-96,621", "EBITDA": "-86,009", "Reconciled Cost of Revenue": "49,000", "Reconciled Depreciation": "10,612", "Net Income from Continuing Operation Net Minority Interest": "-85,261", "Total Unusual Items Excluding Goodwill": "-34,085", "Total Unusual Items": "-34,085", "Normalized EBITDA": "-51,924", "Tax Rate for Calcs": "0", "Tax Effect of Unusual Items": "0"}, "9/30/2020": {"Duration": "9/30/2020", "Total Revenue": "52,513", "Cost of Revenue": "49,000", "Gross Profit": "3,513", "Operating Expense": "67,005", "Operating Income": "-63,492", "Net Non Operating Interest Income Expense": "-5,796", "Other Income Expense": "-33,129", "Pretax Income": "-102,417", "Tax Provision": "425", "Net Income Common Stockholders": "-85,261", "Diluted NI Available to Com Stockholders": "-85,261", "Basic EPS": "-16.95", "Diluted EPS": "-16.95", "Basic Average Shares": "5,029", "Diluted Average Shares": "5,029", "Total Operating Income as Reported": "-91,583", "Total Expenses": "116,005", "Net Income from Continuing & Discontinued Operation": "-85,261", "Normalized Income": "-51,176", "Interest Income": "-", "Interest Expense": "5,796", "Net Interest Income": "-5,796", "EBIT": "-96,621", "EBITDA": "-", "Reconciled Cost of Revenue": "49,000", "Reconciled Depreciation": "10,612", "Net Income from Continuing Operation Net Minority Interest": "-85,261", "Total Unusual Items Excluding Goodwill": "-34,085", "Total Unusual Items": "-34,085", "Normalized EBITDA": "-51,924", "Tax Rate for Calcs": "0", "Tax Effect of Unusual Items": "0"}, "9/30/2019": {"Duration": "9/30/2019", "Total Revenue": "92,440", "Cost of Revenue": "105,270", "Gross Profit": "-12,830", "Operating Expense": "43,506", "Operating Income": "-56,336", "Net Non Operating Interest Income Expense": "-4,677", "Other Income Expense": "-4,130", "Pretax Income": "-65,143", "Tax Provision": "510", "Net Income Common Stockholders": "-62,250", "Diluted NI Available to Com Stockholders": "-62,250", "Basic EPS": "-14.87", "Diluted EPS": "-14.87", "Basic Average Shares": "4,184", "Diluted Average Shares": "4,186", "Total Operating Income as Reported": "-56,336", "Total Expenses": "148,776", "Net Income from Continuing & Discontinued Operation": "-62,120", "Normalized Income": "-59,022", "Interest Income": "3", "Interest Expense": "4,680", "Net Interest Income": "-4,677", "EBIT": "-60,463", "EBITDA": "-", "Reconciled Cost of Revenue": "105,270", "Reconciled Depreciation": "13,796", "Net Income from Continuing Operation Net Minority Interest": "-62,120", "Total Unusual Items Excluding Goodwill": "-4,130", "Total Unusual Items": "-4,130", "Normalized EBITDA": "-42,537", "Tax Rate for Calcs": "0", "Tax Effect of Unusual Items": "-1,032"}, "9/30/2018": {"Duration": "9/30/2018", "Total Revenue": "12,927", "Cost of Revenue": "7,047", "Gross Profit": "5,880", "Operating Expense": "41,399", "Operating Income": "-35,519", "Net Non Operating Interest Income Expense": "-22,781", "Other Income Expense": "-94,490", "Pretax Income": "-152,790", "Tax Provision": "0", "Net Income Common Stockholders": "-153,663", "Diluted NI Available to Com Stockholders": "-153,663", "Basic EPS": "-50.18", "Diluted EPS": "-50.18", "Basic Average Shares": "3,062", "Diluted Average Shares": "3,062", "Total Operating Income as Reported": "-35,519", "Total Expenses": "48,446", "Net Income from Continuing & Discontinued Operation": "-153,663", "Normalized Income": "-59,173", "Interest Income": "6", "Interest Expense": "22,787", "Net Interest Income": "-22,781", "EBIT": "-130,003", "EBITDA": "-", "Reconciled Cost of Revenue": "7,047", "Reconciled Depreciation": "16,452", "Net Income from Continuing Operation Net Minority Interest": "-153,663", "Total Unusual Items Excluding Goodwill": "-94,490", "Total Unusual Items": "-94,490", "Normalized EBITDA": "-19,061", "Tax Rate for Calcs": "0", "Tax Effect of Unusual Items": "0"}}, "bs": {"9/30/2020": {"Duration": "9/30/2020", "Total Assets": "254,883", "Total Liabilities Net Minority Interest": "340,345", "Total Equity Gross Minority Interest": "-85,462", "Total Capitalization": "60,470", "Common Stock Equity": "-77,190", "Capital Lease Obligations": "3,230", "Net Tangible Assets": "-91,623", "Working Capital": "-112,542", "Invested Capital": "60,470", "Tangible Book Value": "-91,623", "Total Debt": "140,890", "Net Debt": "115,178", "Share Issued": "5,532", "Ordinary Shares Number": "5,467", "Treasury Shares Number": "64.909"}, "9/30/2019": {"Duration": "9/30/2019", "Total Assets": "261,112", "Total Liabilities Net Minority Interest": "276,587", "Total Equity Gross Minority Interest": "-15,475", "Total Capitalization": "-22,684", "Common Stock Equity": "-22,684", "Capital Lease Obligations": "-", "Net Tangible Assets": "-41,066", "Working Capital": "-178,580", "Invested Capital": "55,927", "Tangible Book Value": "-41,066", "Total Debt": "78,611", "Net Debt": "75,413", "Share Issued": "4,867", "Ordinary Shares Number": "4,802", "Treasury Shares Number": "64.909"}, "9/30/2018": {"Duration": "9/30/2018", "Total Assets": "430,101", "Total Liabilities Net Minority Interest": "453,449", "Total Equity Gross Minority Interest": "-23,348", "Total Capitalization": "-24,711", "Common Stock Equity": "-24,711", "Capital Lease Obligations": "-", "Net Tangible Assets": "-49,637", "Working Capital": "-217,293", "Invested Capital": "53,524", "Tangible Book Value": "-49,637", "Total Debt": "78,235", "Net Debt": "76,245", "Share Issued": "3,261", "Ordinary Shares Number": "3,196", "Treasury Shares Number": "64.909"}}, "cf": {"TTM": {"Duration": "TTM", "Operating Cash Flow": "-5,615", "Investing Cash Flow": "-42,243", "Financing Cash Flow": "65,918", "End Cash Position": "22,482", "Income Tax Paid Supplemental Data": "0", "Interest Paid Supplemental Data": "366", "Capital Expenditure": "-", "Issuance of Capital Stock": "16,223", "Issuance of Debt": "137,660", "Repayment of Debt": "-78,611", "Free Cash Flow": "-5,615"}, "9/30/2020": {"Duration": "9/30/2020", "Operating Cash Flow": "-5,615", "Investing Cash Flow": "-42,243", "Financing Cash Flow": "65,918", "End Cash Position": "22,482", "Income Tax Paid Supplemental Data": "0", "Interest Paid Supplemental Data": "366", "Capital Expenditure": "-", "Issuance of Capital Stock": "16,223", "Issuance of Debt": "137,660", "Repayment of Debt": "-78,611", "Free Cash Flow": "-5,615"}, "9/30/2019": {"Duration": "9/30/2019", "Operating Cash Flow": "-60,130", "Investing Cash Flow": "9,379", "Financing Cash Flow": "53,599", "End Cash Position": "3,198", "Income Tax Paid Supplemental Data": "0", "Interest Paid Supplemental Data": "4,680", "Capital Expenditure": "-", "Issuance of Capital Stock": "53,599", "Issuance of Debt": "0", "Repayment of Debt": "0", "Free Cash Flow": "-60,130"}, "9/30/2018": {"Duration": "9/30/2018", "Operating Cash Flow": "-10,045", "Investing Cash Flow": "47,591", "Financing Cash Flow": "-35,376", "End Cash Position": "1,990", "Income Tax Paid Supplemental Data": "0", "Interest Paid Supplemental Data": "-4,861", "Capital Expenditure": "-2,982", "Issuance of Capital Stock": "0", "Issuance of Debt": "19,000", "Repayment of Debt": "-54,376", "Free Cash Flow": "-13,027"}}}}, {"AGRO": {"quote": {"05/11/2021": {"value": "9.80", "Market Cap": "1.147B", "Beta (5Y Monthly)": "1.35", "PE Ratio (TTM)": "3,266.67", "EPS (TTM)": "0.00", "Earnings Date": "May 13, 2021", "Forward Dividend & Yield": "N/A (N/A)", "Ex-Dividend Date": "N/A", "1y Target Est": "9.21"}}, "fin": {"TTM": {"Duration": "TTM", "Total Revenue": "883,453", "Cost of Revenue": "600,071", "Gross Profit": "283,382", "Operating Expense": "164,543", "Operating Income": "118,839", "Net Non Operating Interest Income Expense": "23,533", "Other Income Expense": "-198,739", "Pretax Income": "-56,367", "Tax Provision": "-4,503", "Net Income Common Stockholders": "-52,773", "Diluted NI Available to Com Stockholders": "-52,773", "Basic EPS": "-", "Diluted EPS": "-", "Basic Average Shares": "-", "Diluted Average Shares": "-", "Total Operating Income as Reported": "134,293", "Rent Expense Supplemental": "283", "Total Expenses": "764,614", "Net Income from Continuing & Discontinued Operation": "-52,773", "Normalized Income": "130,089", "Interest Income": "7,399", "Interest Expense": "71,384", "Net Interest Income": "23,533", "EBIT": "15,017", "EBITDA": "232,556", "Reconciled Cost of Revenue": "600,071", "Reconciled Depreciation": "217,539", "Net Income from Continuing Operation Net Minority Interest": "-52,773", "Total Unusual Items Excluding Goodwill": "-198,739", "Total Unusual Items": "-198,739", "Normalized EBITDA": "431,295", "Tax Rate for Calcs": "0", "Tax Effect of Unusual Items": "-15,877"}, "12/31/2020": {"Duration": "12/31/2020", "Total Revenue": "817,764", "Cost of Revenue": "482,399", "Gross Profit": "335,365", "Operating Expense": "147,336", "Operating Income": "188,029", "Net Non Operating Interest Income Expense": "-37,562", "Other Income Expense": "-137,072", "Pretax Income": "13,395", "Tax Provision": "12,325", "Net Income Common Stockholders": "412", "Diluted NI Available to Com Stockholders": "412", "Basic EPS": "-", "Diluted EPS": "-", "Basic Average Shares": "-", "Diluted Average Shares": "-", "Total Operating Income as Reported": "189,053", "Rent Expense Supplemental": "283", "Total Expenses": "629,735", "Net Income from Continuing & Discontinued Operation": "412", "Normalized Income": "90,880", "Interest Income": "4,084", "Interest Expense": "70,814", "Net Interest Income": "-37,562", "EBIT": "84,209", "EBITDA": "-", "Reconciled Cost of Revenue": "316,763", "Reconciled Depreciation": "182,692", "Net Income from Continuing Operation Net Minority Interest": "412", "Total Unusual Items Excluding Goodwill": "-137,072", "Total Unusual Items": "-137,072", "Normalized EBITDA": "403,973", "Tax Rate for Calcs": "0", "Tax Effect of Unusual Items": "-46,604"}, "12/31/2019": {"Duration": "12/31/2019", "Total Revenue": "887,138", "Cost of Revenue": "600,984", "Gross Profit": "286,154", "Operating Expense": "169,217", "Operating Income": "116,937", "Net Non Operating Interest Income Expense": "27,006", "Other Income Expense": "-122,781", "Pretax Income": "21,162", "Tax Provision": "20,820", "Net Income Common Stockholders": "-772", "Diluted NI Available to Com Stockholders": "-772", "Basic EPS": "-0.01", "Diluted EPS": "-0.01", "Basic Average Shares": "117,252", "Diluted Average Shares": "117,897", "Total Operating Income as Reported": "121,383", "Rent Expense Supplemental": "831", "Total Expenses": "770,201", "Net Income from Continuing & Discontinued Operation": "-772", "Normalized Income": "80,263", "Interest Income": "7,319", "Interest Expense": "69,658", "Net Interest Income": "27,006", "EBIT": "90,820", "EBITDA": "-", "Reconciled Cost of Revenue": "395,469", "Reconciled Depreciation": "219,607", "Net Income from Continuing Operation Net Minority Interest": "-772", "Total Unusual Items Excluding Goodwill": "-122,781", "Total Unusual Items": "-122,781", "Normalized EBITDA": "433,208", "Tax Rate for Calcs": "0", "Tax Effect of Unusual Items": "-41,746"}, "12/31/2018": {"Duration": "12/31/2018", "Total Revenue": "793,239", "Cost of Revenue": "594,679", "Gross Profit": "198,560", "Operating Expense": "149,434", "Operating Income": "49,126", "Net Non Operating Interest Income Expense": "35,294", "Other Income Expense": "-108,677", "Pretax Income": "-24,257", "Tax Provision": "-1,024", "Net Income Common Stockholders": "-24,622", "Diluted NI Available to Com Stockholders": "-24,622", "Basic EPS": "-0.21", "Diluted EPS": "-0.21", "Basic Average Shares": "116,692", "Diluted Average Shares": "116,692", "Total Operating Income as Reported": "156,497", "Rent Expense Supplemental": "-", "Total Expenses": "744,113", "Net Income from Continuing & Discontinued Operation": "-24,622", "Normalized Income": "79,491", "Interest Income": "7,915", "Interest Expense": "51,577", "Net Interest Income": "35,294", "EBIT": "27,320", "EBITDA": "-", "Reconciled Cost of Revenue": "594,679", "Reconciled Depreciation": "154,254", "Net Income from Continuing Operation Net Minority Interest": "-24,622", "Total Unusual Items Excluding Goodwill": "-108,677", "Total Unusual Items": "-108,677", "Normalized EBITDA": "290,251", "Tax Rate for Calcs": "0", "Tax Effect of Unusual Items": "-4,564"}}, "bs": {"12/31/2020": {"Duration": "12/31/2020", "Total Assets": "2,482,236", "Total Liabilities Net Minority Interest": "1,518,512", "Total Equity Gross Minority Interest": "963,724", "Total Capitalization": "1,738,505", "Common Stock Equity": "925,041", "Capital Lease Obligations": "195,772", "Net Tangible Assets": "898,111", "Working Capital": "407,403", "Invested Capital": "1,896,131", "Tangible Book Value": "898,111", "Total Debt": "1,166,862", "Net Debt": "634,808", "Share Issued": "122,382", "Ordinary Shares Number": "117,297", "Treasury Shares Number": "5,085"}, "12/31/2019": {"Duration": "12/31/2019", "Total Assets": "2,521,307", "Total Liabilities Net Minority Interest": "1,492,424", "Total Equity Gross Minority Interest": "1,028,883", "Total Capitalization": "1,768,471", "Common Stock Equity": "988,269", "Capital Lease Obligations": "216,384", "Net Tangible Assets": "954,590", "Working Capital": "284,666", "Invested Capital": "1,956,549", "Tangible Book Value": "954,590", "Total Debt": "1,184,664", "Net Debt": "678,004", "Share Issued": "121,729", "Ordinary Shares Number": "117,086", "Treasury Shares Number": "4,643"}, "12/31/2018": {"Duration": "12/31/2018", "Total Assets": "2,277,372", "Total Liabilities Net Minority Interest": "1,169,227", "Total Equity Gross Minority Interest": "1,108,145", "Total Capitalization": "1,781,725", "Common Stock Equity": "1,063,636", "Capital Lease Obligations": "595", "Net Tangible Assets": "1,035,727", "Working Capital": "382,988", "Invested Capital": "1,925,157", "Tangible Book Value": "1,035,727", "Total Debt": "862,116", "Net Debt": "587,886", "Share Issued": "122,382", "Ordinary Shares Number": "116,556", "Treasury Shares Number": "5,826"}}, "cf": {"TTM": {"Duration": "TTM", "Operating Cash Flow": "339,195", "Investing Cash Flow": "-193,649", "Financing Cash Flow": "-25,393", "End Cash Position": "277,042", "Capital Expenditure": "-202,522", "Issuance of Debt": "293,956", "Repayment of Debt": "-258,510", "Repurchase of Capital Stock": "-5,686", "Free Cash Flow": "136,673"}, "12/31/2020": {"Duration": "12/31/2020", "Operating Cash Flow": "257,125", "Investing Cash Flow": "-121,916", "Financing Cash Flow": "-53,919", "End Cash Position": "336,282", "Capital Expenditure": "-169,651", "Issuance of Debt": "323,232", "Repayment of Debt": "-308,626", "Repurchase of Capital Stock": "-4,365", "Free Cash Flow": "87,474"}, "12/31/2019": {"Duration": "12/31/2019", "Operating Cash Flow": "322,110", "Investing Cash Flow": "-248,710", "Financing Cash Flow": "-37,863", "End Cash Position": "290,276", "Capital Expenditure": "-261,067", "Issuance of Debt": "302,248", "Repayment of Debt": "-278,762", "Repurchase of Capital Stock": "-4,263", "Free Cash Flow": "61,043"}, "12/31/2018": {"Duration": "12/31/2018", "Operating Cash Flow": "218,513", "Investing Cash Flow": "-174,922", "Financing Cash Flow": "-20,854", "End Cash Position": "273,635", "Capital Expenditure": "-210,390", "Issuance of Debt": "363,644", "Repayment of Debt": "-314,979", "Repurchase of Capital Stock": "-15,725", "Free Cash Flow": "8,123"}}}}, {"BG": {"quote": {"05/11/2021": {"value": "90.77", "Market Cap": "12.838B", "Beta (5Y Monthly)": "0.69", "PE Ratio (TTM)": "6.29", "EPS (TTM)": "14.44", "Earnings Date": "Jul 27, 2021 - Aug 02, 2021", "Forward Dividend & Yield": "2.10 (2.32%)", "Ex-Dividend Date": "May 18, 2021", "1y Target Est": "96.63"}}, "fin": {"TTM": {"Duration": "TTM", "Total Revenue": "41,140,000", "Cost of Revenue": "40,598,000", "Gross Profit": "542,000", "Operating Expense": "1,351,000", "Operating Income": "-809,000", "Net Non Operating Interest Income Expense": "-308,000", "Other Income Expense": "-88,000", "Pretax Income": "-1,205,000", "Tax Provision": "86,000", "Net Income Common Stockholders": "-1,322,000", "Average Dilution Earnings": "34,000", "Diluted NI Available to Com Stockholders": "-1,322,000", "Basic EPS": "-", "Diluted EPS": "-", "Basic Average Shares": "-", "Diluted Average Shares": "-", "Total Expenses": "41,949,000", "Net Income from Continuing & Discontinued Operation": "-1,280,000", "Normalized Income": "-1,089,470", "Interest Income": "31,000", "Interest Expense": "339,000", "Net Interest Income": "-308,000", "EBIT": "-866,000", "EBITDA": "-318,000", "Reconciled Cost of Revenue": "40,598,000", "Reconciled Depreciation": "548,000", "Net Income from Continuing Operation Net Minority Interest": "-1,280,000", "Total Unusual Items Excluding Goodwill": "-261,000", "Total Unusual Items": "-261,000", "Normalized EBITDA": "-57,000", "Tax Rate for Calcs": "0", "Tax Effect of Unusual Items": "-70,470"}, "12/31/2020": {"Duration": "12/31/2020", "Total Revenue": "41,404,000", "Cost of Revenue": "38,619,000", "Gross Profit": "2,785,000", "Operating Expense": "1,358,000", "Operating Income": "1,427,000", "Net Non Operating Interest Income Expense": "-243,000", "Other Income Expense": "229,000", "Pretax Income": "1,413,000", "Tax Provision": "248,000", "Net Income Common Stockholders": "1,121,000", "Average Dilution Earnings": "34,000", "Diluted NI Available to Com Stockholders": "1,121,000", "Basic EPS": "-", "Diluted EPS": "-", "Basic Average Shares": "-", "Diluted Average Shares": "-", "Total Expenses": "39,977,000", "Net Income from Continuing & Discontinued Operation": "1,145,000", "Normalized Income": "1,021,327", "Interest Income": "22,000", "Interest Expense": "265,000", "Net Interest Income": "-243,000", "EBIT": "1,678,000", "EBITDA": "-", "Reconciled Cost of Revenue": "38,619,000", "Reconciled Depreciation": "435,000", "Net Income from Continuing Operation Net Minority Interest": "1,145,000", "Total Unusual Items Excluding Goodwill": "150,000", "Total Unusual Items": "150,000", "Normalized EBITDA": "1,963,000", "Tax Rate for Calcs": "0", "Tax Effect of Unusual Items": "26,327"}, "12/31/2019": {"Duration": "12/31/2019", "Total Revenue": "41,140,000", "Cost of Revenue": "40,598,000", "Gross Profit": "542,000", "Operating Expense": "1,351,000", "Operating Income": "-809,000", "Net Non Operating Interest Income Expense": "-308,000", "Other Income Expense": "-88,000", "Pretax Income": "-1,205,000", "Tax Provision": "86,000", "Net Income Common Stockholders": "-1,322,000", "Average Dilution Earnings": "-", "Diluted NI Available to Com Stockholders": "-1,322,000", "Basic EPS": "-9.32", "Diluted EPS": "-9.34", "Basic Average Shares": "141,813", "Diluted Average Shares": "141,813", "Total Expenses": "41,949,000", "Net Income from Continuing & Discontinued Operation": "-1,280,000", "Normalized Income": "-1,089,470", "Interest Income": "31,000", "Interest Expense": "339,000", "Net Interest Income": "-308,000", "EBIT": "-866,000", "EBITDA": "-", "Reconciled Cost of Revenue": "40,598,000", "Reconciled Depreciation": "548,000", "Net Income from Continuing Operation Net Minority Interest": "-1,280,000", "Total Unusual Items Excluding Goodwill": "-261,000", "Total Unusual Items": "-261,000", "Normalized EBITDA": "-57,000", "Tax Rate for Calcs": "0", "Tax Effect of Unusual Items": "-70,470"}, "12/31/2018": {"Duration": "12/31/2018", "Total Revenue": "45,743,000", "Cost of Revenue": "43,477,000", "Gross Profit": "2,266,000", "Operating Expense": "1,423,000", "Operating Income": "843,000", "Net Non Operating Interest Income Expense": "-308,000", "Other Income Expense": "-79,000", "Pretax Income": "456,000", "Tax Provision": "179,000", "Net Income Common Stockholders": "233,000", "Average Dilution Earnings": "-", "Diluted NI Available to Com Stockholders": "233,000", "Basic EPS": "1.65", "Diluted EPS": "1.64", "Basic Average Shares": "141,111", "Diluted Average Shares": "142,000", "Total Expenses": "44,900,000", "Net Income from Continuing & Discontinued Operation": "267,000", "Normalized Income": "334,470", "Interest Income": "31,000", "Interest Expense": "339,000", "Net Interest Income": "-308,000", "EBIT": "795,000", "EBITDA": "-", "Reconciled Cost of Revenue": "43,477,000", "Reconciled Depreciation": "622,000", "Net Income from Continuing Operation Net Minority Interest": "257,000", "Total Unusual Items Excluding Goodwill": "-127,000", "Total Unusual Items": "-127,000", "Normalized EBITDA": "1,544,000", "Tax Rate for Calcs": "0", "Tax Effect of Unusual Items": "-49,530"}}, "bs": {"12/31/2020": {"Duration": "12/31/2020", "Total Assets": "23,655,000", "Total Liabilities Net Minority Interest": "17,450,000", "Total Equity Gross Minority Interest": "6,205,000", "Total Capitalization": "10,521,000", "Preferred Stock Equity": "690,000", "Common Stock Equity": "5,379,000", "Capital Lease Obligations": "816,000", "Net Tangible Assets": "4,954,000", "Working Capital": "5,196,000", "Invested Capital": "12,667,000", "Tangible Book Value": "4,264,000", "Total Debt": "8,104,000", "Net Debt": "6,936,000", "Share Issued": "155,219", "Ordinary Shares Number": "139,790", "Preferred Shares Number": "6,900", "Treasury Shares Number": "15,428"}, "12/31/2019": {"Duration": "12/31/2019", "Total Assets": "18,317,000", "Total Liabilities Net Minority Interest": "12,287,000", "Total Equity Gross Minority Interest": "6,030,000", "Total Capitalization": "9,629,000", "Preferred Stock Equity": "690,000", "Common Stock Equity": "5,223,000", "Capital Lease Obligations": "755,000", "Net Tangible Assets": "4,719,000", "Working Capital": "3,653,000", "Invested Capital": "10,217,000", "Tangible Book Value": "4,029,000", "Total Debt": "5,749,000", "Net Debt": "4,674,000", "Share Issued": "154,695", "Ordinary Shares Number": "141,813", "Preferred Shares Number": "6,900", "Treasury Shares Number": "12,882"}, "12/31/2018": {"Duration": "12/31/2018", "Total Assets": "19,425,000", "Total Liabilities Net Minority Interest": "13,047,000", "Total Equity Gross Minority Interest": "6,378,000", "Total Capitalization": "10,376,000", "Preferred Stock Equity": "690,000", "Common Stock Equity": "5,483,000", "Capital Lease Obligations": "-", "Net Tangible Assets": "4,749,000", "Working Capital": "3,896,000", "Invested Capital": "10,855,000", "Tangible Book Value": "4,059,000", "Total Debt": "5,372,000", "Net Debt": "4,983,000", "Share Issued": "153,993", "Ordinary Shares Number": "141,111", "Preferred Shares Number": "6,900", "Treasury Shares Number": "12,882"}}, "cf": {"TTM": {"Duration": "TTM", "Operating Cash Flow": "-808,000", "Investing Cash Flow": "1,503,000", "Financing Cash Flow": "-771,000", "End Cash Position": "322,000", "Capital Expenditure": "-524,000", "Issuance of Debt": "5,570,000", "Repayment of Debt": "-6,008,000", "Repurchase of Capital Stock": "-100,000", "Free Cash Flow": "-1,332,000"}, "12/31/2020": {"Duration": "12/31/2020", "Operating Cash Flow": "-3,536,000", "Investing Cash Flow": "1,813,000", "Financing Cash Flow": "1,763,000", "End Cash Position": "381,000", "Capital Expenditure": "-365,000", "Issuance of Debt": "36,177,000", "Repayment of Debt": "-33,975,000", "Repurchase of Capital Stock": "-100,000", "Free Cash Flow": "-3,901,000"}, "12/31/2019": {"Duration": "12/31/2019", "Operating Cash Flow": "-808,000", "Investing Cash Flow": "1,503,000", "Financing Cash Flow": "-771,000", "End Cash Position": "322,000", "Capital Expenditure": "-524,000", "Issuance of Debt": "5,570,000", "Repayment of Debt": "-6,008,000", "Repurchase of Capital Stock": "-", "Free Cash Flow": "-1,332,000"}, "12/31/2018": {"Duration": "12/31/2018", "Operating Cash Flow": "-1,264,000", "Investing Cash Flow": "410,000", "Financing Cash Flow": "631,000", "End Cash Position": "393,000", "Capital Expenditure": "-493,000", "Issuance of Debt": "11,471,000", "Repayment of Debt": "-10,515,000", "Repurchase of Capital Stock": "0", "Free Cash Flow": "-1,757,000"}}}}, {"IBA": {"quote": {"05/11/2021": {"value": "46.76", "Market Cap": "2.339B", "Beta (5Y Monthly)": "N/A", "PE Ratio (TTM)": "12.03", "EPS (TTM)": "3.89", "Earnings Date": "N/A", "Forward Dividend & Yield": "0.70 (1.53%)", "Ex-Dividend Date": "Jul 02, 2020", "1y Target Est": "41.00"}}, "fin": {"TTM": {"Duration": "TTM", "Total Revenue": "68,791,300", "Cost of Revenue": "57,711,700", "Gross Profit": "11,079,600", "Operating Expense": "6,376,300", "Operating Income": "4,703,300", "Net Non Operating Interest Income Expense": "868,600", "Other Income Expense": "-439,200", "Pretax Income": "5,132,700", "Tax Provision": "1,430,300", "Net Income Common Stockholders": "3,672,100", "Diluted NI Available to Com Stockholders": "3,672,100", "Basic EPS": "-", "Diluted EPS": "-", "Basic Average Shares": "-", "Diluted Average Shares": "-", "Total Operating Income as Reported": "4,264,100", "Total Expenses": "64,088,000", "Net Income from Continuing & Discontinued Operation": "3,672,100", "Normalized Income": "3,672,100", "Interest Income": "868,600", "Interest Expense": "-", "Net Interest Income": "868,600", "EBIT": "4,703,300", "EBITDA": "6,444,700", "Reconciled Cost of Revenue": "57,711,700", "Reconciled Depreciation": "1,741,400", "Net Income from Continuing Operation Net Minority Interest": "3,672,100", "Total Unusual Items Excluding Goodwill": "-", "Total Unusual Items": "-", "Normalized EBITDA": "6,444,700", "Tax Rate for Calcs": "0", "Tax Effect of Unusual Items": "0"}, "12/31/2020": {"Duration": "12/31/2020", "Total Revenue": "68,791,300", "Cost of Revenue": "57,711,700", "Gross Profit": "11,079,600", "Operating Expense": "6,376,300", "Operating Income": "4,703,300", "Net Non Operating Interest Income Expense": "868,600", "Other Income Expense": "-439,200", "Pretax Income": "5,132,700", "Tax Provision": "1,430,300", "Net Income Common Stockholders": "3,672,100", "Diluted NI Available to Com Stockholders": "3,672,100", "Basic EPS": "-", "Diluted EPS": "-", "Basic Average Shares": "-", "Diluted Average Shares": "-", "Total Operating Income as Reported": "4,264,100", "Total Expenses": "64,088,000", "Net Income from Continuing & Discontinued Operation": "3,672,100", "Normalized Income": "3,672,100", "Interest Income": "868,600", "Interest Expense": "-", "Net Interest Income": "868,600", "EBIT": "4,703,300", "EBITDA": "-", "Reconciled Cost of Revenue": "57,711,700", "Reconciled Depreciation": "1,741,400", "Net Income from Continuing Operation Net Minority Interest": "3,672,100", "Total Unusual Items Excluding Goodwill": "-", "Total Unusual Items": "-", "Normalized EBITDA": "6,444,700", "Tax Rate for Calcs": "0", "Tax Effect of Unusual Items": "0"}, "12/31/2019": {"Duration": "12/31/2019", "Total Revenue": "61,655,245", "Cost of Revenue": "51,557,351", "Gross Profit": "10,097,894", "Operating Expense": "6,380,342", "Operating Income": "3,717,552", "Net Non Operating Interest Income Expense": "661,513", "Other Income Expense": "-21,261", "Pretax Income": "4,357,804", "Tax Provision": "1,124,978", "Net Income Common Stockholders": "3,219,931", "Diluted NI Available to Com Stockholders": "3,219,931", "Basic EPS": "63.12", "Diluted EPS": "63.12", "Basic Average Shares": "49,998", "Diluted Average Shares": "49,998", "Total Operating Income as Reported": "3,976,540", "Total Expenses": "57,937,693", "Net Income from Continuing & Discontinued Operation": "3,219,931", "Normalized Income": "4,126,503", "Interest Income": "991,632", "Interest Expense": "288,617", "Net Interest Income": "661,513", "EBIT": "4,646,421", "EBITDA": "-", "Reconciled Cost of Revenue": "51,557,351", "Reconciled Depreciation": "1,589,247", "Net Income from Continuing Operation Net Minority Interest": "3,219,931", "Total Unusual Items Excluding Goodwill": "-1,225,097", "Total Unusual Items": "-1,225,097", "Normalized EBITDA": "7,460,765", "Tax Rate for Calcs": "0", "Tax Effect of Unusual Items": "-318,525"}, "12/31/2018": {"Duration": "12/31/2018", "Total Revenue": "61,052,092", "Cost of Revenue": "51,422,376", "Gross Profit": "9,629,716", "Operating Expense": "6,226,346", "Operating Income": "3,403,370", "Net Non Operating Interest Income Expense": "745,339", "Other Income Expense": "367,842", "Pretax Income": "4,516,551", "Tax Provision": "1,154,978", "Net Income Common Stockholders": "3,349,967", "Diluted NI Available to Com Stockholders": "3,349,967", "Basic EPS": "68.64", "Diluted EPS": "68.64", "Basic Average Shares": "49,998", "Diluted Average Shares": "49,998", "Total Operating Income as Reported": "3,707,970", "Total Expenses": "57,648,722", "Net Income from Continuing & Discontinued Operation": "3,349,967", "Normalized Income": "3,848,605", "Interest Income": "1,077,507", "Interest Expense": "185,913", "Net Interest Income": "745,339", "EBIT": "4,702,464", "EBITDA": "-", "Reconciled Cost of Revenue": "51,422,376", "Reconciled Depreciation": "1,226,917", "Net Income from Continuing Operation Net Minority Interest": "3,349,967", "Total Unusual Items Excluding Goodwill": "-673,835", "Total Unusual Items": "-673,835", "Normalized EBITDA": "6,603,216", "Tax Rate for Calcs": "0", "Tax Effect of Unusual Items": "-175,197"}}, "bs": {"12/31/2020": {"Duration": "12/31/2020", "Total Assets": "58,011,200", "Total Liabilities Net Minority Interest": "14,381,900", "Total Equity Gross Minority Interest": "43,629,300", "Total Capitalization": "44,805,400", "Common Stock Equity": "43,345,000", "Capital Lease Obligations": "-", "Net Tangible Assets": "43,345,000", "Working Capital": "24,373,600", "Invested Capital": "45,863,000", "Tangible Book Value": "43,345,000", "Total Debt": "2,518,000", "Share Issued": "600,000", "Ordinary Shares Number": "600,000", "Treasury Shares Number": "-"}, "12/31/2019": {"Duration": "12/31/2019", "Total Assets": "55,702,491", "Total Liabilities Net Minority Interest": "15,442,156", "Total Equity Gross Minority Interest": "40,260,335", "Total Capitalization": "41,668,183", "Common Stock Equity": "40,179,975", "Capital Lease Obligations": "803,050", "Net Tangible Assets": "37,825,500", "Working Capital": "22,189,115", "Invested Capital": "45,108,582", "Tangible Book Value": "37,825,500", "Total Debt": "5,731,657", "Share Issued": "600,000", "Ordinary Shares Number": "600,000", "Treasury Shares Number": "-"}, "12/31/2018": {"Duration": "12/31/2018", "Total Assets": "52,865,594", "Total Liabilities Net Minority Interest": "14,699,889", "Total Equity Gross Minority Interest": "38,165,705", "Total Capitalization": "39,641,062", "Common Stock Equity": "38,096,255", "Capital Lease Obligations": "-", "Net Tangible Assets": "35,488,231", "Working Capital": "20,690,052", "Invested Capital": "43,133,855", "Tangible Book Value": "35,488,231", "Total Debt": "5,037,600", "Share Issued": "600,000", "Ordinary Shares Number": "600,000", "Treasury Shares Number": "-"}}, "cf": {"TTM": {"Duration": "TTM", "Operating Cash Flow": "5,288,400", "Investing Cash Flow": "-1,798,900", "Financing Cash Flow": "-3,412,300", "End Cash Position": "19,242,100", "Capital Expenditure": "-2,305,900", "Issuance of Capital Stock": "-", "Issuance of Debt": "4,030,700", "Repayment of Debt": "-6,423,500", "Repurchase of Capital Stock": "-", "Free Cash Flow": "2,982,500"}, "12/31/2020": {"Duration": "12/31/2020", "Operating Cash Flow": "5,288,400", "Investing Cash Flow": "-1,798,900", "Financing Cash Flow": "-3,412,300", "End Cash Position": "19,242,100", "Capital Expenditure": "-2,305,900", "Issuance of Capital Stock": "-", "Issuance of Debt": "4,030,700", "Repayment of Debt": "-6,423,500", "Repurchase of Capital Stock": "-", "Free Cash Flow": "2,982,500"}, "12/31/2019": {"Duration": "12/31/2019", "Operating Cash Flow": "3,275,348", "Investing Cash Flow": "-938,642", "Financing Cash Flow": "-1,467,948", "End Cash Position": "18,662,765", "Capital Expenditure": "-2,199,600", "Issuance of Capital Stock": "9,255", "Issuance of Debt": "4,839,000", "Repayment of Debt": "-5,133,370", "Repurchase of Capital Stock": "-10,729", "Free Cash Flow": "1,075,748"}, "12/31/2018": {"Duration": "12/31/2018", "Operating Cash Flow": "3,505,836", "Investing Cash Flow": "-317,815", "Financing Cash Flow": "-1,407,533", "End Cash Position": "17,901,845", "Capital Expenditure": "-1,977,567", "Issuance of Capital Stock": "1,887", "Issuance of Debt": "3,370,400", "Repayment of Debt": "-3,588,067", "Repurchase of Capital Stock": "-6,454", "Free Cash Flow": "1,528,269"}}}}, {"YEWB": {"quote": {"05/11/2021": {"value": "0.1126", "Market Cap": "5.821M", "Beta (5Y Monthly)": "-0.47", "PE Ratio (TTM)": "4.02", "EPS (TTM)": "0.0280", "Earnings Date": "Nov 15, 2018 - Nov 16, 2018", "Forward Dividend & Yield": "N/A (N/A)", "Ex-Dividend Date": "N/A", "1y Target Est": "N/A"}}, "fin": {"TTM": {"Duration": "TTM", "Total Revenue": "25,083", "Cost of Revenue": "22,820", "Gross Profit": "2,264", "Operating Expense": "1,266", "Operating Income": "997.441", "Net Non Operating Interest Income Expense": "-472.664", "Other Income Expense": "-623.604", "Pretax Income": "-98.827", "Tax Provision": "27.812", "Net Income Common Stockholders": "-126.639", "Diluted NI Available to Com Stockholders": "-126.639", "Basic EPS": "-", "Diluted EPS": "-", "Basic Average Shares": "-", "Diluted Average Shares": "-", "Total Operating Income as Reported": "765.891", "Total Expenses": "24,086", "Net Income from Continuing & Discontinued Operation": "-126.639", "Normalized Income": "355.4121", "Interest Expense": "472.664", "Net Interest Income": "-472.664", "EBIT": "373.837", "EBITDA": "2,793", "Reconciled Cost of Revenue": "22,820", "Reconciled Depreciation": "2,419", "Net Income from Continuing Operation Net Minority Interest": "-126.639", "Total Unusual Items Excluding Goodwill": "-660.344", "Total Unusual Items": "-660.344", "Normalized EBITDA": "3,453", "Tax Rate for Calcs": "0", "Tax Effect of Unusual Items": "-178.2929"}, "12/31/2019": {"Duration": "12/31/2019", "Total Revenue": "27,884", "Cost of Revenue": "27,110", "Gross Profit": "774.131", "Operating Expense": "1,451", "Operating Income": "-676.887", "Net Non Operating Interest Income Expense": "-390.38", "Other Income Expense": "2,064", "Pretax Income": "996.72", "Tax Provision": "11.214", "Net Income Common Stockholders": "985.506", "Diluted NI Available to Com Stockholders": "985.506", "Basic EPS": "0.02", "Diluted EPS": "0.02", "Basic Average Shares": "51,761", "Diluted Average Shares": "51,761", "Total Operating Income as Reported": "1,012", "Total Expenses": "28,561", "Net Income from Continuing & Discontinued Operation": "985.506", "Normalized Income": "-998.4204", "Interest Expense": "390.38", "Net Interest Income": "-390.38", "EBIT": "1,387", "EBITDA": "-", "Reconciled Cost of Revenue": "27,110", "Reconciled Depreciation": "1,827", "Net Income from Continuing Operation Net Minority Interest": "985.506", "Total Unusual Items Excluding Goodwill": "2,007", "Total Unusual Items": "2,007", "Normalized EBITDA": "1,208", "Tax Rate for Calcs": "0", "Tax Effect of Unusual Items": "22.6746"}, "12/31/2018": {"Duration": "12/31/2018", "Total Revenue": "37,597", "Cost of Revenue": "26,873", "Gross Profit": "10,724", "Operating Expense": "2,084", "Operating Income": "8,641", "Net Non Operating Interest Income Expense": "-294.117", "Other Income Expense": "-8,176", "Pretax Income": "170.742", "Tax Provision": "1,493", "Net Income Common Stockholders": "-1,322", "Diluted NI Available to Com Stockholders": "-1,322", "Basic EPS": "-0.03", "Diluted EPS": "-0.03", "Basic Average Shares": "51,965", "Diluted Average Shares": "51,965", "Total Operating Income as Reported": "718.597", "Total Expenses": "28,956", "Net Income from Continuing & Discontinued Operation": "-1,322", "Normalized Income": "4,707", "Interest Expense": "294.117", "Net Interest Income": "-294.117", "EBIT": "464.859", "EBITDA": "-", "Reconciled Cost of Revenue": "26,873", "Reconciled Depreciation": "11,042", "Net Income from Continuing Operation Net Minority Interest": "-1,322", "Total Unusual Items Excluding Goodwill": "-8,260", "Total Unusual Items": "-8,260", "Normalized EBITDA": "19,766", "Tax Rate for Calcs": "0", "Tax Effect of Unusual Items": "-2,230"}}, "bs": {"12/31/2019": {"Duration": "12/31/2019", "Total Assets": "54,207", "Total Liabilities Net Minority Interest": "12,813", "Total Equity Gross Minority Interest": "41,394", "Total Capitalization": "41,394", "Common Stock Equity": "41,394", "Capital Lease Obligations": "403.249", "Net Tangible Assets": "1,313", "Working Capital": "1,190", "Invested Capital": "49,935", "Tangible Book Value": "1,313", "Total Debt": "8,945", "Net Debt": "7,799", "Share Issued": "51,700", "Ordinary Shares Number": "51,700"}, "12/31/2018": {"Duration": "12/31/2018", "Total Assets": "49,692", "Total Liabilities Net Minority Interest": "8,605", "Total Equity Gross Minority Interest": "41,087", "Total Capitalization": "41,087", "Common Stock Equity": "41,087", "Capital Lease Obligations": "-", "Net Tangible Assets": "6,127", "Working Capital": "5,327", "Invested Capital": "46,846", "Tangible Book Value": "6,127", "Total Debt": "5,759", "Net Debt": "5,237", "Share Issued": "52,075", "Ordinary Shares Number": "52,075"}}, "cf": {}}}, {"CVGW": {"quote": {"03/20/2021": {"value": "78.51", "Market Cap": "1.39B", "Beta (5Y Monthly)": "0.86", "PE Ratio (TTM)": "N/A", "EPS (TTM)": "-0.43", "Earnings Date": "Jun 07, 2021 - Jun 11, 2021", "Forward Dividend & Yield": "1.15 (1.43%)", "Ex-Dividend Date": "Nov 12, 2020", "1y Target Est": "81.00"}}, "fin": {"TTM": {"Duration": "TTM", "Total Revenue": "1,006,601", "Cost of Revenue": "914,672", "Gross Profit": "91,929", "Operating Expense": "93,150", "Operating Income": "-1,221", "Net Non Operating Interest Income Expense": "1,134", "Other Income Expense": "-5,978", "Pretax Income": "-6,065", "Tax Provision": "-1,699", "Earnings from Equity Interest Net of Tax": "-3,237", "Net Income Common Stockholders": "-7,410", "Diluted NI Available to Com Stockholders": "-7,410", "Basic EPS": "-", "Diluted EPS": "-", "Basic Average Shares": "-", "Diluted Average Shares": "-", "Total Operating Income as Reported": "36,317", "Total Expenses": "1,007,822", "Net Income from Continuing & Discontinued Operation": "-7,410", "Normalized Income": "-3,279", "Interest Income": "-", "Interest Expense": "864", "Net Interest Income": "1,134", "EBIT": "-5,201", "EBITDA": "11,619", "Reconciled Cost of Revenue": "914,672", "Reconciled Depreciation": "16,820", "Net Income from Continuing Operation Net Minority Interest": "-7,410", "Total Unusual Items Excluding Goodwill": "-5,738", "Total Unusual Items": "-5,738", "Normalized EBITDA": "17,357", "Tax Rate for Calcs": "0", "Tax Effect of Unusual Items": "-1,607"}, "10/31/2020": {"Duration": "10/31/2020", "Total Revenue": "1,059,371", "Cost of Revenue": "969,473", "Gross Profit": "89,898", "Operating Expense": "95,274", "Operating Income": "-5,376", "Net Non Operating Interest Income Expense": "1,121", "Other Income Expense": "-7,768", "Pretax Income": "-12,023", "Tax Provision": "-4,292", "Earnings from Equity Interest Net of Tax": "-6,110", "Net Income Common Stockholders": "-13,625", "Diluted NI Available to Com Stockholders": "-13,625", "Basic EPS": "-0.78", "Diluted EPS": "-0.78", "Basic Average Shares": "17,564", "Diluted Average Shares": "17,564", "Total Operating Income as Reported": "32,162", "Total Expenses": "1,064,747", "Net Income from Continuing & Discontinued Operation": "-13,625", "Normalized Income": "-7,276", "Interest Income": "1,998", "Interest Expense": "877", "Net Interest Income": "1,121", "EBIT": "-11,146", "EBITDA": "-", "Reconciled Cost of Revenue": "969,473", "Reconciled Depreciation": "16,093", "Net Income from Continuing Operation Net Minority Interest": "-13,625", "Total Unusual Items Excluding Goodwill": "-8,321", "Total Unusual Items": "-8,321", "Normalized EBITDA": "13,268", "Tax Rate for Calcs": "0", "Tax Effect of Unusual Items": "-1,972"}, "10/31/2019": {"Duration": "10/31/2019", "Total Revenue": "1,195,777", "Cost of Revenue": "1,067,695", "Gross Profit": "128,082", "Operating Expense": "59,113", "Operating Income": "68,969", "Net Non Operating Interest Income Expense": "1,727", "Other Income Expense": "-7,146", "Pretax Income": "63,550", "Tax Provision": "12,882", "Earnings from Equity Interest Net of Tax": "-14,082", "Net Income Common Stockholders": "36,646", "Diluted NI Available to Com Stockholders": "36,646", "Basic EPS": "2.09", "Diluted EPS": "2.08", "Basic Average Shares": "17,519", "Diluted Average Shares": "17,593", "Total Operating Income as Reported": "71,046", "Total Expenses": "1,126,808", "Net Income from Continuing & Discontinued Operation": "36,646", "Normalized Income": "42,303", "Interest Income": "2,675", "Interest Expense": "948", "Net Interest Income": "1,727", "EBIT": "64,498", "EBITDA": "-", "Reconciled Cost of Revenue": "1,067,695", "Reconciled Depreciation": "13,633", "Net Income from Continuing Operation Net Minority Interest": "36,646", "Total Unusual Items Excluding Goodwill": "-7,645", "Total Unusual Items": "-7,645", "Normalized EBITDA": "85,776", "Tax Rate for Calcs": "0", "Tax Effect of Unusual Items": "-1,988"}, "10/31/2018": {"Duration": "10/31/2018", "Total Revenue": "1,088,758", "Cost of Revenue": "975,142", "Gross Profit": "113,616", "Operating Expense": "57,081", "Operating Income": "56,535", "Net Non Operating Interest Income Expense": "-513", "Other Income Expense": "559", "Pretax Income": "56,581", "Tax Provision": "12,719", "Earnings from Equity Interest Net of Tax": "-11,850", "Net Income Common Stockholders": "32,281", "Diluted NI Available to Com Stockholders": "32,281", "Basic EPS": "1.85", "Diluted EPS": "1.84", "Basic Average Shares": "17,477", "Diluted Average Shares": "17,568", "Total Operating Income as Reported": "56,535", "Total Expenses": "1,032,223", "Net Income from Continuing & Discontinued Operation": "32,281", "Normalized Income": "32,281", "Interest Income": "318", "Interest Expense": "831", "Net Interest Income": "-513", "EBIT": "57,412", "EBITDA": "-", "Reconciled Cost of Revenue": "975,142", "Reconciled Depreciation": "13,042", "Net Income from Continuing Operation Net Minority Interest": "32,281", "Total Unusual Items Excluding Goodwill": "-", "Total Unusual Items": "-", "Normalized EBITDA": "70,454", "Tax Rate for Calcs": "0", "Tax Effect of Unusual Items": "0"}}, "bs": {"10/31/2020": {"Duration": "10/31/2020", "Total Assets": "429,624", "Total Liabilities Net Minority Interest": "173,622", "Total Equity Gross Minority Interest": "256,002", "Total Capitalization": "254,530", "Common Stock Equity": "254,530", "Capital Lease Obligations": "71,775", "Net Tangible Assets": "215,639", "Working Capital": "29,564", "Invested Capital": "275,080", "Tangible Book Value": "215,639", "Total Debt": "92,325", "Net Debt": "16,495", "Share Issued": "17,661", "Ordinary Shares Number": "17,661"}, "10/31/2019": {"Duration": "10/31/2019", "Total Assets": "390,360", "Total Liabilities Net Minority Interest": "104,491", "Total Equity Gross Minority Interest": "285,869", "Total Capitalization": "284,181", "Common Stock Equity": "284,181", "Capital Lease Obligations": "6,174", "Net Tangible Assets": "265,484", "Working Capital": "36,886", "Invested Capital": "284,181", "Tangible Book Value": "265,484", "Total Debt": "6,174", "Net Debt": "-", "Share Issued": "17,595", "Ordinary Shares Number": "17,595"}, "10/31/2018": {"Duration": "10/31/2018", "Total Assets": "367,736", "Total Liabilities Net Minority Interest": "102,777", "Total Equity Gross Minority Interest": "264,959", "Total Capitalization": "263,211", "Common Stock Equity": "263,211", "Capital Lease Obligations": "432", "Net Tangible Assets": "243,840", "Working Capital": "29,567", "Invested Capital": "278,211", "Tangible Book Value": "243,840", "Total Debt": "15,432", "Net Debt": "13,480", "Share Issued": "17,567", "Ordinary Shares Number": "17,567"}}, "cf": {}}}, {"SANW": {"quote": {"03/20/2021": {"value": "3.8500", "Market Cap": "135.055M", "Beta (5Y Monthly)": "0.64", "PE Ratio (TTM)": "N/A", "EPS (TTM)": "-0.7110", "Earnings Date": "Feb 11, 2021", "Forward Dividend & Yield": "N/A (N/A)", "Ex-Dividend Date": "N/A", "1y Target Est": "5.00"}}, "fin": {"TTM": {"Duration": "TTM", "Total Revenue": "83,863", "Cost of Revenue": "70,375", "Gross Profit": "13,488", "Operating Expense": "33,845", "Operating Income": "-20,357", "Net Non Operating Interest Income Expense": "-2,836", "Other Income Expense": "-89.331", "Pretax Income": "-23,282", "Tax Provision": "405.76", "Net Income Common Stockholders": "-23,723", "Average Dilution Earnings": "0", "Diluted NI Available to Com Stockholders": "-23,723", "Basic EPS": "-", "Diluted EPS": "-", "Basic Average Shares": "-", "Diluted Average Shares": "-", "Total Operating Income as Reported": "-22,263", "Total Expenses": "104,220", "Net Income from Continuing & Discontinued Operation": "-23,723", "Normalized Income": "-23,658", "Interest Expense": "2,836", "Net Interest Income": "-2,836", "EBIT": "-20,446", "EBITDA": "-15,030", "Reconciled Cost of Revenue": "70,375", "Reconciled Depreciation": "5,416", "Net Income from Continuing Operation Net Minority Interest": "-23,723", "Total Unusual Items Excluding Goodwill": "-89.331", "Total Unusual Items": "-89.331", "Normalized EBITDA": "-14,941", "Tax Rate for Calcs": "0", "Tax Effect of Unusual Items": "-24.1194"}, "6/30/2020": {"Duration": "6/30/2020", "Total Revenue": "79,582", "Cost of Revenue": "64,648", "Gross Profit": "14,934", "Operating Expense": "31,763", "Operating Income": "-16,828", "Net Non Operating Interest Income Expense": "-2,526", "Other Income Expense": "-6.751", "Pretax Income": "-19,361", "Tax Provision": "385.968", "Net Income Common Stockholders": "-19,674", "Average Dilution Earnings": "0", "Diluted NI Available to Com Stockholders": "-19,674", "Basic EPS": "-0.59", "Diluted EPS": "-0.59", "Basic Average Shares": "33,348", "Diluted Average Shares": "33,348", "Total Operating Income as Reported": "-18,764", "Total Expenses": "96,411", "Net Income from Continuing & Discontinued Operation": "-19,674", "Normalized Income": "-19,737", "Interest Expense": "2,526", "Net Interest Income": "-2,526", "EBIT": "-16,835", "EBITDA": "-", "Reconciled Cost of Revenue": "64,648", "Reconciled Depreciation": "5,036", "Net Income from Continuing Operation Net Minority Interest": "-19,674", "Total Unusual Items Excluding Goodwill": "86.18", "Total Unusual Items": "86.18", "Normalized EBITDA": "-11,885", "Tax Rate for Calcs": "0", "Tax Effect of Unusual Items": "23.2686"}, "6/30/2019": {"Duration": "6/30/2019", "Total Revenue": "109,723", "Cost of Revenue": "69,014", "Gross Profit": "40,708", "Operating Expense": "27,887", "Operating Income": "12,821", "Net Non Operating Interest Income Expense": "-3,227", "Other Income Expense": "-19,095", "Pretax Income": "-9,502", "Tax Provision": "-148.747", "Net Income Common Stockholders": "-9,305", "Average Dilution Earnings": "0", "Diluted NI Available to Com Stockholders": "-9,305", "Basic EPS": "-0.31", "Diluted EPS": "-0.31", "Basic Average Shares": "30,102", "Diluted Average Shares": "30,102", "Total Operating Income as Reported": "-4,994", "Total Expenses": "96,902", "Net Income from Continuing & Discontinued Operation": "-9,305", "Normalized Income": "8,126", "Interest Expense": "3,227", "Net Interest Income": "-3,227", "EBIT": "-6,275", "EBITDA": "-", "Reconciled Cost of Revenue": "69,014", "Reconciled Depreciation": "4,129", "Net Income from Continuing Operation Net Minority Interest": "-9,305", "Total Unusual Items Excluding Goodwill": "-17,715", "Total Unusual Items": "-17,715", "Normalized EBITDA": "15,569", "Tax Rate for Calcs": "0", "Tax Effect of Unusual Items": "-283.4386"}, "6/30/2018": {"Duration": "6/30/2018", "Total Revenue": "64,086", "Cost of Revenue": "49,332", "Gross Profit": "14,753", "Operating Expense": "17,830", "Operating Income": "-3,077", "Net Non Operating Interest Income Expense": "-2,032", "Other Income Expense": "526.864", "Pretax Income": "-4,582", "Tax Provision": "143.049", "Net Income Common Stockholders": "-4,725", "Average Dilution Earnings": "-", "Diluted NI Available to Com Stockholders": "-4,725", "Basic EPS": "-0.21", "Diluted EPS": "-0.21", "Basic Average Shares": "22,481", "Diluted Average Shares": "22,481", "Total Operating Income as Reported": "-2,994", "Total Expenses": "67,162", "Net Income from Continuing & Discontinued Operation": "-4,725", "Normalized Income": "-5,110", "Interest Expense": "2,032", "Net Interest Income": "-2,032", "EBIT": "-2,550", "EBITDA": "-", "Reconciled Cost of Revenue": "49,332", "Reconciled Depreciation": "3,439", "Net Income from Continuing Operation Net Minority Interest": "-4,725", "Total Unusual Items Excluding Goodwill": "526.864", "Total Unusual Items": "526.864", "Normalized EBITDA": "362.715", "Tax Rate for Calcs": "0", "Tax Effect of Unusual Items": "142.2533"}}, "bs": {"6/30/2020": {"Duration": "6/30/2020", "Total Assets": "155,956", "Total Liabilities Net Minority Interest": "74,620", "Total Equity Gross Minority Interest": "81,336", "Total Capitalization": "94,149", "Common Stock Equity": "81,456", "Capital Lease Obligations": "6,878", "Net Tangible Assets": "41,164", "Working Capital": "35,804", "Invested Capital": "122,112", "Tangible Book Value": "41,164", "Total Debt": "47,533", "Net Debt": "36,532", "Share Issued": "33,458", "Ordinary Shares Number": "33,433", "Treasury Shares Number": "25"}, "6/30/2019": {"Duration": "6/30/2019", "Total Assets": "146,364", "Total Liabilities Net Minority Interest": "46,366", "Total Equity Gross Minority Interest": "99,998", "Total Capitalization": "110,510", "Common Stock Equity": "100,046", "Capital Lease Obligations": "2,246", "Net Tangible Assets": "67,331", "Working Capital": "57,718", "Invested Capital": "121,827", "Tangible Book Value": "67,331", "Total Debt": "24,027", "Net Debt": "18,349", "Share Issued": "33,303", "Ordinary Shares Number": "33,278", "Treasury Shares Number": "25"}, "6/30/2018": {"Duration": "6/30/2018", "Total Assets": "137,767", "Total Liabilities Net Minority Interest": "56,025", "Total Equity Gross Minority Interest": "81,742", "Total Capitalization": "94,719", "Common Stock Equity": "81,742", "Capital Lease Obligations": "27.241", "Net Tangible Assets": "38,340", "Working Capital": "37,486", "Invested Capital": "127,826", "Tangible Book Value": "38,340", "Total Debt": "46,111", "Net Debt": "41,763", "Share Issued": "24,368", "Ordinary Shares Number": "24,343", "Treasury Shares Number": "25"}}, "cf": {}}}, {"LNDC": {"quote": {"03/20/2021": {"value": "11.41", "Market Cap": "334.578M", "Beta (5Y Monthly)": "1.07", "PE Ratio (TTM)": "N/A", "EPS (TTM)": "-1.74", "Earnings Date": "Mar 29, 2021 - Apr 02, 2021", "Forward Dividend & Yield": "N/A (N/A)", "Ex-Dividend Date": "N/A", "1y Target Est": "15.00"}}, "fin": {"TTM": {"Duration": "TTM", "Total Revenue": "590,366", "Cost of Revenue": "515,378", "Gross Profit": "74,988", "Operating Expense": "83,287", "Operating Income": "-8,299", "Net Non Operating Interest Income Expense": "-9,500", "Other Income Expense": "-33,508", "Pretax Income": "-51,307", "Tax Provision": "-13,116", "Net Income Common Stockholders": "-38,191", "Diluted NI Available to Com Stockholders": "-38,191", "Basic EPS": "-", "Diluted EPS": "-", "Basic Average Shares": "-", "Diluted Average Shares": "-", "Total Operating Income as Reported": "-38,537", "Total Expenses": "598,665", "Net Income from Continuing & Discontinued Operation": "-38,191", "Normalized Income": "-16,647", "Interest Income": "103", "Interest Expense": "9,603", "Net Interest Income": "-9,500", "EBIT": "-41,704", "EBITDA": "-22,866", "Reconciled Cost of Revenue": "515,378", "Reconciled Depreciation": "18,838", "Net Income from Continuing Operation Net Minority Interest": "-38,191", "Total Unusual Items Excluding Goodwill": "-29,113", "Total Unusual Items": "-29,113", "Normalized EBITDA": "6,247", "Tax Rate for Calcs": "0", "Tax Effect of Unusual Items": "-7,569"}, "5/31/2020": {"Duration": "5/31/2020", "Total Revenue": "590,366", "Cost of Revenue": "515,378", "Gross Profit": "74,988", "Operating Expense": "83,287", "Operating Income": "-8,299", "Net Non Operating Interest Income Expense": "-9,500", "Other Income Expense": "-33,508", "Pretax Income": "-51,307", "Tax Provision": "-13,116", "Net Income Common Stockholders": "-38,191", "Diluted NI Available to Com Stockholders": "-38,191", "Basic EPS": "-1.31", "Diluted EPS": "-1.31", "Basic Average Shares": "29,224", "Diluted Average Shares": "29,224", "Total Operating Income as Reported": "-38,537", "Total Expenses": "598,665", "Net Income from Continuing & Discontinued Operation": "-38,191", "Normalized Income": "-16,647", "Interest Income": "103", "Interest Expense": "9,603", "Net Interest Income": "-9,500", "EBIT": "-41,704", "EBITDA": "-", "Reconciled Cost of Revenue": "515,378", "Reconciled Depreciation": "18,838", "Net Income from Continuing Operation Net Minority Interest": "-38,191", "Total Unusual Items Excluding Goodwill": "-29,113", "Total Unusual Items": "-29,113", "Normalized EBITDA": "6,247", "Tax Rate for Calcs": "0", "Tax Effect of Unusual Items": "-7,569"}, "5/31/2019": {"Duration": "5/31/2019", "Total Revenue": "557,559", "Cost of Revenue": "476,556", "Gross Profit": "81,003", "Operating Expense": "75,528", "Operating Income": "5,475", "Net Non Operating Interest Income Expense": "-5,085", "Other Income Expense": "3,250", "Pretax Income": "3,640", "Tax Provision": "1,518", "Net Income Common Stockholders": "411", "Diluted NI Available to Com Stockholders": "411", "Basic EPS": "0.01", "Diluted EPS": "0.01", "Basic Average Shares": "29,103", "Diluted Average Shares": "29,103", "Total Operating Income as Reported": "5,475", "Total Expenses": "552,084", "Net Income from Continuing & Discontinued Operation": "411", "Normalized Income": "917.5", "Interest Income": "145", "Interest Expense": "5,230", "Net Interest Income": "-5,085", "EBIT": "8,870", "EBITDA": "-", "Reconciled Cost of Revenue": "476,556", "Reconciled Depreciation": "15,230", "Net Income from Continuing Operation Net Minority Interest": "2,122", "Total Unusual Items Excluding Goodwill": "1,650", "Total Unusual Items": "1,650", "Normalized EBITDA": "22,450", "Tax Rate for Calcs": "0", "Tax Effect of Unusual Items": "445.5"}, "5/31/2018": {"Duration": "5/31/2018", "Total Revenue": "524,227", "Cost of Revenue": "445,889", "Gross Profit": "78,338", "Operating Expense": "64,751", "Operating Income": "13,587", "Net Non Operating Interest Income Expense": "-1,739", "Other Income Expense": "4,550", "Pretax Income": "16,398", "Tax Provision": "-9,363", "Net Income Common Stockholders": "24,829", "Diluted NI Available to Com Stockholders": "24,829", "Basic EPS": "0.90", "Diluted EPS": "0.89", "Basic Average Shares": "27,702", "Diluted Average Shares": "27,915", "Total Operating Income as Reported": "13,587", "Total Expenses": "510,640", "Net Income from Continuing & Discontinued Operation": "24,829", "Normalized Income": "24,463", "Interest Income": "211", "Interest Expense": "1,950", "Net Interest Income": "-1,739", "EBIT": "18,348", "EBITDA": "-", "Reconciled Cost of Revenue": "445,889", "Reconciled Depreciation": "12,412", "Net Income from Continuing Operation Net Minority Interest": "25,667", "Total Unusual Items Excluding Goodwill": "1,650", "Total Unusual Items": "1,650", "Normalized EBITDA": "29,110", "Tax Rate for Calcs": "0", "Tax Effect of Unusual Items": "445.5"}}, "bs": {"5/31/2020": {"Duration": "5/31/2020", "Total Assets": "541,313", "Total Liabilities Net Minority Interest": "310,269", "Total Equity Gross Minority Interest": "231,044", "Total Capitalization": "332,407", "Common Stock Equity": "231,044", "Capital Lease Obligations": "30,801", "Net Tangible Assets": "123,553", "Working Capital": "-7,281", "Invested Capital": "421,361", "Tangible Book Value": "123,553", "Total Debt": "221,118", "Net Debt": "189,957", "Share Issued": "29,224", "Ordinary Shares Number": "29,224"}, "5/31/2019": {"Duration": "5/31/2019", "Total Assets": "519,091", "Total Liabilities Net Minority Interest": "248,947", "Total Equity Gross Minority Interest": "270,144", "Total Capitalization": "357,337", "Common Stock Equity": "270,144", "Capital Lease Obligations": "3,532", "Net Tangible Assets": "148,155", "Working Capital": "-4,050", "Invested Capital": "419,128", "Tangible Book Value": "148,155", "Total Debt": "152,516", "Net Debt": "147,904", "Share Issued": "29,103", "Ordinary Shares Number": "29,103"}, "5/31/2018": {"Duration": "5/31/2018", "Total Assets": "404,703", "Total Liabilities Net Minority Interest": "152,141", "Total Equity Gross Minority Interest": "252,562", "Total Capitalization": "289,922", "Common Stock Equity": "252,562", "Capital Lease Obligations": "3,641", "Net Tangible Assets": "176,210", "Working Capital": "8,688", "Invested Capital": "321,862", "Tangible Book Value": "176,210", "Total Debt": "72,941", "Net Debt": "66,401", "Share Issued": "27,702", "Ordinary Shares Number": "27,702"}}, "cf": {}}}, {"LMNR": {"quote": {"05/11/2021": {"value": "18.50", "Market Cap": "327.171M", "Beta (5Y Monthly)": "1.02", "PE Ratio (TTM)": "N/A", "EPS (TTM)": "-0.84", "Earnings Date": "Mar 10, 2021", "Forward Dividend & Yield": "0.30 (1.60%)", "Ex-Dividend Date": "Apr 01, 2021", "1y Target Est": "21.88"}}, "fin": {"TTM": {"Duration": "TTM", "Total Revenue": "161,178", "Cost of Revenue": "155,993", "Gross Profit": "5,185", "Operating Expense": "20,865", "Operating Income": "-15,680", "Net Non Operating Interest Income Expense": "-1,564", "Other Income Expense": "-4,254", "Pretax Income": "-21,498", "Tax Provision": "-6,545", "Net Income Common Stockholders": "-14,717", "Average Dilution Earnings": "-", "Diluted NI Available to Com Stockholders": "-14,717", "Basic EPS": "-", "Diluted EPS": "-", "Basic Average Shares": "-", "Diluted Average Shares": "-", "Total Operating Income as Reported": "-16,182", "Total Expenses": "176,858", "Net Income from Continuing & Discontinued Operation": "-14,216", "Normalized Income": "-14,216", "Interest Income": "314", "Interest Expense": "-", "Net Interest Income": "-1,564", "EBIT": "-20,157", "EBITDA": "-10,124", "Reconciled Cost of Revenue": "155,993", "Reconciled Depreciation": "10,033", "Net Income from Continuing Operation Net Minority Interest": "-14,216", "Total Unusual Items Excluding Goodwill": "-", "Total Unusual Items": "-", "Normalized EBITDA": "-10,124", "Tax Rate for Calcs": "0", "Tax Effect of Unusual Items": "0"}, "10/31/2020": {"Duration": "10/31/2020", "Total Revenue": "164,559", "Cost of Revenue": "161,785", "Gross Profit": "2,774", "Operating Expense": "21,280", "Operating Income": "-18,506", "Net Non Operating Interest Income Expense": "-1,686", "Other Income Expense": "-6,243", "Pretax Income": "-26,435", "Tax Provision": "-8,494", "Net Income Common Stockholders": "-16,936", "Average Dilution Earnings": "0", "Diluted NI Available to Com Stockholders": "-16,936", "Basic EPS": "-0.96", "Diluted EPS": "-0.96", "Basic Average Shares": "17,666", "Diluted Average Shares": "17,666", "Total Operating Income as Reported": "-19,008", "Total Expenses": "183,065", "Net Income from Continuing & Discontinued Operation": "-16,435", "Normalized Income": "-11,824", "Interest Income": "362", "Interest Expense": "2,048", "Net Interest Income": "-1,686", "EBIT": "-24,387", "EBITDA": "-", "Reconciled Cost of Revenue": "161,785", "Reconciled Depreciation": "10,097", "Net Income from Continuing Operation Net Minority Interest": "-16,435", "Total Unusual Items Excluding Goodwill": "-6,801", "Total Unusual Items": "-6,801", "Normalized EBITDA": "-7,489", "Tax Rate for Calcs": "0", "Tax Effect of Unusual Items": "-2,190"}, "10/31/2019": {"Duration": "10/31/2019", "Total Revenue": "171,398", "Cost of Revenue": "156,811", "Gross Profit": "14,587", "Operating Expense": "21,170", "Operating Income": "-6,583", "Net Non Operating Interest Income Expense": "-2,134", "Other Income Expense": "2,154", "Pretax Income": "-6,563", "Tax Provision": "-1,097", "Net Income Common Stockholders": "-6,495", "Average Dilution Earnings": "-", "Diluted NI Available to Com Stockholders": "-6,495", "Basic EPS": "-0.37", "Diluted EPS": "-0.37", "Basic Average Shares": "17,580", "Diluted Average Shares": "17,580", "Total Operating Income as Reported": "-5,514", "Total Expenses": "177,981", "Net Income from Continuing & Discontinued Operation": "-5,943", "Normalized Income": "-5,074", "Interest Income": "-", "Interest Expense": "2,134", "Net Interest Income": "-2,134", "EBIT": "-6,583", "EBITDA": "-", "Reconciled Cost of Revenue": "156,811", "Reconciled Depreciation": "8,633", "Net Income from Continuing Operation Net Minority Interest": "-5,943", "Total Unusual Items Excluding Goodwill": "-1,048", "Total Unusual Items": "-1,048", "Normalized EBITDA": "3,098", "Tax Rate for Calcs": "0", "Tax Effect of Unusual Items": "-179.208"}, "10/31/2018": {"Duration": "10/31/2018", "Total Revenue": "129,392", "Cost of Revenue": "102,295", "Gross Profit": "27,097", "Operating Expense": "16,053", "Operating Income": "11,044", "Net Non Operating Interest Income Expense": "-1,122", "Other Income Expense": "3,561", "Pretax Income": "13,483", "Tax Provision": "-6,729", "Net Income Common Stockholders": "19,687", "Average Dilution Earnings": "-", "Diluted NI Available to Com Stockholders": "19,687", "Basic EPS": "1.26", "Diluted EPS": "1.25", "Basic Average Shares": "15,581", "Diluted Average Shares": "16,209", "Total Operating Income as Reported": "9,486", "Total Expenses": "118,348", "Net Income from Continuing & Discontinued Operation": "20,188", "Normalized Income": "18,243", "Interest Income": "-", "Interest Expense": "1,122", "Net Interest Income": "-1,122", "EBIT": "14,605", "EBITDA": "-", "Reconciled Cost of Revenue": "102,295", "Reconciled Depreciation": "7,275", "Net Income from Continuing Operation Net Minority Interest": "20,188", "Total Unusual Items Excluding Goodwill": "2,665", "Total Unusual Items": "2,665", "Normalized EBITDA": "19,215", "Tax Rate for Calcs": "0", "Tax Effect of Unusual Items": "719.55"}}, "bs": {"10/31/2020": {"Duration": "10/31/2020", "Total Assets": "389,600", "Total Liabilities Net Minority Interest": "183,030", "Total Equity Gross Minority Interest": "206,570", "Total Capitalization": "315,400", "Preferred Stock Equity": "10,810", "Common Stock Equity": "182,019", "Capital Lease Obligations": "959", "Net Tangible Assets": "179,985", "Working Capital": "11,059", "Invested Capital": "307,867", "Tangible Book Value": "169,175", "Total Debt": "126,807", "Net Debt": "125,347", "Share Issued": "17,858", "Ordinary Shares Number": "17,607", "Treasury Shares Number": "250.977"}, "10/31/2019": {"Duration": "10/31/2019", "Total Assets": "399,867", "Total Liabilities Net Minority Interest": "167,369", "Total Equity Gross Minority Interest": "232,498", "Total Capitalization": "322,968", "Preferred Stock Equity": "10,810", "Common Stock Equity": "206,266", "Capital Lease Obligations": "-", "Net Tangible Assets": "202,830", "Working Capital": "3,406", "Invested Capital": "315,181", "Tangible Book Value": "192,020", "Total Debt": "108,915", "Net Debt": "108,299", "Share Issued": "17,756", "Ordinary Shares Number": "17,756", "Treasury Shares Number": "-"}, "10/31/2018": {"Duration": "10/31/2018", "Total Assets": "421,339", "Total Liabilities Net Minority Interest": "191,389", "Total Equity Gross Minority Interest": "229,950", "Total Capitalization": "306,342", "Preferred Stock Equity": "10,810", "Common Stock Equity": "218,566", "Capital Lease Obligations": "-", "Net Tangible Assets": "221,720", "Working Capital": "3,970", "Invested Capital": "298,659", "Tangible Book Value": "210,910", "Total Debt": "80,093", "Net Debt": "79,484", "Share Issued": "17,647", "Ordinary Shares Number": "17,647", "Treasury Shares Number": "-"}}, "cf": {}}}, {"FDP": {"quote": {"05/11/2021": {"value": "33.56", "Market Cap": "1.594B", "Beta (5Y Monthly)": "0.74", "PE Ratio (TTM)": "20.22", "EPS (TTM)": "1.66", "Earnings Date": "Jul 27, 2021 - Aug 02, 2021", "Forward Dividend & Yield": "0.40 (1.18%)", "Ex-Dividend Date": "May 18, 2021", "1y Target Est": "38.50"}}, "fin": {"TTM": {"Duration": "TTM", "Total Revenue": "4,202,300", "Cost of Revenue": "3,951,400", "Gross Profit": "250,900", "Operating Expense": "196,200", "Operating Income": "54,700", "Net Non Operating Interest Income Expense": "-20,700", "Other Income Expense": "17,300", "Pretax Income": "51,300", "Tax Provision": "5,000", "Net Income Common Stockholders": "49,200", "Diluted NI Available to Com Stockholders": "49,200", "Basic EPS": "-", "Diluted EPS": "-", "Basic Average Shares": "-", "Diluted Average Shares": "-", "Total Operating Income as Reported": "76,500", "Total Expenses": "4,147,600", "Net Income from Continuing & Discontinued Operation": "49,200", "Normalized Income": "29,525", "Interest Income": "-", "Interest Expense": "20,700", "Net Interest Income": "-20,700", "EBIT": "72,000", "EBITDA": "167,000", "Reconciled Cost of Revenue": "3,951,400", "Reconciled Depreciation": "95,000", "Net Income from Continuing Operation Net Minority Interest": "49,200", "Total Unusual Items Excluding Goodwill": "21,800", "Total Unusual Items": "21,800", "Normalized EBITDA": "145,200", "Tax Rate for Calcs": "0", "Tax Effect of Unusual Items": "2,125"}, "12/31/2020": {"Duration": "12/31/2020", "Total Revenue": "4,202,300", "Cost of Revenue": "3,951,400", "Gross Profit": "250,900", "Operating Expense": "196,200", "Operating Income": "54,700", "Net Non Operating Interest Income Expense": "-20,700", "Other Income Expense": "17,300", "Pretax Income": "51,300", "Tax Provision": "5,000", "Net Income Common Stockholders": "49,200", "Diluted NI Available to Com Stockholders": "49,200", "Basic EPS": "-", "Diluted EPS": "-", "Basic Average Shares": "-", "Diluted Average Shares": "-", "Total Operating Income as Reported": "76,500", "Total Expenses": "4,147,600", "Net Income from Continuing & Discontinued Operation": "49,200", "Normalized Income": "29,525", "Interest Income": "-", "Interest Expense": "20,700", "Net Interest Income": "-20,700", "EBIT": "72,000", "EBITDA": "-", "Reconciled Cost of Revenue": "3,951,400", "Reconciled Depreciation": "95,000", "Net Income from Continuing Operation Net Minority Interest": "49,200", "Total Unusual Items Excluding Goodwill": "21,800", "Total Unusual Items": "21,800", "Normalized EBITDA": "145,200", "Tax Rate for Calcs": "0", "Tax Effect of Unusual Items": "2,125"}, "12/31/2019": {"Duration": "12/31/2019", "Total Revenue": "4,489,000", "Cost of Revenue": "4,188,400", "Gross Profit": "300,600", "Operating Expense": "195,700", "Operating Income": "104,900", "Net Non Operating Interest Income Expense": "-24,300", "Other Income Expense": "10,100", "Pretax Income": "90,700", "Tax Provision": "21,400", "Net Income Common Stockholders": "66,500", "Diluted NI Available to Com Stockholders": "66,500", "Basic EPS": "1.38", "Diluted EPS": "1.37", "Basic Average Shares": "48,291", "Diluted Average Shares": "48,394", "Total Operating Income as Reported": "114,100", "Total Expenses": "4,384,100", "Net Income from Continuing & Discontinued Operation": "66,500", "Normalized Income": "59,471", "Interest Income": "1,100", "Interest Expense": "25,400", "Net Interest Income": "-24,300", "EBIT": "116,100", "EBITDA": "-", "Reconciled Cost of Revenue": "4,188,400", "Reconciled Depreciation": "97,900", "Net Income from Continuing Operation Net Minority Interest": "66,500", "Total Unusual Items Excluding Goodwill": "9,200", "Total Unusual Items": "9,200", "Normalized EBITDA": "204,800", "Tax Rate for Calcs": "0", "Tax Effect of Unusual Items": "2,171"}, "12/31/2018": {"Duration": "12/31/2018", "Total Revenue": "4,493,900", "Cost of Revenue": "4,214,100", "Gross Profit": "279,800", "Operating Expense": "194,700", "Operating Income": "85,100", "Net Non Operating Interest Income Expense": "-22,700", "Other Income Expense": "-62,200", "Pretax Income": "200", "Tax Provision": "16,100", "Net Income Common Stockholders": "-21,900", "Diluted NI Available to Com Stockholders": "-21,900", "Basic EPS": "-0.45", "Diluted EPS": "-0.45", "Basic Average Shares": "48,625", "Diluted Average Shares": "48,625", "Total Operating Income as Reported": "38,600", "Total Expenses": "4,408,800", "Net Income from Continuing & Discontinued Operation": "-21,900", "Normalized Income": "6,789", "Interest Income": "900", "Interest Expense": "23,600", "Net Interest Income": "-22,700", "EBIT": "23,800", "EBITDA": "-", "Reconciled Cost of Revenue": "4,214,100", "Reconciled Depreciation": "100,500", "Net Income from Continuing Operation Net Minority Interest": "-21,900", "Total Unusual Items Excluding Goodwill": "-39,300", "Total Unusual Items": "-39,300", "Normalized EBITDA": "163,600", "Tax Rate for Calcs": "0", "Tax Effect of Unusual Items": "-10,611"}}, "bs": {"12/31/2020": {"Duration": "12/31/2020", "Total Assets": "3,343,300", "Total Liabilities Net Minority Interest": "1,593,600", "Total Equity Gross Minority Interest": "1,749,700", "Total Capitalization": "2,269,800", "Common Stock Equity": "1,728,000", "Capital Lease Obligations": "143,200", "Net Tangible Assets": "1,153,600", "Working Capital": "457,500", "Invested Capital": "2,270,000", "Tangible Book Value": "1,153,600", "Total Debt": "685,200", "Net Debt": "525,500", "Share Issued": "47,372", "Ordinary Shares Number": "47,372"}, "12/31/2019": {"Duration": "12/31/2019", "Total Assets": "3,349,900", "Total Liabilities Net Minority Interest": "1,606,200", "Total Equity Gross Minority Interest": "1,743,700", "Total Capitalization": "2,306,000", "Common Stock Equity": "1,719,200", "Capital Lease Obligations": "135,200", "Net Tangible Assets": "1,137,300", "Working Capital": "488,600", "Invested Capital": "2,306,300", "Tangible Book Value": "1,137,300", "Total Debt": "722,300", "Net Debt": "553,800", "Share Issued": "48,015", "Ordinary Shares Number": "48,015"}, "12/31/2018": {"Duration": "12/31/2018", "Total Assets": "3,255,200", "Total Liabilities Net Minority Interest": "1,537,400", "Total Equity Gross Minority Interest": "1,717,800", "Total Capitalization": "2,353,300", "Common Stock Equity": "1,692,000", "Capital Lease Obligations": "1,100", "Net Tangible Assets": "1,101,700", "Working Capital": "552,800", "Invested Capital": "2,353,300", "Tangible Book Value": "1,101,700", "Total Debt": "662,400", "Net Debt": "640,000", "Share Issued": "48,442", "Ordinary Shares Number": "48,442"}}, "cf": {}}}, {"PME": {"quote": {"05/11/2021": {"value": "1.0900", "Market Cap": "87.712M", "Beta (5Y Monthly)": "-0.49", "PE Ratio (TTM)": "14.93", "EPS (TTM)": "0.0730", "Earnings Date": "Nov 10, 2020", "Forward Dividend & Yield": "N/A (N/A)", "Ex-Dividend Date": "Jul 30, 2018", "1y Target Est": "N/A"}}, "fin": {"TTM": {"Duration": "TTM", "Total Revenue": "90,773", "Cost of Revenue": "72,904", "Gross Profit": "17,869", "Operating Expense": "-3,064", "Operating Income": "20,933", "Net Non Operating Interest Income Expense": "-8,933", "Other Income Expense": "-5,558", "Pretax Income": "6,441", "Tax Provision": "0", "Net Income Common Stockholders": "5,736", "Diluted NI Available to Com Stockholders": "5,736", "Basic EPS": "-", "Diluted EPS": "-", "Basic Average Shares": "-", "Diluted Average Shares": "-", "Total Operating Income as Reported": "15,476", "Rent Expense Supplemental": "477.508", "Total Expenses": "69,840", "Net Income from Continuing & Discontinued Operation": "5,736", "Normalized Income": "10,680", "Interest Income": "4,090", "Interest Expense": "13,023", "Net Interest Income": "-8,933", "EBIT": "19,465", "EBITDA": "33,691", "Reconciled Cost of Revenue": "61,793", "Reconciled Depreciation": "14,227", "Net Income from Continuing Operation Net Minority Interest": "5,736", "Total Unusual Items Excluding Goodwill": "-4,944", "Total Unusual Items": "-4,944", "Normalized EBITDA": "38,636", "Tax Rate for Calcs": "0", "Tax Effect of Unusual Items": "0"}, "12/31/2019": {"Duration": "12/31/2019", "Total Revenue": "89,622", "Cost of Revenue": "64,397", "Gross Profit": "25,226", "Operating Expense": "4,135", "Operating Income": "21,091", "Net Non Operating Interest Income Expense": "-5,275", "Other Income Expense": "-9,436", "Pretax Income": "6,380", "Tax Provision": "0", "Net Income Common Stockholders": "5,682", "Diluted NI Available to Com Stockholders": "5,682", "Basic EPS": "0.07", "Diluted EPS": "0.07", "Basic Average Shares": "79,055", "Diluted Average Shares": "79,055", "Total Operating Income as Reported": "13,168", "Rent Expense Supplemental": "519.161", "Total Expenses": "68,531", "Net Income from Continuing & Discontinued Operation": "5,682", "Normalized Income": "13,677", "Interest Income": "780.604", "Interest Expense": "6,055", "Net Interest Income": "-5,275", "EBIT": "12,435", "EBITDA": "-", "Reconciled Cost of Revenue": "56,814", "Reconciled Depreciation": "11,309", "Net Income from Continuing Operation Net Minority Interest": "5,682", "Total Unusual Items Excluding Goodwill": "-7,995", "Total Unusual Items": "-7,995", "Normalized EBITDA": "31,739", "Tax Rate for Calcs": "0", "Tax Effect of Unusual Items": "0"}, "12/31/2018": {"Duration": "12/31/2018", "Total Revenue": "64,256", "Cost of Revenue": "33,240", "Gross Profit": "31,017", "Operating Expense": "3,342", "Operating Income": "27,674", "Net Non Operating Interest Income Expense": "-1,170", "Other Income Expense": "-11,692", "Pretax Income": "14,813", "Tax Provision": "0", "Net Income Common Stockholders": "13,397", "Diluted NI Available to Com Stockholders": "13,397", "Basic EPS": "0.17", "Diluted EPS": "0.17", "Basic Average Shares": "79,055", "Diluted Average Shares": "79,055", "Total Operating Income as Reported": "15,853", "Rent Expense Supplemental": "-", "Total Expenses": "36,582", "Net Income from Continuing & Discontinued Operation": "13,397", "Normalized Income": "24,994", "Interest Income": "41.446", "Interest Expense": "1,211", "Net Interest Income": "-1,170", "EBIT": "16,024", "EBITDA": "-", "Reconciled Cost of Revenue": "29,889", "Reconciled Depreciation": "9,142", "Net Income from Continuing Operation Net Minority Interest": "13,397", "Total Unusual Items Excluding Goodwill": "-11,596", "Total Unusual Items": "-11,596", "Normalized EBITDA": "36,762", "Tax Rate for Calcs": "0", "Tax Effect of Unusual Items": "0"}}, "bs": {"12/31/2019": {"Duration": "12/31/2019", "Total Assets": "404,129", "Total Liabilities Net Minority Interest": "249,051", "Total Equity Gross Minority Interest": "155,078", "Total Capitalization": "295,946", "Common Stock Equity": "135,716", "Capital Lease Obligations": "408.125", "Net Tangible Assets": "135,716", "Working Capital": "-24,449", "Invested Capital": "363,103", "Tangible Book Value": "135,716", "Total Debt": "227,796", "Net Debt": "217,295", "Share Issued": "79,055", "Ordinary Shares Number": "79,055"}, "12/31/2018": {"Duration": "12/31/2018", "Total Assets": "246,962", "Total Liabilities Net Minority Interest": "95,402", "Total Equity Gross Minority Interest": "151,559", "Total Capitalization": "154,996", "Common Stock Equity": "132,667", "Capital Lease Obligations": "-", "Net Tangible Assets": "132,667", "Working Capital": "-57,615", "Invested Capital": "168,568", "Tangible Book Value": "132,667", "Total Debt": "35,902", "Net Debt": "33,935", "Share Issued": "79,055", "Ordinary Shares Number": "79,055"}}, "cf": {}}}, {"GCEH": {"quote": {"05/11/2021": {"value": "5.82", "Market Cap": "217.883M", "Beta (5Y Monthly)": "2.67", "PE Ratio (TTM)": "N/A", "EPS (TTM)": "-0.30", "Earnings Date": "N/A", "Forward Dividend & Yield": "N/A (N/A)", "Ex-Dividend Date": "N/A", "1y Target Est": "N/A"}}, "fin": {"TTM": {"Duration": "TTM", "Total Revenue": "0", "Operating Expense": "8,708", "Operating Income": "-8,708", "Net Non Operating Interest Income Expense": "-1,883", "Other Income Expense": "90.769", "Pretax Income": "-9,311", "Net Income Common Stockholders": "-9,311", "Diluted NI Available to Com Stockholders": "-9,311", "Basic EPS": "-", "Diluted EPS": "-", "Basic Average Shares": "-", "Diluted Average Shares": "-", "Total Operating Income as Reported": "-9,210", "Total Expenses": "8,708", "Net Income from Continuing & Discontinued Operation": "-9,311", "Normalized Income": "-8,160", "Interest Expense": "1,883", "Net Interest Income": "-1,883", "EBIT": "-7,429", "EBITDA": "-7,042", "Reconciled Depreciation": "387.106", "Net Income from Continuing Operation Net Minority Interest": "-9,311", "Total Unusual Items Excluding Goodwill": "-1,151", "Total Unusual Items": "-1,151", "Normalized EBITDA": "-5,890", "Tax Rate for Calcs": "0", "Tax Effect of Unusual Items": "0"}, "12/31/2019": {"Duration": "12/31/2019", "Total Revenue": "0", "Operating Expense": "3,307", "Operating Income": "-3,307", "Net Non Operating Interest Income Expense": "-439.479", "Other Income Expense": "-8,046", "Pretax Income": "-11,792", "Net Income Common Stockholders": "-11,792", "Diluted NI Available to Com Stockholders": "-11,792", "Basic EPS": "-0.03", "Diluted EPS": "-0.03", "Basic Average Shares": "342,790", "Diluted Average Shares": "342,790", "Total Operating Income as Reported": "-4,933", "Total Expenses": "3,307", "Net Income from Continuing & Discontinued Operation": "-11,792", "Normalized Income": "-1,316", "Interest Expense": "439.479", "Net Interest Income": "-439.479", "EBIT": "-11,352", "EBITDA": "-", "Reconciled Depreciation": "246.932", "Net Income from Continuing Operation Net Minority Interest": "-11,792", "Total Unusual Items Excluding Goodwill": "-10,476", "Total Unusual Items": "-10,476", "Normalized EBITDA": "-629.574", "Tax Rate for Calcs": "0", "Tax Effect of Unusual Items": "0"}, "12/31/2018": {"Duration": "12/31/2018", "Total Revenue": "0", "Operating Expense": "1,527", "Operating Income": "-1,527", "Net Non Operating Interest Income Expense": "-441.326", "Other Income Expense": "-6,021", "Pretax Income": "-7,990", "Net Income Common Stockholders": "-7,990", "Diluted NI Available to Com Stockholders": "-7,990", "Basic EPS": "-0.02", "Diluted EPS": "-0.02", "Basic Average Shares": "341,529", "Diluted Average Shares": "341,529", "Total Operating Income as Reported": "-2,057", "Total Expenses": "1,527", "Net Income from Continuing & Discontinued Operation": "-7,990", "Normalized Income": "-1,544", "Interest Expense": "441.326", "Net Interest Income": "-441.326", "EBIT": "-7,549", "EBITDA": "-", "Reconciled Depreciation": "245.227", "Net Income from Continuing Operation Net Minority Interest": "-7,990", "Total Unusual Items Excluding Goodwill": "-6,446", "Total Unusual Items": "-6,446", "Normalized EBITDA": "-857.036", "Tax Rate for Calcs": "0", "Tax Effect of Unusual Items": "0"}}, "bs": {"12/31/2019": {"Duration": "12/31/2019", "Total Assets": "9,406", "Total Liabilities Net Minority Interest": "33,485", "Total Equity Gross Minority Interest": "-24,079", "Total Capitalization": "-24,079", "Preferred Stock Equity": "0.013", "Common Stock Equity": "-24,079", "Capital Lease Obligations": "82.882", "Net Tangible Assets": "-26,580", "Working Capital": "-33,005", "Invested Capital": "-21,012", "Tangible Book Value": "-26,580", "Total Debt": "3,150", "Net Debt": "2,610", "Share Issued": "344,029", "Ordinary Shares Number": "344,029", "Preferred Shares Number": "13"}, "12/31/2018": {"Duration": "12/31/2018", "Total Assets": "8,003", "Total Liabilities Net Minority Interest": "20,883", "Total Equity Gross Minority Interest": "-12,880", "Total Capitalization": "-11,880", "Preferred Stock Equity": "0.013", "Common Stock Equity": "-12,880", "Capital Lease Obligations": "0", "Net Tangible Assets": "-15,627", "Working Capital": "-14,633", "Invested Capital": "-9,813", "Tangible Book Value": "-15,627", "Total Debt": "3,067", "Net Debt": "-", "Share Issued": "341,406", "Ordinary Shares Number": "341,406", "Preferred Shares Number": "13"}}, "cf": {}}}, {"WFCF": {"quote": {"05/11/2021": {"value": "14.00", "Market Cap": "85.729M", "Beta (5Y Monthly)": "N/A", "PE Ratio (TTM)": "31.04", "EPS (TTM)": "0.45", "Earnings Date": "May 06, 2021", "Forward Dividend & Yield": "N/A (N/A)", "Ex-Dividend Date": "N/A", "1y Target Est": "N/A"}}, "fin": {"TTM": {"Duration": "TTM", "Total Revenue": "20,076", "Cost of Revenue": "11,148", "Gross Profit": "8,928", "Operating Expense": "7,241", "Operating Income": "1,687", "Net Non Operating Interest Income Expense": "-13", "Other Income Expense": "173", "Pretax Income": "1,847", "Tax Provision": "462", "Net Income Common Stockholders": "1,385", "Diluted NI Available to Com Stockholders": "1,385", "Basic EPS": "-", "Diluted EPS": "-", "Basic Average Shares": "-", "Diluted Average Shares": "-", "Total Operating Income as Reported": "1,687", "Total Expenses": "18,389", "Net Income from Continuing & Discontinued Operation": "1,385", "Normalized Income": "1,260", "Interest Expense": "13", "Net Interest Income": "-13", "EBIT": "1,860", "EBITDA": "2,857", "Reconciled Cost of Revenue": "11,148", "Reconciled Depreciation": "997", "Net Income from Continuing Operation Net Minority Interest": "1,385", "Total Unusual Items Excluding Goodwill": "166", "Total Unusual Items": "166", "Normalized EBITDA": "2,691", "Tax Rate for Calcs": "0", "Tax Effect of Unusual Items": "40.836"}, "12/31/2020": {"Duration": "12/31/2020", "Total Revenue": "20,076", "Cost of Revenue": "11,148", "Gross Profit": "8,928", "Operating Expense": "7,241", "Operating Income": "1,687", "Net Non Operating Interest Income Expense": "-13", "Other Income Expense": "173", "Pretax Income": "1,847", "Tax Provision": "462", "Net Income Common Stockholders": "1,385", "Diluted NI Available to Com Stockholders": "1,385", "Basic EPS": "-", "Diluted EPS": "-", "Basic Average Shares": "-", "Diluted Average Shares": "-", "Total Operating Income as Reported": "1,687", "Total Expenses": "18,389", "Net Income from Continuing & Discontinued Operation": "1,385", "Normalized Income": "1,260", "Interest Expense": "13", "Net Interest Income": "-13", "EBIT": "1,860", "EBITDA": "-", "Reconciled Cost of Revenue": "11,148", "Reconciled Depreciation": "997", "Net Income from Continuing Operation Net Minority Interest": "1,385", "Total Unusual Items Excluding Goodwill": "166", "Total Unusual Items": "166", "Normalized EBITDA": "2,691", "Tax Rate for Calcs": "0", "Tax Effect of Unusual Items": "40.836"}, "12/31/2019": {"Duration": "12/31/2019", "Total Revenue": "20,774", "Cost of Revenue": "11,695", "Gross Profit": "9,079", "Operating Expense": "7,527", "Operating Income": "1,552", "Net Non Operating Interest Income Expense": "-10.057", "Other Income Expense": "-59.344", "Pretax Income": "1,483", "Tax Provision": "460", "Net Income Common Stockholders": "1,345", "Diluted NI Available to Com Stockholders": "1,345", "Basic EPS": "0.20", "Diluted EPS": "0.20", "Basic Average Shares": "6,213", "Diluted Average Shares": "6,257", "Total Operating Income as Reported": "1,552", "Total Expenses": "19,222", "Net Income from Continuing & Discontinued Operation": "1,345", "Normalized Income": "1,393", "Interest Expense": "10.057", "Net Interest Income": "-10.057", "EBIT": "1,493", "EBITDA": "-", "Reconciled Cost of Revenue": "11,695", "Reconciled Depreciation": "1,096", "Net Income from Continuing Operation Net Minority Interest": "1,345", "Total Unusual Items Excluding Goodwill": "-68.674", "Total Unusual Items": "-68.674", "Normalized EBITDA": "2,658", "Tax Rate for Calcs": "0", "Tax Effect of Unusual Items": "-20.6709"}, "12/31/2018": {"Duration": "12/31/2018", "Total Revenue": "17,804", "Cost of Revenue": "10,060", "Gross Profit": "7,744", "Operating Expense": "6,869", "Operating Income": "874.553", "Net Non Operating Interest Income Expense": "-4.837", "Other Income Expense": "114.27", "Pretax Income": "983.986", "Tax Provision": "309.008", "Net Income Common Stockholders": "800.736", "Diluted NI Available to Com Stockholders": "800.736", "Basic EPS": "0.12", "Diluted EPS": "0.12", "Basic Average Shares": "6,206", "Diluted Average Shares": "6,247", "Total Operating Income as Reported": "874.553", "Total Expenses": "16,929", "Net Income from Continuing & Discontinued Operation": "800.736", "Normalized Income": "732.136", "Interest Expense": "4.837", "Net Interest Income": "-4.837", "EBIT": "988.823", "EBITDA": "-", "Reconciled Cost of Revenue": "10,060", "Reconciled Depreciation": "942.418", "Net Income from Continuing Operation Net Minority Interest": "800.736", "Total Unusual Items Excluding Goodwill": "100", "Total Unusual Items": "100", "Normalized EBITDA": "1,831", "Tax Rate for Calcs": "0", "Tax Effect of Unusual Items": "31.4"}}, "bs": {"12/31/2020": {"Duration": "12/31/2020", "Total Assets": "19,448", "Total Liabilities Net Minority Interest": "6,984", "Total Equity Gross Minority Interest": "12,464", "Total Capitalization": "13,036", "Common Stock Equity": "12,464", "Capital Lease Obligations": "3,569", "Net Tangible Assets": "6,591", "Working Capital": "4,350", "Invested Capital": "13,499", "Tangible Book Value": "6,591", "Total Debt": "4,604", "Share Issued": "6,456", "Ordinary Shares Number": "6,118", "Treasury Shares Number": "338"}, "12/31/2019": {"Duration": "12/31/2019", "Total Assets": "18,237", "Total Liabilities Net Minority Interest": "6,288", "Total Equity Gross Minority Interest": "11,949", "Total Capitalization": "11,949", "Common Stock Equity": "11,949", "Capital Lease Obligations": "3,795", "Net Tangible Assets": "5,776", "Working Capital": "3,120", "Invested Capital": "11,949", "Tangible Book Value": "5,776", "Total Debt": "3,795", "Share Issued": "6,451", "Ordinary Shares Number": "6,244", "Treasury Shares Number": "206.18"}, "12/31/2018": {"Duration": "12/31/2018", "Total Assets": "14,464", "Total Liabilities Net Minority Interest": "3,698", "Total Equity Gross Minority Interest": "10,766", "Total Capitalization": "10,798", "Common Stock Equity": "10,766", "Capital Lease Obligations": "406.144", "Net Tangible Assets": "3,790", "Working Capital": "2,670", "Invested Capital": "10,808", "Tangible Book Value": "3,790", "Total Debt": "448.537", "Share Issued": "6,368", "Ordinary Shares Number": "6,242", "Treasury Shares Number": "126.214"}}, "cf": {}}}, {"TURV": {"quote": {"05/11/2021": {"value": "0.3499", "Market Cap": "30.492M", "Beta (5Y Monthly)": "4.35", "PE Ratio (TTM)": "N/A", "EPS (TTM)": "-0.0850", "Earnings Date": "May 14, 2020 - May 15, 2020", "Forward Dividend & Yield": "N/A (N/A)", "Ex-Dividend Date": "N/A", "1y Target Est": "N/A"}}, "fin": {"TTM": {"Duration": "TTM", "Total Revenue": "189", "Cost of Revenue": "0", "Gross Profit": "189", "Operating Expense": "2,345", "Operating Income": "-2,156", "Net Non Operating Interest Income Expense": "-1,162", "Other Income Expense": "-1,139", "Pretax Income": "-4,457", "Tax Provision": "0", "Net Income Common Stockholders": "-4,474", "Diluted NI Available to Com Stockholders": "-4,474", "Basic EPS": "-", "Diluted EPS": "-", "Basic Average Shares": "-", "Diluted Average Shares": "-", "Total Operating Income as Reported": "-2,963", "Total Expenses": "2,345", "Net Income from Continuing & Discontinued Operation": "-4,450", "Normalized Income": "-5,181", "Interest Expense": "1,162", "Net Interest Income": "-1,162", "EBIT": "-3,295", "EBITDA": "-3,231", "Reconciled Cost of Revenue": "0", "Reconciled Depreciation": "64", "Net Income from Continuing Operation Net Minority Interest": "-4,450", "Total Unusual Items Excluding Goodwill": "731", "Total Unusual Items": "731", "Normalized EBITDA": "-3,962", "Tax Rate for Calcs": "0", "Tax Effect of Unusual Items": "0"}, "12/31/2018": {"Duration": "12/31/2018", "Total Revenue": "66", "Cost of Revenue": "0", "Gross Profit": "66", "Operating Expense": "3,061", "Operating Income": "-2,995", "Net Non Operating Interest Income Expense": "-980", "Other Income Expense": "8,500", "Pretax Income": "4,525", "Tax Provision": "0", "Net Income Common Stockholders": "2,714", "Diluted NI Available to Com Stockholders": "2,714", "Basic EPS": "0.08", "Diluted EPS": "0.07", "Basic Average Shares": "35,139", "Diluted Average Shares": "37,408", "Total Operating Income as Reported": "-6,427", "Total Expenses": "3,061", "Net Income from Continuing & Discontinued Operation": "3,722", "Normalized Income": "-4,711", "Interest Expense": "980", "Net Interest Income": "-980", "EBIT": "5,505", "EBITDA": "-", "Reconciled Cost of Revenue": "0", "Reconciled Depreciation": "91", "Net Income from Continuing Operation Net Minority Interest": "4,532", "Total Unusual Items Excluding Goodwill": "9,243", "Total Unusual Items": "9,243", "Normalized EBITDA": "-3,647", "Tax Rate for Calcs": "0", "Tax Effect of Unusual Items": "0"}}, "bs": {"12/31/2018": {"Duration": "12/31/2018", "Total Assets": "30,659", "Total Liabilities Net Minority Interest": "21,265", "Total Equity Gross Minority Interest": "9,394", "Total Capitalization": "-11,797", "Preferred Stock Equity": "252", "Common Stock Equity": "-13,222", "Net Tangible Assets": "-12,970", "Working Capital": "-20,028", "Invested Capital": "-3,950", "Tangible Book Value": "-13,222", "Total Debt": "9,272", "Net Debt": "9,266", "Share Issued": "45,574", "Ordinary Shares Number": "45,574", "Preferred Shares Number": "64.935"}}, "cf": {}}}, {"PABL": {"quote": {"05/11/2021": {"value": "", "Net Assets": "N/A", "Beta (5Y Monthly)": "N/A", "Yield": "N/A", "5y Average Return": "N/A", "Holdings Turnover": "N/A", "Last Dividend": "N/A", "Average for Category": "N/A", "Inception Date": "N/A"}}, "fin": {}, "bs": {}, "cf": {}}}, {"STEV": {"quote": {"05/11/2021": {"value": "0.0040", "Market Cap": "3.559M", "Beta (5Y Monthly)": "0.24", "PE Ratio (TTM)": "N/A", "EPS (TTM)": "-0.0420", "Earnings Date": "N/A", "Forward Dividend & Yield": "N/A (N/A)", "Ex-Dividend Date": "N/A", "1y Target Est": "N/A"}}, "fin": {}, "bs": {}, "cf": {}}}, {"UMAM": {"quote": {"05/11/2021": {"value": "0.0022", "Market Cap": "20.31M", "Beta (5Y Monthly)": "104.82", "PE Ratio (TTM)": "N/A", "EPS (TTM)": "-0.1910", "Earnings Date": "N/A", "Forward Dividend & Yield": "N/A (N/A)", "Ex-Dividend Date": "N/A", "1y Target Est": "N/A"}}, "fin": {}, "bs": {}, "cf": {}}}, {"CBCA": {"quote": {"05/11/2021": {"value": "0.1300", "Market Cap": "60.291M", "Beta (5Y Monthly)": "4.46", "PE Ratio (TTM)": "N/A", "EPS (TTM)": "-0.3540", "Earnings Date": "N/A", "Forward Dividend & Yield": "N/A (N/A)", "Ex-Dividend Date": "N/A", "1y Target Est": "N/A"}}, "fin": {}, "bs": {}, "cf": {}}}, {"RBCC": {"fin": {}, "bs": {}, "cf": {}}}]