[{"BETR": {"quote": {"03/23/2021": {"value": "", "Net Assets": "N/A", "Beta (5Y Monthly)": "N/A", "Yield": "N/A", "5y Average Return": "N/A", "Holdings Turnover": "N/A", "Last Dividend": "N/A", "Average for Category": "N/A", "Inception Date": "N/A"}}, "fin": {}, "bs": {}, "cf": {}}}, {"BUFF": {"quote": {"03/23/2021": {"value": "33.88", "Net Assets": "45.09M", "NAV": "33.88", "PE Ratio (TTM)": "N/A", "Yield": "1.77%", "YTD Daily Total Return": "1.90%", "Beta (5Y Monthly)": "0.84", "Expense Ratio (net)": "0.99%", "Inception Date": "2016-10-20"}}, "fin": {}, "bs": {}, "cf": {}}}, {"CALM": {"quote": {"03/23/2021": {"value": "41.16", "Market Cap": "2.007B", "Beta (5Y Monthly)": "-0.18", "PE Ratio (TTM)": "29.91", "EPS (TTM)": "1.38", "Earnings Date": "Mar 29, 2021", "Forward Dividend & Yield": "N/A (N/A)", "Ex-Dividend Date": "Apr 30, 2019", "1y Target Est": "45.33"}}, "fin": {"TTM": {"Duration": "TTM", "Total Revenue": "1,439,031", "Cost of Revenue": "1,192,477", "Gross Profit": "246,554", "Operating Expense": "177,872", "Operating Income": "68,682", "Net Non Operating Interest Income Expense": "3,228", "Other Income Expense": "12,082", "Pretax Income": "85,992", "Tax Provision": "19,001", "Net Income Common Stockholders": "66,968", "Diluted NI Available to Com Stockholders": "66,968", "Basic EPS": "-", "Diluted EPS": "-", "Basic Average Shares": "-", "Diluted Average Shares": "-", "Total Operating Income as Reported": "68,560", "Total Expenses": "1,370,349", "Net Income from Continuing & Discontinued Operation": "66,968", "Normalized Income": "68,621", "Interest Income": "3,726", "Interest Expense": "-", "Net Interest Income": "3,228", "EBIT": "87,888", "EBITDA": "147,725", "Reconciled Cost of Revenue": "1,192,477", "Reconciled Depreciation": "59,837", "Net Income from Continuing Operation Net Minority Interest": "66,968", "Total Unusual Items Excluding Goodwill": "-2,122", "Total Unusual Items": "-2,122", "Normalized EBITDA": "149,847", "Tax Rate for Calcs": "0", "Tax Effect of Unusual Items": "-468.8822"}, "5/31/2020": {"Duration": "5/31/2020", "Total Revenue": "1,351,609", "Cost of Revenue": "1,172,021", "Gross Profit": "179,588", "Operating Expense": "178,237", "Operating Income": "1,351", "Net Non Operating Interest Income Expense": "4,464", "Other Income Expense": "12,244", "Pretax Income": "20,059", "Tax Provision": "1,731", "Net Income Common Stockholders": "18,391", "Diluted NI Available to Com Stockholders": "18,391", "Basic EPS": "0.38", "Diluted EPS": "0.38", "Basic Average Shares": "48,467", "Diluted Average Shares": "48,467", "Total Operating Income as Reported": "1,269", "Total Expenses": "1,350,258", "Net Income from Continuing & Discontinued Operation": "18,391", "Normalized Income": "11,066", "Interest Income": "4,962", "Interest Expense": "498", "Net Interest Income": "4,464", "EBIT": "20,557", "EBITDA": "-", "Reconciled Cost of Revenue": "1,172,021", "Reconciled Depreciation": "58,103", "Net Income from Continuing Operation Net Minority Interest": "18,391", "Total Unusual Items Excluding Goodwill": "8,014", "Total Unusual Items": "8,014", "Normalized EBITDA": "70,646", "Tax Rate for Calcs": "0", "Tax Effect of Unusual Items": "689.204"}, "5/31/2019": {"Duration": "5/31/2019", "Total Revenue": "1,361,188", "Cost of Revenue": "1,138,329", "Gross Profit": "222,859", "Operating Expense": "174,795", "Operating Income": "48,064", "Net Non Operating Interest Income Expense": "7,334", "Other Income Expense": "15,407", "Pretax Income": "70,805", "Tax Provision": "15,743", "Net Income Common Stockholders": "54,229", "Diluted NI Available to Com Stockholders": "54,229", "Basic EPS": "1.12", "Diluted EPS": "1.12", "Basic Average Shares": "48,467", "Diluted Average Shares": "48,589", "Total Operating Income as Reported": "45,781", "Total Expenses": "1,313,124", "Net Income from Continuing & Discontinued Operation": "54,229", "Normalized Income": "47,875", "Interest Income": "7,978", "Interest Expense": "644", "Net Interest Income": "7,334", "EBIT": "71,449", "EBITDA": "-", "Reconciled Cost of Revenue": "1,138,329", "Reconciled Depreciation": "54,650", "Net Income from Continuing Operation Net Minority Interest": "54,229", "Total Unusual Items Excluding Goodwill": "8,199", "Total Unusual Items": "8,199", "Normalized EBITDA": "117,900", "Tax Rate for Calcs": "0", "Tax Effect of Unusual Items": "1,845"}, "5/31/2018": {"Duration": "5/31/2018", "Total Revenue": "1,502,932", "Cost of Revenue": "1,141,886", "Gross Profit": "361,046", "Operating Expense": "177,149", "Operating Income": "183,897", "Net Non Operating Interest Income Expense": "3,432", "Other Income Expense": "-69,993", "Pretax Income": "117,337", "Tax Provision": "-8,859", "Net Income Common Stockholders": "125,932", "Diluted NI Available to Com Stockholders": "125,932", "Basic EPS": "2.60", "Diluted EPS": "2.60", "Basic Average Shares": "48,353", "Diluted Average Shares": "48,468", "Total Operating Income as Reported": "102,675", "Total Expenses": "1,319,035", "Net Income from Continuing & Discontinued Operation": "125,932", "Normalized Income": "179,176", "Interest Income": "3,697", "Interest Expense": "265", "Net Interest Income": "3,432", "EBIT": "117,602", "EBITDA": "-", "Reconciled Cost of Revenue": "1,141,886", "Reconciled Depreciation": "54,026", "Net Income from Continuing Operation Net Minority Interest": "125,932", "Total Unusual Items Excluding Goodwill": "-72,937", "Total Unusual Items": "-72,937", "Normalized EBITDA": "244,565", "Tax Rate for Calcs": "0", "Tax Effect of Unusual Items": "-19,693"}}, "bs": {"5/31/2020": {"Duration": "5/31/2020", "Total Assets": "1,206,694", "Total Liabilities Net Minority Interest": "197,019", "Total Equity Gross Minority Interest": "1,009,675", "Total Capitalization": "1,009,675", "Common Stock Equity": "1,009,675", "Capital Lease Obligations": "3,388", "Net Tangible Assets": "951,334", "Working Capital": "429,068", "Invested Capital": "1,009,675", "Tangible Book Value": "951,334", "Total Debt": "3,388", "Net Debt": "3,388", "Share Issued": "75,061", "Ordinary Shares Number": "48,774", "Treasury Shares Number": "26,287"}, "5/31/2019": {"Duration": "5/31/2019", "Total Assets": "1,156,278", "Total Liabilities Net Minority Interest": "166,472", "Total Equity Gross Minority Interest": "989,806", "Total Capitalization": "987,265", "Common Stock Equity": "986,624", "Capital Lease Obligations": "-", "Net Tangible Assets": "927,337", "Working Capital": "492,846", "Invested Capital": "988,961", "Tangible Book Value": "927,337", "Total Debt": "2,337", "Net Debt": "2,337", "Share Issued": "75,060", "Ordinary Shares Number": "48,694", "Treasury Shares Number": "26,366"}, "5/31/2018": {"Duration": "5/31/2018", "Total Assets": "1,150,447", "Total Liabilities Net Minority Interest": "194,765", "Total Equity Gross Minority Interest": "955,682", "Total Capitalization": "955,887", "Common Stock Equity": "953,333", "Capital Lease Obligations": "-", "Net Tangible Assets": "891,501", "Working Capital": "479,682", "Invested Capital": "959,423", "Tangible Book Value": "891,501", "Total Debt": "6,090", "Net Debt": "6,090", "Share Issued": "75,061", "Ordinary Shares Number": "48,631", "Treasury Shares Number": "26,430"}}, "cf": {"TTM": {"Duration": "TTM", "Operating Cash Flow": "137,230", "Investing Cash Flow": "-100,041", "Financing Cash Flow": "-1,129", "End Cash Position": "47,308", "Income Tax Paid Supplemental Data": "-", "Interest Paid Supplemental Data": "536", "Capital Expenditure": "-108,445", "Repayment of Debt": "-200", "Repurchase of Capital Stock": "-934", "Free Cash Flow": "28,785"}, "5/31/2020": {"Duration": "5/31/2020", "Operating Cash Flow": "73,609", "Investing Cash Flow": "-61,365", "Financing Cash Flow": "-3,361", "End Cash Position": "78,130", "Income Tax Paid Supplemental Data": "-", "Interest Paid Supplemental Data": "498", "Capital Expenditure": "-124,178", "Repayment of Debt": "-1,696", "Repurchase of Capital Stock": "-910", "Free Cash Flow": "-50,569"}, "5/31/2019": {"Duration": "5/31/2019", "Operating Cash Flow": "115,085", "Investing Cash Flow": "-47,817", "Financing Cash Flow": "-46,452", "End Cash Position": "69,247", "Income Tax Paid Supplemental Data": "36,312", "Interest Paid Supplemental Data": "644", "Capital Expenditure": "-67,989", "Repayment of Debt": "-3,754", "Repurchase of Capital Stock": "-985", "Free Cash Flow": "47,096"}, "5/31/2018": {"Duration": "5/31/2018", "Operating Cash Flow": "200,415", "Investing Cash Flow": "-163,850", "Financing Cash Flow": "-5,698", "End Cash Position": "48,431", "Income Tax Paid Supplemental Data": "-", "Interest Paid Supplemental Data": "265", "Capital Expenditure": "-19,671", "Repayment of Debt": "-4,849", "Repurchase of Capital Stock": "-1,128", "Free Cash Flow": "180,744"}}}}, {"KHC": {"quote": {"03/23/2021": {"value": "38.92", "Market Cap": "47.606B", "Beta (5Y Monthly)": "1.10", "PE Ratio (TTM)": "134.21", "EPS (TTM)": "0.29", "Earnings Date": "Apr 28, 2021 - May 03, 2021", "Forward Dividend & Yield": "1.60 (4.05%)", "Ex-Dividend Date": "Mar 11, 2021", "1y Target Est": "38.27"}}, "fin": {"TTM": {"Duration": "TTM", "Total Revenue": "26,185,000", "Cost of Revenue": "17,008,000", "Gross Profit": "9,177,000", "Operating Expense": "3,650,000", "Operating Income": "5,527,000", "Net Non Operating Interest Income Expense": "-1,367,000", "Other Income Expense": "-3,130,000", "Pretax Income": "1,030,000", "Tax Provision": "669,000", "Net Income Common Stockholders": "356,000", "Diluted NI Available to Com Stockholders": "356,000", "Basic EPS": "-", "Diluted EPS": "-", "Basic Average Shares": "-", "Diluted Average Shares": "-", "Total Operating Income as Reported": "2,128,000", "Total Expenses": "20,658,000", "Net Income from Continuing & Discontinued Operation": "356,000", "Normalized Income": "2,844,570", "Interest Income": "27,000", "Interest Expense": "1,394,000", "Net Interest Income": "-1,367,000", "EBIT": "2,424,000", "EBITDA": "3,393,000", "Reconciled Cost of Revenue": "17,008,000", "Reconciled Depreciation": "969,000", "Net Income from Continuing Operation Net Minority Interest": "356,000", "Total Unusual Items Excluding Goodwill": "-3,409,000", "Total Unusual Items": "-3,409,000", "Normalized EBITDA": "6,802,000", "Tax Rate for Calcs": "0", "Tax Effect of Unusual Items": "-920,430"}, "12/31/2020": {"Duration": "12/31/2020", "Total Revenue": "26,185,000", "Cost of Revenue": "17,008,000", "Gross Profit": "9,177,000", "Operating Expense": "3,650,000", "Operating Income": "5,527,000", "Net Non Operating Interest Income Expense": "-1,367,000", "Other Income Expense": "-3,130,000", "Pretax Income": "1,030,000", "Tax Provision": "669,000", "Net Income Common Stockholders": "356,000", "Diluted NI Available to Com Stockholders": "356,000", "Basic EPS": "0.29", "Diluted EPS": "0.29", "Basic Average Shares": "1,223,000", "Diluted Average Shares": "1,228,000", "Total Operating Income as Reported": "2,128,000", "Total Expenses": "20,658,000", "Net Income from Continuing & Discontinued Operation": "356,000", "Normalized Income": "2,844,570", "Interest Income": "27,000", "Interest Expense": "1,394,000", "Net Interest Income": "-1,367,000", "EBIT": "2,424,000", "EBITDA": "-", "Reconciled Cost of Revenue": "17,008,000", "Reconciled Depreciation": "969,000", "Net Income from Continuing Operation Net Minority Interest": "356,000", "Total Unusual Items Excluding Goodwill": "-3,409,000", "Total Unusual Items": "-3,409,000", "Normalized EBITDA": "6,802,000", "Tax Rate for Calcs": "0", "Tax Effect of Unusual Items": "-920,430"}, "12/31/2019": {"Duration": "12/31/2019", "Total Revenue": "24,977,000", "Cost of Revenue": "16,830,000", "Gross Profit": "8,147,000", "Operating Expense": "3,178,000", "Operating Income": "4,969,000", "Net Non Operating Interest Income Expense": "-1,361,000", "Other Income Expense": "-947,000", "Pretax Income": "2,661,000", "Tax Provision": "728,000", "Net Income Common Stockholders": "1,935,000", "Diluted NI Available to Com Stockholders": "1,935,000", "Basic EPS": "1.59", "Diluted EPS": "1.58", "Basic Average Shares": "1,221,000", "Diluted Average Shares": "1,224,000", "Total Operating Income as Reported": "3,070,000", "Total Expenses": "20,008,000", "Net Income from Continuing & Discontinued Operation": "1,935,000", "Normalized Income": "3,313,674", "Interest Income": "-", "Interest Expense": "1,361,000", "Net Interest Income": "-1,361,000", "EBIT": "4,022,000", "EBITDA": "-", "Reconciled Cost of Revenue": "16,830,000", "Reconciled Depreciation": "994,000", "Net Income from Continuing Operation Net Minority Interest": "1,935,000", "Total Unusual Items Excluding Goodwill": "-1,899,000", "Total Unusual Items": "-1,899,000", "Normalized EBITDA": "6,915,000", "Tax Rate for Calcs": "0", "Tax Effect of Unusual Items": "-520,326"}, "12/31/2018": {"Duration": "12/31/2018", "Total Revenue": "26,268,000", "Cost of Revenue": "17,347,000", "Gross Profit": "8,921,000", "Operating Expense": "3,205,000", "Operating Income": "5,716,000", "Net Non Operating Interest Income Expense": "-1,284,000", "Other Income Expense": "-15,753,000", "Pretax Income": "-11,321,000", "Tax Provision": "-1,067,000", "Net Income Common Stockholders": "-10,192,000", "Diluted NI Available to Com Stockholders": "-10,192,000", "Basic EPS": "-8.39", "Diluted EPS": "-8.39", "Basic Average Shares": "1,219,000", "Diluted Average Shares": "1,219,000", "Total Operating Income as Reported": "-10,220,000", "Total Expenses": "20,552,000", "Net Income from Continuing & Discontinued Operation": "-10,192,000", "Normalized Income": "4,246,016", "Interest Income": "-", "Interest Expense": "1,284,000", "Net Interest Income": "-1,284,000", "EBIT": "-10,037,000", "EBITDA": "-", "Reconciled Cost of Revenue": "17,347,000", "Reconciled Depreciation": "983,000", "Net Income from Continuing Operation Net Minority Interest": "-10,192,000", "Total Unusual Items Excluding Goodwill": "-15,936,000", "Total Unusual Items": "-15,936,000", "Normalized EBITDA": "6,882,000", "Tax Rate for Calcs": "0", "Tax Effect of Unusual Items": "-1,497,984"}}, "bs": {"12/31/2020": {"Duration": "12/31/2020", "Total Assets": "99,830,000", "Total Liabilities Net Minority Interest": "49,587,000", "Total Equity Gross Minority Interest": "50,243,000", "Total Capitalization": "78,173,000", "Common Stock Equity": "50,103,000", "Net Tangible Assets": "-29,653,000", "Working Capital": "2,761,000", "Invested Capital": "78,409,000", "Tangible Book Value": "-29,653,000", "Total Debt": "28,306,000", "Net Debt": "24,889,000", "Share Issued": "1,228,000", "Ordinary Shares Number": "1,223,000", "Treasury Shares Number": "5,000"}, "12/31/2019": {"Duration": "12/31/2019", "Total Assets": "101,450,000", "Total Liabilities Net Minority Interest": "49,701,000", "Total Equity Gross Minority Interest": "51,749,000", "Total Capitalization": "79,839,000", "Common Stock Equity": "51,623,000", "Net Tangible Assets": "-32,575,000", "Working Capital": "222,000", "Invested Capital": "80,867,000", "Tangible Book Value": "-32,575,000", "Total Debt": "29,244,000", "Net Debt": "26,965,000", "Share Issued": "1,224,000", "Ordinary Shares Number": "1,221,000", "Treasury Shares Number": "3,000"}, "12/31/2018": {"Duration": "12/31/2018", "Total Assets": "103,461,000", "Total Liabilities Net Minority Interest": "51,686,000", "Total Equity Gross Minority Interest": "51,775,000", "Total Capitalization": "82,427,000", "Common Stock Equity": "51,657,000", "Net Tangible Assets": "-34,314,000", "Working Capital": "1,572,000", "Invested Capital": "82,825,000", "Tangible Book Value": "-34,314,000", "Total Debt": "31,168,000", "Net Debt": "30,038,000", "Share Issued": "1,224,000", "Ordinary Shares Number": "1,220,000", "Treasury Shares Number": "4,000"}}, "cf": {"TTM": {"Duration": "TTM", "Operating Cash Flow": "4,929,000", "Investing Cash Flow": "-522,000", "Financing Cash Flow": "-3,331,000", "End Cash Position": "3,418,000", "Income Tax Paid Supplemental Data": "1,027,000", "Interest Paid Supplemental Data": "1,286,000", "Capital Expenditure": "-596,000", "Issuance of Debt": "7,500,000", "Repayment of Debt": "-8,697,000", "Repurchase of Capital Stock": "-", "Free Cash Flow": "4,333,000"}, "12/31/2020": {"Duration": "12/31/2020", "Operating Cash Flow": "4,929,000", "Investing Cash Flow": "-522,000", "Financing Cash Flow": "-3,331,000", "End Cash Position": "3,418,000", "Income Tax Paid Supplemental Data": "1,027,000", "Interest Paid Supplemental Data": "1,286,000", "Capital Expenditure": "-596,000", "Issuance of Debt": "7,500,000", "Repayment of Debt": "-8,697,000", "Repurchase of Capital Stock": "-", "Free Cash Flow": "4,333,000"}, "12/31/2019": {"Duration": "12/31/2019", "Operating Cash Flow": "3,552,000", "Investing Cash Flow": "1,511,000", "Financing Cash Flow": "-3,913,000", "End Cash Position": "2,280,000", "Income Tax Paid Supplemental Data": "974,000", "Interest Paid Supplemental Data": "1,306,000", "Capital Expenditure": "-768,000", "Issuance of Debt": "3,524,000", "Repayment of Debt": "-5,352,000", "Repurchase of Capital Stock": "-", "Free Cash Flow": "2,784,000"}, "12/31/2018": {"Duration": "12/31/2018", "Operating Cash Flow": "2,574,000", "Investing Cash Flow": "288,000", "Financing Cash Flow": "-3,363,000", "End Cash Position": "1,136,000", "Income Tax Paid Supplemental Data": "543,000", "Interest Paid Supplemental Data": "1,322,000", "Capital Expenditure": "-826,000", "Issuance of Debt": "5,774,000", "Repayment of Debt": "-5,926,000", "Repurchase of Capital Stock": "0", "Free Cash Flow": "1,748,000"}}}}, {"PPC": {"quote": {"03/23/2021": {"value": "23.82", "Market Cap": "5.8B", "Beta (5Y Monthly)": "1.11", "PE Ratio (TTM)": "61.87", "EPS (TTM)": "0.38", "Earnings Date": "Apr 27, 2021 - May 03, 2021", "Forward Dividend & Yield": "N/A (N/A)", "Ex-Dividend Date": "May 06, 2016", "1y Target Est": "23.50"}}, "fin": {"TTM": {"Duration": "TTM", "Total Revenue": "12,091,901", "Cost of Revenue": "11,253,705", "Gross Profit": "838,196", "Operating Expense": "592,610", "Operating Income": "245,586", "Net Non Operating Interest Income Expense": "-118,813", "Other Income Expense": "35,052", "Pretax Income": "161,825", "Tax Provision": "66,755", "Net Income Common Stockholders": "94,757", "Diluted NI Available to Com Stockholders": "94,757", "Basic EPS": "-", "Diluted EPS": "-", "Basic Average Shares": "-", "Diluted Average Shares": "-", "Total Operating Income as Reported": "245,463", "Total Expenses": "11,846,315", "Net Income from Continuing & Discontinued Operation": "94,757", "Normalized Income": "98,136", "Interest Income": "7,305", "Interest Expense": "126,118", "Net Interest Income": "-118,813", "EBIT": "287,943", "EBITDA": "625,047", "Reconciled Cost of Revenue": "11,253,705", "Reconciled Depreciation": "337,104", "Net Income from Continuing Operation Net Minority Interest": "94,757", "Total Unusual Items Excluding Goodwill": "-4,629", "Total Unusual Items": "-4,629", "Normalized EBITDA": "629,676", "Tax Rate for Calcs": "0", "Tax Effect of Unusual Items": "-1,250"}, "12/31/2020": {"Duration": "12/31/2020", "Total Revenue": "12,091,901", "Cost of Revenue": "11,253,705", "Gross Profit": "838,196", "Operating Expense": "592,610", "Operating Income": "245,586", "Net Non Operating Interest Income Expense": "-118,813", "Other Income Expense": "35,052", "Pretax Income": "161,825", "Tax Provision": "66,755", "Net Income Common Stockholders": "94,757", "Diluted NI Available to Com Stockholders": "94,757", "Basic EPS": "0.39", "Diluted EPS": "0.39", "Basic Average Shares": "245,944", "Diluted Average Shares": "246,124", "Total Operating Income as Reported": "245,463", "Total Expenses": "11,846,315", "Net Income from Continuing & Discontinued Operation": "94,757", "Normalized Income": "98,136", "Interest Income": "7,305", "Interest Expense": "126,118", "Net Interest Income": "-118,813", "EBIT": "287,943", "EBITDA": "-", "Reconciled Cost of Revenue": "11,253,705", "Reconciled Depreciation": "337,104", "Net Income from Continuing Operation Net Minority Interest": "94,757", "Total Unusual Items Excluding Goodwill": "-4,629", "Total Unusual Items": "-4,629", "Normalized EBITDA": "629,676", "Tax Rate for Calcs": "0", "Tax Effect of Unusual Items": "-1,250"}, "12/31/2019": {"Duration": "12/31/2019", "Total Revenue": "11,409,219", "Cost of Revenue": "10,338,825", "Gross Profit": "1,070,394", "Operating Expense": "379,910", "Operating Income": "690,484", "Net Non Operating Interest Income Expense": "-118,353", "Other Income Expense": "45,414", "Pretax Income": "617,545", "Tax Provision": "161,009", "Net Income Common Stockholders": "455,924", "Diluted NI Available to Com Stockholders": "455,924", "Basic EPS": "1.83", "Diluted EPS": "1.83", "Basic Average Shares": "249,401", "Diluted Average Shares": "249,709", "Total Operating Income as Reported": "690,568", "Total Expenses": "10,718,735", "Net Income from Continuing & Discontinued Operation": "455,924", "Normalized Income": "418,939", "Interest Income": "14,277", "Interest Expense": "132,630", "Net Interest Income": "-118,353", "EBIT": "750,175", "EBITDA": "-", "Reconciled Cost of Revenue": "10,338,825", "Reconciled Depreciation": "287,230", "Net Income from Continuing Operation Net Minority Interest": "455,924", "Total Unusual Items Excluding Goodwill": "50,047", "Total Unusual Items": "50,047", "Normalized EBITDA": "987,358", "Tax Rate for Calcs": "0", "Tax Effect of Unusual Items": "13,062"}, "12/31/2018": {"Duration": "12/31/2018", "Total Revenue": "10,937,784", "Cost of Revenue": "10,094,308", "Gross Profit": "843,476", "Operating Expense": "343,025", "Operating Income": "500,451", "Net Non Operating Interest Income Expense": "-149,001", "Other Income Expense": "-19,223", "Pretax Income": "332,227", "Tax Provision": "85,423", "Net Income Common Stockholders": "247,945", "Diluted NI Available to Com Stockholders": "247,945", "Basic EPS": "1.00", "Diluted EPS": "1.00", "Basic Average Shares": "248,945", "Diluted Average Shares": "249,149", "Total Operating Income as Reported": "495,686", "Total Expenses": "10,437,333", "Net Income from Continuing & Discontinued Operation": "247,945", "Normalized Income": "264,235", "Interest Income": "13,811", "Interest Expense": "162,812", "Net Interest Income": "-149,001", "EBIT": "495,039", "EBITDA": "-", "Reconciled Cost of Revenue": "10,094,308", "Reconciled Depreciation": "279,657", "Net Income from Continuing Operation Net Minority Interest": "247,945", "Total Unusual Items Excluding Goodwill": "-21,925", "Total Unusual Items": "-21,925", "Normalized EBITDA": "796,621", "Tax Rate for Calcs": "0", "Tax Effect of Unusual Items": "-5,635"}}, "bs": {"12/31/2020": {"Duration": "12/31/2020", "Total Assets": "7,474,497", "Total Liabilities Net Minority Interest": "4,899,150", "Total Equity Gross Minority Interest": "2,575,347", "Total Capitalization": "4,819,307", "Common Stock Equity": "2,563,761", "Capital Lease Obligations": "289,024", "Net Tangible Assets": "968,603", "Working Capital": "965,131", "Invested Capital": "4,951,197", "Tangible Book Value": "968,603", "Total Debt": "2,676,460", "Net Debt": "1,839,812", "Share Issued": "261,185", "Ordinary Shares Number": "243,512", "Treasury Shares Number": "17,673"}, "12/31/2019": {"Duration": "12/31/2019", "Total Assets": "7,102,364", "Total Liabilities Net Minority Interest": "4,566,304", "Total Equity Gross Minority Interest": "2,536,060", "Total Capitalization": "4,801,692", "Common Stock Equity": "2,525,663", "Capital Lease Obligations": "301,621", "Net Tangible Assets": "955,860", "Working Capital": "950,081", "Invested Capital": "4,926,351", "Tangible Book Value": "955,860", "Total Debt": "2,702,309", "Net Debt": "2,140,120", "Share Issued": "261,119", "Ordinary Shares Number": "249,572", "Treasury Shares Number": "11,547"}, "12/31/2018": {"Duration": "12/31/2018", "Total Assets": "5,931,202", "Total Liabilities Net Minority Interest": "3,911,617", "Total Equity Gross Minority Interest": "2,019,585", "Total Capitalization": "4,304,990", "Common Stock Equity": "2,009,800", "Capital Lease Obligations": "-", "Net Tangible Assets": "495,922", "Working Capital": "938,434", "Invested Capital": "4,404,870", "Tangible Book Value": "495,922", "Total Debt": "2,395,070", "Net Debt": "2,056,684", "Share Issued": "260,396", "Ordinary Shares Number": "248,965", "Treasury Shares Number": "11,431"}}, "cf": {"TTM": {"Duration": "TTM", "Operating Cash Flow": "724,247", "Investing Cash Flow": "-327,002", "Financing Cash Flow": "-136,708", "End Cash Position": "548,406", "Income Tax Paid Supplemental Data": "51,710", "Interest Paid Supplemental Data": "130,641", "Capital Expenditure": "-354,762", "Issuance of Debt": "404,522", "Repayment of Debt": "-430,988", "Repurchase of Capital Stock": "-110,242", "Free Cash Flow": "369,485"}, "12/31/2020": {"Duration": "12/31/2020", "Operating Cash Flow": "724,247", "Investing Cash Flow": "-327,002", "Financing Cash Flow": "-136,708", "End Cash Position": "548,406", "Income Tax Paid Supplemental Data": "51,710", "Interest Paid Supplemental Data": "130,641", "Capital Expenditure": "-354,762", "Issuance of Debt": "404,522", "Repayment of Debt": "-430,988", "Repurchase of Capital Stock": "-110,242", "Free Cash Flow": "369,485"}, "12/31/2019": {"Duration": "12/31/2019", "Operating Cash Flow": "666,521", "Investing Cash Flow": "-717,061", "Financing Cash Flow": "-34,526", "End Cash Position": "280,577", "Income Tax Paid Supplemental Data": "125,856", "Interest Paid Supplemental Data": "130,882", "Capital Expenditure": "-348,120", "Issuance of Debt": "259,466", "Repayment of Debt": "-289,917", "Repurchase of Capital Stock": "-2,898", "Free Cash Flow": "318,401"}, "12/31/2018": {"Duration": "12/31/2018", "Operating Cash Flow": "491,650", "Investing Cash Flow": "-338,891", "Financing Cash Flow": "-384,246", "End Cash Position": "361,578", "Income Tax Paid Supplemental Data": "253,932", "Interest Paid Supplemental Data": "154,627", "Capital Expenditure": "-348,666", "Issuance of Debt": "748,382", "Repayment of Debt": "-1,117,009", "Repurchase of Capital Stock": "-236", "Free Cash Flow": "142,984"}}}}, {"LANC": {"quote": {"03/23/2021": {"value": "180.67", "Market Cap": "4.977B", "Beta (5Y Monthly)": "0.20", "PE Ratio (TTM)": "37.10", "EPS (TTM)": "4.87", "Earnings Date": "May 03, 2021 - May 07, 2021", "Forward Dividend & Yield": "3.00 (1.62%)", "Ex-Dividend Date": "Mar 08, 2021", "1y Target Est": "209.00"}}, "fin": {"TTM": {"Duration": "TTM", "Total Revenue": "1,366,469", "Cost of Revenue": "1,000,931", "Gross Profit": "365,538", "Operating Expense": "192,188", "Operating Income": "173,350", "Other Income Expense": "5,164", "Pretax Income": "178,514", "Tax Provision": "43,991", "Net Income Common Stockholders": "134,205", "Diluted NI Available to Com Stockholders": "134,205", "Basic EPS": "-", "Diluted EPS": "-", "Basic Average Shares": "-", "Diluted Average Shares": "-", "Total Operating Income as Reported": "177,712", "Total Expenses": "1,193,119", "Net Income from Continuing & Discontinued Operation": "134,523", "Normalized Income": "131,236", "EBIT": "173,350", "EBITDA": "214,599", "Reconciled Cost of Revenue": "1,000,931", "Reconciled Depreciation": "41,249", "Net Income from Continuing Operation Net Minority Interest": "134,523", "Total Unusual Items Excluding Goodwill": "4,362", "Total Unusual Items": "4,362", "Normalized EBITDA": "210,237", "Tax Rate for Calcs": "0", "Tax Effect of Unusual Items": "1,075"}, "6/30/2020": {"Duration": "6/30/2020", "Total Revenue": "1,334,388", "Cost of Revenue": "976,352", "Gross Profit": "358,036", "Operating Expense": "180,945", "Operating Income": "177,091", "Other Income Expense": "1,986", "Pretax Income": "179,077", "Tax Provision": "42,094", "Net Income Common Stockholders": "136,705", "Diluted NI Available to Com Stockholders": "136,705", "Basic EPS": "4.98", "Diluted EPS": "4.97", "Basic Average Shares": "27,448", "Diluted Average Shares": "27,496", "Total Operating Income as Reported": "175,948", "Total Expenses": "1,157,297", "Net Income from Continuing & Discontinued Operation": "136,983", "Normalized Income": "137,857", "EBIT": "177,091", "EBITDA": "-", "Reconciled Cost of Revenue": "976,352", "Reconciled Depreciation": "37,963", "Net Income from Continuing Operation Net Minority Interest": "136,983", "Total Unusual Items Excluding Goodwill": "-1,143", "Total Unusual Items": "-1,143", "Normalized EBITDA": "216,197", "Tax Rate for Calcs": "0", "Tax Effect of Unusual Items": "-268.605"}, "6/30/2019": {"Duration": "6/30/2019", "Total Revenue": "1,307,787", "Cost of Revenue": "981,589", "Gross Profit": "326,198", "Operating Expense": "149,811", "Operating Income": "176,387", "Other Income Expense": "19,155", "Pretax Income": "195,542", "Tax Provision": "44,993", "Net Income Common Stockholders": "150,290", "Diluted NI Available to Com Stockholders": "150,290", "Basic EPS": "5.48", "Diluted EPS": "5.46", "Basic Average Shares": "27,438", "Diluted Average Shares": "27,537", "Total Operating Income as Reported": "190,924", "Total Expenses": "1,131,400", "Net Income from Continuing & Discontinued Operation": "150,549", "Normalized Income": "139,356", "EBIT": "176,387", "EBITDA": "-", "Reconciled Cost of Revenue": "981,589", "Reconciled Depreciation": "31,848", "Net Income from Continuing Operation Net Minority Interest": "150,549", "Total Unusual Items Excluding Goodwill": "14,537", "Total Unusual Items": "14,537", "Normalized EBITDA": "193,698", "Tax Rate for Calcs": "0", "Tax Effect of Unusual Items": "3,344"}, "6/30/2018": {"Duration": "6/30/2018", "Total Revenue": "1,222,925", "Cost of Revenue": "919,412", "Gross Profit": "303,513", "Operating Expense": "131,406", "Operating Income": "172,107", "Other Income Expense": "2,096", "Pretax Income": "174,203", "Tax Provision": "38,889", "Net Income Common Stockholders": "135,043", "Diluted NI Available to Com Stockholders": "135,043", "Basic EPS": "4.93", "Diluted EPS": "4.92", "Basic Average Shares": "27,403", "Diluted Average Shares": "27,459", "Total Operating Income as Reported": "172,107", "Total Expenses": "1,050,818", "Net Income from Continuing & Discontinued Operation": "135,314", "Normalized Income": "135,314", "EBIT": "172,107", "EBITDA": "-", "Reconciled Cost of Revenue": "919,412", "Reconciled Depreciation": "26,896", "Net Income from Continuing Operation Net Minority Interest": "135,314", "Total Unusual Items Excluding Goodwill": "-", "Total Unusual Items": "-", "Normalized EBITDA": "199,003", "Tax Rate for Calcs": "0", "Tax Effect of Unusual Items": "0"}}, "bs": {"6/30/2020": {"Duration": "6/30/2020", "Total Assets": "993,353", "Total Liabilities Net Minority Interest": "210,053", "Total Equity Gross Minority Interest": "783,300", "Total Capitalization": "783,300", "Common Stock Equity": "783,300", "Capital Lease Obligations": "24,659", "Net Tangible Assets": "509,713", "Working Capital": "259,353", "Invested Capital": "783,300", "Tangible Book Value": "509,713", "Total Debt": "24,659", "Share Issued": "27,524", "Ordinary Shares Number": "27,524"}, "6/30/2019": {"Duration": "6/30/2019", "Total Assets": "905,399", "Total Liabilities Net Minority Interest": "178,526", "Total Equity Gross Minority Interest": "726,873", "Total Capitalization": "726,873", "Common Stock Equity": "726,873", "Capital Lease Obligations": "-", "Net Tangible Assets": "448,225", "Working Capital": "248,863", "Invested Capital": "726,873", "Tangible Book Value": "448,225", "Total Debt": "-", "Share Issued": "27,491", "Ordinary Shares Number": "27,491"}, "6/30/2018": {"Duration": "6/30/2018", "Total Assets": "804,491", "Total Liabilities Net Minority Interest": "152,209", "Total Equity Gross Minority Interest": "652,282", "Total Capitalization": "652,282", "Common Stock Equity": "652,282", "Capital Lease Obligations": "-", "Net Tangible Assets": "428,076", "Working Capital": "285,110", "Invested Capital": "652,282", "Tangible Book Value": "428,076", "Total Debt": "-", "Share Issued": "27,488", "Ordinary Shares Number": "27,488"}}, "cf": {"TTM": {"Duration": "TTM", "Operating Cash Flow": "156,246", "Investing Cash Flow": "-55,261", "Financing Cash Flow": "-86,830", "End Cash Position": "216,381", "Capital Expenditure": "-54,496", "Repurchase of Capital Stock": "-4,006", "Free Cash Flow": "101,750"}, "6/30/2020": {"Duration": "6/30/2020", "Operating Cash Flow": "170,769", "Investing Cash Flow": "-83,265", "Financing Cash Flow": "-85,519", "End Cash Position": "198,273", "Capital Expenditure": "-82,642", "Repurchase of Capital Stock": "-5,459", "Free Cash Flow": "88,127"}, "6/30/2019": {"Duration": "6/30/2019", "Operating Cash Flow": "197,598", "Investing Cash Flow": "-126,861", "Financing Cash Flow": "-80,201", "End Cash Position": "196,288", "Capital Expenditure": "-70,880", "Repurchase of Capital Stock": "-7,411", "Free Cash Flow": "126,718"}, "6/30/2018": {"Duration": "6/30/2018", "Operating Cash Flow": "160,714", "Investing Cash Flow": "-31,452", "Financing Cash Flow": "-66,614", "End Cash Position": "205,752", "Capital Expenditure": "-31,025", "Repurchase of Capital Stock": "-1,102", "Free Cash Flow": "129,689"}}}}, {"CENT": {"quote": {"03/23/2021": {"value": "51.87", "Market Cap": "2.656B", "Beta (5Y Monthly)": "0.63", "PE Ratio (TTM)": "21.78", "EPS (TTM)": "2.38", "Earnings Date": "May 04, 2021 - May 10, 2021", "Forward Dividend & Yield": "N/A (N/A)", "Ex-Dividend Date": "N/A", "1y Target Est": "40.75"}}, "fin": {"TTM": {"Duration": "TTM", "Total Revenue": "2,804,911", "Cost of Revenue": "1,974,200", "Gross Profit": "830,711", "Operating Expense": "607,759", "Operating Income": "222,952", "Net Non Operating Interest Income Expense": "-52,121", "Other Income Expense": "-3,803", "Pretax Income": "167,028", "Tax Provision": "35,327", "Net Income Common Stockholders": "130,706", "Diluted NI Available to Com Stockholders": "130,706", "Basic EPS": "-", "Diluted EPS": "-", "Basic Average Shares": "-", "Diluted Average Shares": "-", "Total Operating Income as Reported": "222,952", "Total Expenses": "2,581,959", "Net Income from Continuing & Discontinued Operation": "130,706", "Normalized Income": "130,706", "Interest Income": "2,229", "Interest Expense": "54,350", "Net Interest Income": "-52,121", "EBIT": "221,378", "EBITDA": "276,512", "Reconciled Cost of Revenue": "1,974,200", "Reconciled Depreciation": "55,134", "Net Income from Continuing Operation Net Minority Interest": "130,706", "Total Unusual Items Excluding Goodwill": "-", "Total Unusual Items": "-", "Normalized EBITDA": "276,512", "Tax Rate for Calcs": "0", "Tax Effect of Unusual Items": "0"}, "9/30/2020": {"Duration": "9/30/2020", "Total Revenue": "2,695,509", "Cost of Revenue": "1,898,951", "Gross Profit": "796,558", "Operating Expense": "598,581", "Operating Income": "197,977", "Net Non Operating Interest Income Expense": "-39,989", "Other Income Expense": "-4,250", "Pretax Income": "153,738", "Tax Provision": "32,218", "Net Income Common Stockholders": "120,676", "Diluted NI Available to Com Stockholders": "120,676", "Basic EPS": "2.23", "Diluted EPS": "2.20", "Basic Average Shares": "54,008", "Diluted Average Shares": "54,738", "Total Operating Income as Reported": "197,977", "Total Expenses": "2,497,532", "Net Income from Continuing & Discontinued Operation": "120,676", "Normalized Income": "120,676", "Interest Income": "4,027", "Interest Expense": "44,016", "Net Interest Income": "-39,989", "EBIT": "197,754", "EBITDA": "-", "Reconciled Cost of Revenue": "1,898,951", "Reconciled Depreciation": "55,359", "Net Income from Continuing Operation Net Minority Interest": "120,676", "Total Unusual Items Excluding Goodwill": "-", "Total Unusual Items": "-", "Normalized EBITDA": "253,113", "Tax Rate for Calcs": "0", "Tax Effect of Unusual Items": "0"}, "9/30/2019": {"Duration": "9/30/2019", "Total Revenue": "2,383,010", "Cost of Revenue": "1,678,969", "Gross Profit": "704,041", "Operating Expense": "551,973", "Operating Income": "152,068", "Net Non Operating Interest Income Expense": "-33,060", "Other Income Expense": "243", "Pretax Income": "119,251", "Tax Provision": "26,604", "Net Income Common Stockholders": "92,786", "Diluted NI Available to Com Stockholders": "92,786", "Basic EPS": "1.63", "Diluted EPS": "1.61", "Basic Average Shares": "56,770", "Diluted Average Shares": "57,611", "Total Operating Income as Reported": "152,068", "Total Expenses": "2,230,942", "Net Income from Continuing & Discontinued Operation": "92,786", "Normalized Income": "92,786", "Interest Income": "9,554", "Interest Expense": "42,614", "Net Interest Income": "-33,060", "EBIT": "161,865", "EBITDA": "-", "Reconciled Cost of Revenue": "1,678,969", "Reconciled Depreciation": "50,828", "Net Income from Continuing Operation Net Minority Interest": "92,786", "Total Unusual Items Excluding Goodwill": "-", "Total Unusual Items": "-", "Normalized EBITDA": "212,693", "Tax Rate for Calcs": "0", "Tax Effect of Unusual Items": "0"}, "9/30/2018": {"Duration": "9/30/2018", "Total Revenue": "2,215,362", "Cost of Revenue": "1,539,986", "Gross Profit": "675,376", "Operating Expense": "508,040", "Operating Income": "167,336", "Net Non Operating Interest Income Expense": "-36,051", "Other Income Expense": "-3,860", "Pretax Income": "127,425", "Tax Provision": "3,305", "Net Income Common Stockholders": "123,594", "Diluted NI Available to Com Stockholders": "123,594", "Basic EPS": "2.39", "Diluted EPS": "2.32", "Basic Average Shares": "51,716", "Diluted Average Shares": "53,341", "Total Operating Income as Reported": "167,336", "Total Expenses": "2,048,026", "Net Income from Continuing & Discontinued Operation": "123,594", "Normalized Income": "123,594", "Interest Income": "3,145", "Interest Expense": "39,196", "Net Interest Income": "-36,051", "EBIT": "166,621", "EBITDA": "-", "Reconciled Cost of Revenue": "1,539,986", "Reconciled Depreciation": "47,199", "Net Income from Continuing Operation Net Minority Interest": "123,594", "Total Unusual Items Excluding Goodwill": "0", "Total Unusual Items": "0", "Normalized EBITDA": "213,820", "Tax Rate for Calcs": "0", "Tax Effect of Unusual Items": "0"}}, "bs": {"9/30/2020": {"Duration": "9/30/2020", "Total Assets": "2,339,364", "Total Liabilities Net Minority Interest": "1,261,690", "Total Equity Gross Minority Interest": "1,077,674", "Total Capitalization": "1,770,759", "Common Stock Equity": "1,076,803", "Capital Lease Obligations": "120,011", "Net Tangible Assets": "651,948", "Working Capital": "1,085,021", "Invested Capital": "1,770,856", "Tangible Book Value": "651,948", "Total Debt": "814,064", "Net Debt": "41,341", "Share Issued": "54,805", "Ordinary Shares Number": "54,805"}, "9/30/2019": {"Duration": "9/30/2019", "Total Assets": "2,025,020", "Total Liabilities Net Minority Interest": "1,028,843", "Total Equity Gross Minority Interest": "996,177", "Total Capitalization": "1,689,044", "Common Stock Equity": "996,007", "Capital Lease Obligations": "-", "Net Tangible Assets": "563,830", "Working Capital": "1,028,668", "Invested Capital": "1,689,157", "Tangible Book Value": "563,830", "Total Debt": "693,150", "Net Debt": "195,401", "Share Issued": "56,165", "Ordinary Shares Number": "56,165"}, "9/30/2018": {"Duration": "9/30/2018", "Total Assets": "1,907,209", "Total Liabilities Net Minority Interest": "954,375", "Total Equity Gross Minority Interest": "952,834", "Total Capitalization": "1,644,480", "Common Stock Equity": "952,449", "Capital Lease Obligations": "-", "Net Tangible Assets": "518,972", "Working Capital": "1,004,334", "Invested Capital": "1,644,602", "Tangible Book Value": "518,972", "Total Debt": "692,153", "Net Debt": "210,047", "Share Issued": "57,751", "Ordinary Shares Number": "57,751"}}, "cf": {"TTM": {"Duration": "TTM", "Operating Cash Flow": "246,180", "Investing Cash Flow": "-131,101", "Financing Cash Flow": "47,833", "End Cash Position": "621,715", "Income Tax Paid Supplemental Data": "-", "Interest Paid Supplemental Data": "44,128", "Capital Expenditure": "-47,839", "Issuance of Capital Stock": "-", "Issuance of Debt": "700,000", "Repayment of Debt": "-600,106", "Repurchase of Capital Stock": "-36,946", "Free Cash Flow": "198,341"}, "9/30/2020": {"Duration": "9/30/2020", "Operating Cash Flow": "264,273", "Investing Cash Flow": "-48,106", "Financing Cash Flow": "-60,560", "End Cash Position": "666,397", "Income Tax Paid Supplemental Data": "25,537", "Interest Paid Supplemental Data": "43,892", "Capital Expenditure": "-43,055", "Issuance of Capital Stock": "0", "Issuance of Debt": "200,000", "Repayment of Debt": "-200,113", "Repurchase of Capital Stock": "-59,129", "Free Cash Flow": "221,218"}, "9/30/2019": {"Duration": "9/30/2019", "Operating Cash Flow": "204,974", "Investing Cash Flow": "-76,263", "Financing Cash Flow": "-110,765", "End Cash Position": "510,701", "Income Tax Paid Supplemental Data": "14,958", "Interest Paid Supplemental Data": "42,702", "Capital Expenditure": "-31,577", "Issuance of Capital Stock": "0", "Issuance of Debt": "0", "Repayment of Debt": "-46,193", "Repurchase of Capital Stock": "-62,974", "Free Cash Flow": "173,397"}, "9/30/2018": {"Duration": "9/30/2018", "Operating Cash Flow": "114,112", "Investing Cash Flow": "-139,136", "Financing Cash Flow": "474,783", "End Cash Position": "482,106", "Income Tax Paid Supplemental Data": "19,508", "Interest Paid Supplemental Data": "36,664", "Capital Expenditure": "-37,845", "Issuance of Capital Stock": "195,631", "Issuance of Debt": "323,000", "Repayment of Debt": "-23,431", "Repurchase of Capital Stock": "-13,797", "Free Cash Flow": "76,267"}}}}, {"PF": {"quote": {"03/23/2021": {"value": "", "Net Assets": "N/A", "Beta (5Y Monthly)": "N/A", "Yield": "N/A", "5y Average Return": "N/A", "Holdings Turnover": "N/A", "Last Dividend": "N/A", "Average for Category": "N/A", "Inception Date": "N/A"}}, "fin": {}, "bs": {}, "cf": {}}}, {"FRPT": {"quote": {"03/23/2021": {"value": "150.18", "Market Cap": "6.479B", "Beta (5Y Monthly)": "0.70", "PE Ratio (TTM)": "N/A", "EPS (TTM)": "-0.08", "Earnings Date": "Feb 22, 2021", "Forward Dividend & Yield": "N/A (N/A)", "Ex-Dividend Date": "N/A", "1y Target Est": "166.54"}}, "fin": {"TTM": {"Duration": "TTM", "Total Revenue": "318,790", "Cost of Revenue": "185,880", "Gross Profit": "132,910", "Operating Expense": "134,908", "Operating Income": "-1,998", "Net Non Operating Interest Income Expense": "-1,212", "Other Income Expense": "87", "Pretax Income": "-3,123", "Tax Provision": "65", "Net Income Common Stockholders": "-3,188", "Diluted NI Available to Com Stockholders": "-3,188", "Basic EPS": "-", "Diluted EPS": "-", "Basic Average Shares": "-", "Diluted Average Shares": "-", "Total Operating Income as Reported": "-1,998", "Total Expenses": "320,788", "Net Income from Continuing & Discontinued Operation": "-3,188", "Normalized Income": "-3,188", "Interest Expense": "1,212", "Net Interest Income": "-1,212", "EBIT": "-1,911", "EBITDA": "19,214", "Reconciled Cost of Revenue": "185,880", "Reconciled Depreciation": "21,125", "Net Income from Continuing Operation Net Minority Interest": "-3,188", "Normalized EBITDA": "19,214", "Tax Rate for Calcs": "0", "Tax Effect of Unusual Items": "0"}, "12/31/2020": {"Duration": "12/31/2020", "Total Revenue": "318,790", "Cost of Revenue": "185,880", "Gross Profit": "132,910", "Operating Expense": "134,908", "Operating Income": "-1,998", "Net Non Operating Interest Income Expense": "-1,212", "Other Income Expense": "87", "Pretax Income": "-3,123", "Tax Provision": "65", "Net Income Common Stockholders": "-3,188", "Diluted NI Available to Com Stockholders": "-3,188", "Basic EPS": "-", "Diluted EPS": "-", "Basic Average Shares": "-", "Diluted Average Shares": "-", "Total Operating Income as Reported": "-1,998", "Total Expenses": "320,788", "Net Income from Continuing & Discontinued Operation": "-3,188", "Normalized Income": "-3,188", "Interest Expense": "1,212", "Net Interest Income": "-1,212", "EBIT": "-1,911", "EBITDA": "-", "Reconciled Cost of Revenue": "185,880", "Reconciled Depreciation": "21,125", "Net Income from Continuing Operation Net Minority Interest": "-3,188", "Normalized EBITDA": "19,214", "Tax Rate for Calcs": "0", "Tax Effect of Unusual Items": "0"}, "12/31/2019": {"Duration": "12/31/2019", "Total Revenue": "245,862", "Cost of Revenue": "131,665", "Gross Profit": "114,197", "Operating Expense": "114,450", "Operating Income": "-252.922", "Net Non Operating Interest Income Expense": "-990.741", "Other Income Expense": "5.079", "Pretax Income": "-1,239", "Tax Provision": "144.151", "Net Income Common Stockholders": "-1,383", "Diluted NI Available to Com Stockholders": "-1,383", "Basic EPS": "-0.04", "Diluted EPS": "-0.04", "Basic Average Shares": "35,950", "Diluted Average Shares": "35,950", "Total Operating Income as Reported": "-252.922", "Total Expenses": "246,115", "Net Income from Continuing & Discontinued Operation": "-1,383", "Normalized Income": "-1,383", "Interest Expense": "990.741", "Net Interest Income": "-990.741", "EBIT": "-247.843", "EBITDA": "-", "Reconciled Cost of Revenue": "131,665", "Reconciled Depreciation": "15,922", "Net Income from Continuing Operation Net Minority Interest": "-1,383", "Normalized EBITDA": "15,674", "Tax Rate for Calcs": "0", "Tax Effect of Unusual Items": "0"}, "12/31/2018": {"Duration": "12/31/2018", "Total Revenue": "193,237", "Cost of Revenue": "103,247", "Gross Profit": "89,990", "Operating Expense": "94,876", "Operating Income": "-4,886", "Net Non Operating Interest Income Expense": "-296.234", "Other Income Expense": "-102.337", "Pretax Income": "-5,284", "Tax Provision": "77.096", "Net Income Common Stockholders": "-5,361", "Diluted NI Available to Com Stockholders": "-5,361", "Basic EPS": "-0.15", "Diluted EPS": "-0.15", "Basic Average Shares": "35,329", "Diluted Average Shares": "35,329", "Total Operating Income as Reported": "-4,886", "Total Expenses": "198,123", "Net Income from Continuing & Discontinued Operation": "-5,361", "Normalized Income": "-5,361", "Interest Expense": "296.234", "Net Interest Income": "-296.234", "EBIT": "-4,988", "EBITDA": "-", "Reconciled Cost of Revenue": "103,247", "Reconciled Depreciation": "14,068", "Net Income from Continuing Operation Net Minority Interest": "-5,361", "Normalized EBITDA": "9,080", "Tax Rate for Calcs": "0", "Tax Effect of Unusual Items": "0"}}, "bs": {"12/31/2020": {"Duration": "12/31/2020", "Total Assets": "434,388", "Total Liabilities Net Minority Interest": "40,219", "Total Equity Gross Minority Interest": "394,169", "Total Capitalization": "394,169", "Common Stock Equity": "394,169", "Capital Lease Obligations": "8,396", "Net Tangible Assets": "394,169", "Working Capital": "75,975", "Invested Capital": "394,169", "Tangible Book Value": "394,169", "Total Debt": "8,396", "Net Debt": "-", "Share Issued": "40,732", "Ordinary Shares Number": "40,718", "Treasury Shares Number": "14.169"}, "12/31/2019": {"Duration": "12/31/2019", "Total Assets": "236,126", "Total Liabilities Net Minority Interest": "104,861", "Total Equity Gross Minority Interest": "131,265", "Total Capitalization": "185,731", "Common Stock Equity": "131,265", "Capital Lease Obligations": "9,594", "Net Tangible Assets": "131,265", "Working Capital": "12,338", "Invested Capital": "185,731", "Tangible Book Value": "131,265", "Total Debt": "64,060", "Net Debt": "44,994", "Share Issued": "36,162", "Ordinary Shares Number": "36,148", "Treasury Shares Number": "14.169"}, "12/31/2018": {"Duration": "12/31/2018", "Total Assets": "139,965", "Total Liabilities Net Minority Interest": "18,490", "Total Equity Gross Minority Interest": "121,474", "Total Capitalization": "121,474", "Common Stock Equity": "121,474", "Capital Lease Obligations": "-", "Net Tangible Assets": "121,474", "Working Capital": "12,741", "Invested Capital": "121,474", "Tangible Book Value": "121,474", "Total Debt": "-", "Net Debt": "-", "Share Issued": "35,557", "Ordinary Shares Number": "35,542", "Treasury Shares Number": "14.169"}}, "cf": {"TTM": {"Duration": "TTM", "Operating Cash Flow": "21,193", "Investing Cash Flow": "-162,462", "Financing Cash Flow": "199,044", "End Cash Position": "67,247", "Income Tax Paid Supplemental Data": "88", "Interest Paid Supplemental Data": "1,061", "Capital Expenditure": "-134,568", "Issuance of Capital Stock": "252,062", "Issuance of Debt": "20,933", "Repayment of Debt": "-76,000", "Repurchase of Capital Stock": "-", "Free Cash Flow": "-113,375"}, "12/31/2020": {"Duration": "12/31/2020", "Operating Cash Flow": "21,193", "Investing Cash Flow": "-162,462", "Financing Cash Flow": "199,044", "End Cash Position": "67,247", "Income Tax Paid Supplemental Data": "88", "Interest Paid Supplemental Data": "1,061", "Capital Expenditure": "-134,568", "Issuance of Capital Stock": "252,062", "Issuance of Debt": "20,933", "Repayment of Debt": "-76,000", "Repurchase of Capital Stock": "-", "Free Cash Flow": "-113,375"}, "12/31/2019": {"Duration": "12/31/2019", "Operating Cash Flow": "16,317", "Investing Cash Flow": "-70,633", "Financing Cash Flow": "56,234", "End Cash Position": "9,472", "Income Tax Paid Supplemental Data": "8.642", "Interest Paid Supplemental Data": "521.688", "Capital Expenditure": "-70,633", "Issuance of Capital Stock": "4,460", "Issuance of Debt": "72,291", "Repayment of Debt": "-18,500", "Repurchase of Capital Stock": "-", "Free Cash Flow": "-54,316"}, "12/31/2018": {"Duration": "12/31/2018", "Operating Cash Flow": "18,575", "Investing Cash Flow": "-16,274", "Financing Cash Flow": "3,069", "End Cash Position": "7,554", "Income Tax Paid Supplemental Data": "69.273", "Interest Paid Supplemental Data": "184.419", "Capital Expenditure": "-16,274", "Issuance of Capital Stock": "-", "Issuance of Debt": "6,000", "Repayment of Debt": "-6,000", "Repurchase of Capital Stock": "-256.226", "Free Cash Flow": "2,301"}}}}, {"SAFM": {"quote": {"03/23/2021": {"value": "154.94", "Market Cap": "3.46B", "Beta (5Y Monthly)": "0.63", "PE Ratio (TTM)": "44.94", "EPS (TTM)": "3.45", "Earnings Date": "May 26, 2021 - May 31, 2021", "Forward Dividend & Yield": "1.76 (1.10%)", "Ex-Dividend Date": "Feb 01, 2021", "1y Target Est": "164.33"}}, "fin": {"TTM": {"Duration": "TTM", "Total Revenue": "3,650,495", "Cost of Revenue": "3,385,909", "Gross Profit": "264,586", "Operating Expense": "193,996", "Operating Income": "70,590", "Net Non Operating Interest Income Expense": "-4,175", "Other Income Expense": "-18,859", "Pretax Income": "47,556", "Tax Provision": "-28,772", "Net Income Common Stockholders": "75,823", "Diluted NI Available to Com Stockholders": "75,823", "Basic EPS": "-", "Diluted EPS": "-", "Basic Average Shares": "-", "Diluted Average Shares": "-", "Total Operating Income as Reported": "51,722", "Total Expenses": "3,579,905", "Net Income from Continuing & Discontinued Operation": "76,328", "Normalized Income": "87,649", "Interest Income": "-", "Interest Expense": "4,657", "Net Interest Income": "-4,175", "EBIT": "52,213", "EBITDA": "212,836", "Reconciled Cost of Revenue": "3,385,909", "Reconciled Depreciation": "160,623", "Net Income from Continuing Operation Net Minority Interest": "76,328", "Total Unusual Items Excluding Goodwill": "-18,868", "Total Unusual Items": "-18,868", "Normalized EBITDA": "231,704", "Tax Rate for Calcs": "0", "Tax Effect of Unusual Items": "-7,547"}, "10/31/2020": {"Duration": "10/31/2020", "Total Revenue": "3,564,267", "Cost of Revenue": "3,370,111", "Gross Profit": "194,156", "Operating Expense": "193,044", "Operating Income": "1,112", "Net Non Operating Interest Income Expense": "-4,725", "Other Income Expense": "-12,698", "Pretax Income": "-16,311", "Tax Provision": "-44,585", "Net Income Common Stockholders": "27,902", "Diluted NI Available to Com Stockholders": "27,902", "Basic EPS": "1.27", "Diluted EPS": "1.27", "Basic Average Shares": "22,263", "Diluted Average Shares": "22,263", "Total Operating Income as Reported": "-11,594", "Total Expenses": "3,563,155", "Net Income from Continuing & Discontinued Operation": "28,274", "Normalized Income": "37,549", "Interest Income": "482", "Interest Expense": "5,207", "Net Interest Income": "-4,725", "EBIT": "-11,104", "EBITDA": "-", "Reconciled Cost of Revenue": "3,370,111", "Reconciled Depreciation": "156,754", "Net Income from Continuing Operation Net Minority Interest": "28,274", "Total Unusual Items Excluding Goodwill": "-12,706", "Total Unusual Items": "-12,706", "Normalized EBITDA": "158,356", "Tax Rate for Calcs": "0", "Tax Effect of Unusual Items": "-3,431"}, "10/31/2019": {"Duration": "10/31/2019", "Total Revenue": "3,440,258", "Cost of Revenue": "3,161,123", "Gross Profit": "279,135", "Operating Expense": "211,141", "Operating Income": "67,994", "Net Non Operating Interest Income Expense": "-4,156", "Other Income Expense": "9", "Pretax Income": "63,847", "Tax Provision": "10,553", "Net Income Common Stockholders": "52,516", "Diluted NI Available to Com Stockholders": "52,516", "Basic EPS": "2.41", "Diluted EPS": "2.41", "Basic Average Shares": "22,114", "Diluted Average Shares": "22,114", "Total Operating Income as Reported": "67,994", "Total Expenses": "3,372,264", "Net Income from Continuing & Discontinued Operation": "53,294", "Normalized Income": "53,294", "Interest Income": "0", "Interest Expense": "4,156", "Net Interest Income": "-4,156", "EBIT": "68,003", "EBITDA": "-", "Reconciled Cost of Revenue": "3,032,770", "Reconciled Depreciation": "135,420", "Net Income from Continuing Operation Net Minority Interest": "53,294", "Total Unusual Items Excluding Goodwill": "-8,817", "Total Unusual Items": "-8,817", "Normalized EBITDA": "203,423", "Tax Rate for Calcs": "0", "Tax Effect of Unusual Items": "0"}, "10/31/2018": {"Duration": "10/31/2018", "Total Revenue": "3,236,004", "Cost of Revenue": "2,984,339", "Gross Profit": "251,665", "Operating Expense": "221,965", "Operating Income": "29,700", "Net Non Operating Interest Income Expense": "845", "Other Income Expense": "12", "Pretax Income": "30,557", "Tax Provision": "-30,874", "Net Income Common Stockholders": "60,553", "Diluted NI Available to Com Stockholders": "60,553", "Basic EPS": "2.70", "Diluted EPS": "2.70", "Basic Average Shares": "22,752", "Diluted Average Shares": "22,752", "Total Operating Income as Reported": "29,700", "Total Expenses": "3,206,304", "Net Income from Continuing & Discontinued Operation": "61,431", "Normalized Income": "61,431", "Interest Income": "2,911", "Interest Expense": "2,066", "Net Interest Income": "845", "EBIT": "32,623", "EBITDA": "-", "Reconciled Cost of Revenue": "2,879,244", "Reconciled Depreciation": "110,896", "Net Income from Continuing Operation Net Minority Interest": "61,431", "Total Unusual Items Excluding Goodwill": "-", "Total Unusual Items": "-", "Normalized EBITDA": "143,519", "Tax Rate for Calcs": "0", "Tax Effect of Unusual Items": "0"}}, "bs": {"10/31/2020": {"Duration": "10/31/2020", "Total Assets": "1,849,031", "Total Liabilities Net Minority Interest": "429,758", "Total Equity Gross Minority Interest": "1,419,273", "Total Capitalization": "1,444,273", "Common Stock Equity": "1,419,273", "Capital Lease Obligations": "40,785", "Net Tangible Assets": "1,419,273", "Working Capital": "354,028", "Invested Capital": "1,444,273", "Tangible Book Value": "1,419,273", "Total Debt": "65,785", "Share Issued": "22,251", "Ordinary Shares Number": "22,251"}, "10/31/2019": {"Duration": "10/31/2019", "Total Assets": "1,774,134", "Total Liabilities Net Minority Interest": "356,459", "Total Equity Gross Minority Interest": "1,417,675", "Total Capitalization": "1,472,675", "Common Stock Equity": "1,417,675", "Capital Lease Obligations": "-", "Net Tangible Assets": "1,417,675", "Working Capital": "365,430", "Invested Capital": "1,472,675", "Tangible Book Value": "1,417,675", "Total Debt": "55,000", "Share Issued": "22,204", "Ordinary Shares Number": "22,204"}, "10/31/2018": {"Duration": "10/31/2018", "Total Assets": "1,659,440", "Total Liabilities Net Minority Interest": "271,547", "Total Equity Gross Minority Interest": "1,387,893", "Total Capitalization": "1,387,893", "Common Stock Equity": "1,387,893", "Capital Lease Obligations": "-", "Net Tangible Assets": "1,387,893", "Working Capital": "367,600", "Invested Capital": "1,387,893", "Tangible Book Value": "1,387,893", "Total Debt": "-", "Share Issued": "22,100", "Ordinary Shares Number": "22,100"}}, "cf": {"TTM": {"Duration": "TTM", "Operating Cash Flow": "297,301", "Investing Cash Flow": "-167,570", "Financing Cash Flow": "-143,057", "End Cash Position": "50,090", "Income Tax Paid Supplemental Data": "-", "Interest Paid Supplemental Data": "-", "Capital Expenditure": "-168,051", "Issuance of Debt": "65,000", "Repayment of Debt": "-", "Repurchase of Capital Stock": "-", "Free Cash Flow": "129,250"}, "10/31/2020": {"Duration": "10/31/2020", "Operating Cash Flow": "222,009", "Investing Cash Flow": "-201,956", "Financing Cash Flow": "-66,409", "End Cash Position": "49,061", "Income Tax Paid Supplemental Data": "1,415", "Interest Paid Supplemental Data": "5,299", "Capital Expenditure": "-202,437", "Issuance of Debt": "145,000", "Repayment of Debt": "-175,000", "Repurchase of Capital Stock": "0", "Free Cash Flow": "19,572"}, "10/31/2019": {"Duration": "10/31/2019", "Operating Cash Flow": "206,800", "Investing Cash Flow": "-248,507", "Financing Cash Flow": "15,931", "End Cash Position": "95,417", "Income Tax Paid Supplemental Data": "3,106", "Interest Paid Supplemental Data": "4,043", "Capital Expenditure": "-249,503", "Issuance of Debt": "125,000", "Repayment of Debt": "-70,000", "Repurchase of Capital Stock": "0", "Free Cash Flow": "-42,703"}, "10/31/2018": {"Duration": "10/31/2018", "Operating Cash Flow": "131,413", "Investing Cash Flow": "-306,674", "Financing Cash Flow": "-122,831", "End Cash Position": "121,193", "Income Tax Paid Supplemental Data": "40,090", "Interest Paid Supplemental Data": "2,054", "Capital Expenditure": "-308,875", "Issuance of Debt": "-", "Repayment of Debt": "0", "Repurchase of Capital Stock": "-83,463", "Free Cash Flow": "-177,462"}}}}, {"LWAY": {"quote": {"03/23/2021": {"value": "6.41", "Market Cap": "100.025M", "Beta (5Y Monthly)": "2.00", "PE Ratio (TTM)": "25.04", "EPS (TTM)": "0.26", "Earnings Date": "Mar 25, 2021", "Forward Dividend & Yield": "N/A (N/A)", "Ex-Dividend Date": "May 29, 2013", "1y Target Est": "N/A"}}, "fin": {"TTM": {"Duration": "TTM", "Total Revenue": "102,026", "Cost of Revenue": "75,093", "Gross Profit": "26,933", "Operating Expense": "22,010", "Operating Income": "4,923", "Net Non Operating Interest Income Expense": "-118", "Other Income Expense": "23", "Pretax Income": "4,828", "Tax Provision": "1,596", "Net Income Common Stockholders": "3,232", "Diluted NI Available to Com Stockholders": "3,232", "Basic EPS": "-", "Diluted EPS": "-", "Basic Average Shares": "-", "Diluted Average Shares": "-", "Total Operating Income as Reported": "4,923", "Total Expenses": "97,103", "Net Income from Continuing & Discontinued Operation": "3,232", "Normalized Income": "3,248", "Interest Expense": "118", "Net Interest Income": "-118", "EBIT": "4,946", "EBITDA": "8,185", "Reconciled Cost of Revenue": "72,006", "Reconciled Depreciation": "3,239", "Net Income from Continuing Operation Net Minority Interest": "3,232", "Total Unusual Items Excluding Goodwill": "-24", "Total Unusual Items": "-24", "Normalized EBITDA": "8,209", "Tax Rate for Calcs": "0", "Tax Effect of Unusual Items": "-7.9337"}, "12/31/2020": {"Duration": "12/31/2020", "Total Revenue": "102,026", "Cost of Revenue": "75,093", "Gross Profit": "26,933", "Operating Expense": "22,010", "Operating Income": "4,923", "Net Non Operating Interest Income Expense": "-118", "Other Income Expense": "23", "Pretax Income": "4,828", "Tax Provision": "1,596", "Net Income Common Stockholders": "3,232", "Diluted NI Available to Com Stockholders": "3,232", "Basic EPS": "-", "Diluted EPS": "-", "Basic Average Shares": "-", "Diluted Average Shares": "-", "Total Operating Income as Reported": "4,923", "Total Expenses": "97,103", "Net Income from Continuing & Discontinued Operation": "3,232", "Normalized Income": "3,248", "Interest Expense": "118", "Net Interest Income": "-118", "EBIT": "4,946", "EBITDA": "-", "Reconciled Cost of Revenue": "72,006", "Reconciled Depreciation": "3,239", "Net Income from Continuing Operation Net Minority Interest": "3,232", "Total Unusual Items Excluding Goodwill": "-24", "Total Unusual Items": "-24", "Normalized EBITDA": "8,209", "Tax Rate for Calcs": "0", "Tax Effect of Unusual Items": "-7.9337"}, "12/31/2019": {"Duration": "12/31/2019", "Total Revenue": "93,662", "Cost of Revenue": "71,513", "Gross Profit": "22,149", "Operating Expense": "24,082", "Operating Income": "-1,933", "Net Non Operating Interest Income Expense": "-249", "Other Income Expense": "3,417", "Pretax Income": "1,235", "Tax Provision": "782", "Net Income Common Stockholders": "453", "Diluted NI Available to Com Stockholders": "453", "Basic EPS": "0.03", "Diluted EPS": "0.03", "Basic Average Shares": "15,748", "Diluted Average Shares": "15,804", "Total Operating Income as Reported": "-1,933", "Total Expenses": "95,595", "Net Income from Continuing & Discontinued Operation": "453", "Normalized Income": "-1,980", "Interest Expense": "249", "Net Interest Income": "-249", "EBIT": "1,484", "EBITDA": "-", "Reconciled Cost of Revenue": "68,367", "Reconciled Depreciation": "3,338", "Net Income from Continuing Operation Net Minority Interest": "453", "Total Unusual Items Excluding Goodwill": "3,333", "Total Unusual Items": "3,333", "Normalized EBITDA": "1,489", "Tax Rate for Calcs": "0", "Tax Effect of Unusual Items": "899.91"}, "12/31/2018": {"Duration": "12/31/2018", "Total Revenue": "103,350", "Cost of Revenue": "77,492", "Gross Profit": "25,858", "Operating Expense": "27,724", "Operating Income": "-1,866", "Net Non Operating Interest Income Expense": "-271", "Other Income Expense": "-1,174", "Pretax Income": "-3,311", "Tax Provision": "-225", "Net Income Common Stockholders": "-3,086", "Diluted NI Available to Com Stockholders": "-3,086", "Basic EPS": "-0.19", "Diluted EPS": "-0.19", "Basic Average Shares": "15,872", "Diluted Average Shares": "16,319", "Total Operating Income as Reported": "-3,110", "Total Expenses": "105,216", "Net Income from Continuing & Discontinued Operation": "-3,086", "Normalized Income": "-1,977", "Interest Expense": "271", "Net Interest Income": "-271", "EBIT": "-3,040", "EBITDA": "-", "Reconciled Cost of Revenue": "74,646", "Reconciled Depreciation": "3,477", "Net Income from Continuing Operation Net Minority Interest": "-3,086", "Total Unusual Items Excluding Goodwill": "-1,190", "Total Unusual Items": "-1,190", "Normalized EBITDA": "1,627", "Tax Rate for Calcs": "0", "Tax Effect of Unusual Items": "-80.8668"}}, "bs": {"12/31/2020": {"Duration": "12/31/2020", "Total Assets": "60,069", "Total Liabilities Net Minority Interest": "13,215", "Total Equity Gross Minority Interest": "46,854", "Total Capitalization": "49,622", "Common Stock Equity": "46,854", "Capital Lease Obligations": "344", "Net Tangible Assets": "34,030", "Working Capital": "15,611", "Invested Capital": "49,622", "Tangible Book Value": "34,030", "Total Debt": "3,112", "Net Debt": "-", "Share Issued": "17,274", "Ordinary Shares Number": "15,604", "Treasury Shares Number": "1,670"}, "12/31/2019": {"Duration": "12/31/2019", "Total Assets": "56,987", "Total Liabilities Net Minority Interest": "13,736", "Total Equity Gross Minority Interest": "43,251", "Total Capitalization": "45,996", "Common Stock Equity": "43,251", "Capital Lease Obligations": "773", "Net Tangible Assets": "30,275", "Working Capital": "9,676", "Invested Capital": "45,996", "Tangible Book Value": "30,275", "Total Debt": "3,518", "Net Debt": "-", "Share Issued": "17,274", "Ordinary Shares Number": "15,710", "Treasury Shares Number": "1,564"}, "12/31/2018": {"Duration": "12/31/2018", "Total Assets": "56,807", "Total Liabilities Net Minority Interest": "14,402", "Total Equity Gross Minority Interest": "42,405", "Total Capitalization": "48,400", "Common Stock Equity": "42,405", "Capital Lease Obligations": "-", "Net Tangible Assets": "29,237", "Working Capital": "11,463", "Invested Capital": "48,400", "Tangible Book Value": "29,237", "Total Debt": "5,995", "Net Debt": "2,997", "Share Issued": "17,274", "Ordinary Shares Number": "15,814", "Treasury Shares Number": "1,460"}}, "cf": {"TTM": {"Duration": "TTM", "Operating Cash Flow": "6,385", "Investing Cash Flow": "-1,890", "Financing Cash Flow": "-405", "End Cash Position": "7,926", "Income Tax Paid Supplemental Data": "-", "Interest Paid Supplemental Data": "99", "Capital Expenditure": "-1,895", "Issuance of Debt": "-", "Repayment of Debt": "0", "Repurchase of Capital Stock": "-405", "Free Cash Flow": "4,490"}, "12/31/2020": {"Duration": "12/31/2020", "Operating Cash Flow": "6,385", "Investing Cash Flow": "-1,890", "Financing Cash Flow": "-405", "End Cash Position": "7,926", "Income Tax Paid Supplemental Data": "-", "Interest Paid Supplemental Data": "99", "Capital Expenditure": "-1,895", "Issuance of Debt": "-", "Repayment of Debt": "0", "Repurchase of Capital Stock": "-405", "Free Cash Flow": "4,490"}, "12/31/2019": {"Duration": "12/31/2019", "Operating Cash Flow": "3,811", "Investing Cash Flow": "838", "Financing Cash Flow": "-3,811", "End Cash Position": "3,836", "Income Tax Paid Supplemental Data": "-", "Interest Paid Supplemental Data": "259", "Capital Expenditure": "-1,178", "Issuance of Debt": "0", "Repayment of Debt": "-3,273", "Repurchase of Capital Stock": "-538", "Free Cash Flow": "2,633"}, "12/31/2018": {"Duration": "12/31/2018", "Operating Cash Flow": "2,417", "Investing Cash Flow": "-2,720", "Financing Cash Flow": "-1,677", "End Cash Position": "2,998", "Income Tax Paid Supplemental Data": "723", "Interest Paid Supplemental Data": "261", "Capital Expenditure": "-2,824", "Issuance of Debt": "6,050", "Repayment of Debt": "-6,279", "Repurchase of Capital Stock": "-1,379", "Free Cash Flow": "-407"}}}}, {"WILC": {"quote": {"03/23/2021": {"value": "23.56", "Market Cap": "326.707M", "Beta (5Y Monthly)": "0.64", "PE Ratio (TTM)": "32.50", "EPS (TTM)": "0.73", "Earnings Date": "Mar 25, 2021", "Forward Dividend & Yield": "N/A (N/A)", "Ex-Dividend Date": "Dec 06, 2016", "1y Target Est": "N/A"}}, "fin": {"TTM": {"Duration": "TTM", "Total Revenue": "454,094", "Cost of Revenue": "308,717", "Gross Profit": "145,377", "Operating Expense": "87,908", "Operating Income": "57,469", "Net Non Operating Interest Income Expense": "3,628", "Other Income Expense": "6,575", "Pretax Income": "67,672", "Tax Provision": "15,463", "Net Income Common Stockholders": "52,209", "Diluted NI Available to Com Stockholders": "52,209", "Basic EPS": "-", "Diluted EPS": "-", "Basic Average Shares": "-", "Diluted Average Shares": "-", "Total Operating Income as Reported": "57,577", "Total Expenses": "396,625", "Net Income from Continuing & Discontinued Operation": "52,209", "Normalized Income": "47,220", "Interest Income": "4,321", "Interest Expense": "-", "Net Interest Income": "3,628", "EBIT": "57,469", "EBITDA": "63,159", "Reconciled Cost of Revenue": "303,907", "Reconciled Depreciation": "5,690", "Net Income from Continuing Operation Net Minority Interest": "52,209", "Total Unusual Items Excluding Goodwill": "6,467", "Total Unusual Items": "6,467", "Normalized EBITDA": "56,692", "Tax Rate for Calcs": "0", "Tax Effect of Unusual Items": "1,478"}, "12/31/2020": {"Duration": "12/31/2020", "Total Revenue": "454,094", "Cost of Revenue": "308,717", "Gross Profit": "145,377", "Operating Expense": "87,908", "Operating Income": "57,469", "Net Non Operating Interest Income Expense": "3,628", "Other Income Expense": "6,575", "Pretax Income": "67,672", "Tax Provision": "15,463", "Net Income Common Stockholders": "52,209", "Diluted NI Available to Com Stockholders": "52,209", "Basic EPS": "3.89", "Diluted EPS": "3.89", "Basic Average Shares": "13,434", "Diluted Average Shares": "13,434", "Total Operating Income as Reported": "57,577", "Total Expenses": "396,625", "Net Income from Continuing & Discontinued Operation": "52,209", "Normalized Income": "47,220", "Interest Income": "4,321", "Interest Expense": "1,253", "Net Interest Income": "3,628", "EBIT": "57,469", "EBITDA": "-", "Reconciled Cost of Revenue": "303,907", "Reconciled Depreciation": "5,690", "Net Income from Continuing Operation Net Minority Interest": "52,209", "Total Unusual Items Excluding Goodwill": "6,467", "Total Unusual Items": "6,467", "Normalized EBITDA": "56,692", "Tax Rate for Calcs": "0", "Tax Effect of Unusual Items": "1,478"}, "12/31/2019": {"Duration": "12/31/2019", "Total Revenue": "395,637", "Cost of Revenue": "271,784", "Gross Profit": "123,853", "Operating Expense": "76,557", "Operating Income": "47,296", "Net Non Operating Interest Income Expense": "4,271", "Other Income Expense": "13,679", "Pretax Income": "65,246", "Tax Provision": "13,735", "Net Income Common Stockholders": "51,511", "Diluted NI Available to Com Stockholders": "51,511", "Basic EPS": "3.90", "Diluted EPS": "3.90", "Basic Average Shares": "13,217", "Diluted Average Shares": "13,217", "Total Operating Income as Reported": "47,296", "Total Expenses": "348,341", "Net Income from Continuing & Discontinued Operation": "51,511", "Normalized Income": "40,712", "Interest Income": "5,166", "Interest Expense": "-", "Net Interest Income": "4,271", "EBIT": "47,296", "EBITDA": "-", "Reconciled Cost of Revenue": "267,589", "Reconciled Depreciation": "4,815", "Net Income from Continuing Operation Net Minority Interest": "51,511", "Total Unusual Items Excluding Goodwill": "13,679", "Total Unusual Items": "13,679", "Normalized EBITDA": "38,432", "Tax Rate for Calcs": "0", "Tax Effect of Unusual Items": "2,880"}, "12/31/2018": {"Duration": "12/31/2018", "Total Revenue": "338,245", "Cost of Revenue": "240,032", "Gross Profit": "98,213", "Operating Expense": "60,509", "Operating Income": "37,704", "Net Non Operating Interest Income Expense": "4,376", "Other Income Expense": "-9,263", "Pretax Income": "32,817", "Tax Provision": "7,850", "Net Income Common Stockholders": "24,967", "Diluted NI Available to Com Stockholders": "24,967", "Basic EPS": "1.89", "Diluted EPS": "1.89", "Basic Average Shares": "13,241", "Diluted Average Shares": "13,241", "Total Operating Income as Reported": "37,773", "Total Expenses": "300,541", "Net Income from Continuing & Discontinued Operation": "24,967", "Normalized Income": "32,014", "Interest Income": "4,987", "Interest Expense": "7,212", "Net Interest Income": "4,376", "EBIT": "37,704", "EBITDA": "-", "Reconciled Cost of Revenue": "236,970", "Reconciled Depreciation": "3,614", "Net Income from Continuing Operation Net Minority Interest": "24,967", "Total Unusual Items Excluding Goodwill": "-9,263", "Total Unusual Items": "-9,263", "Normalized EBITDA": "50,581", "Tax Rate for Calcs": "0", "Tax Effect of Unusual Items": "-2,216"}}, "bs": {"12/31/2020": {"Duration": "12/31/2020", "Total Assets": "629,923", "Total Liabilities Net Minority Interest": "44,180", "Total Equity Gross Minority Interest": "585,743", "Total Capitalization": "585,743", "Common Stock Equity": "585,743", "Capital Lease Obligations": "2,985", "Net Tangible Assets": "585,707", "Working Capital": "536,761", "Invested Capital": "585,743", "Tangible Book Value": "585,707", "Total Debt": "2,985", "Share Issued": "13,867", "Ordinary Shares Number": "13,867"}, "12/31/2019": {"Duration": "12/31/2019", "Total Assets": "537,235", "Total Liabilities Net Minority Interest": "45,879", "Total Equity Gross Minority Interest": "491,356", "Total Capitalization": "491,356", "Common Stock Equity": "491,356", "Capital Lease Obligations": "3,887", "Net Tangible Assets": "491,320", "Working Capital": "452,819", "Invested Capital": "491,356", "Tangible Book Value": "491,320", "Total Debt": "3,887", "Share Issued": "13,217", "Ordinary Shares Number": "13,217"}, "12/31/2018": {"Duration": "12/31/2018", "Total Assets": "466,413", "Total Liabilities Net Minority Interest": "25,534", "Total Equity Gross Minority Interest": "440,879", "Total Capitalization": "440,879", "Common Stock Equity": "440,879", "Capital Lease Obligations": "-", "Net Tangible Assets": "440,843", "Working Capital": "399,405", "Invested Capital": "440,879", "Tangible Book Value": "440,843", "Total Debt": "-", "Share Issued": "13,241", "Ordinary Shares Number": "13,241"}}, "cf": {"TTM": {"Duration": "TTM", "Operating Cash Flow": "64,176", "Investing Cash Flow": "-24,591", "Financing Cash Flow": "40,652", "End Cash Position": "201,822", "Income Tax Paid Supplemental Data": "-", "Capital Expenditure": "-2,903", "Issuance of Capital Stock": "42,471", "Repayment of Debt": "-1,819", "Repurchase of Capital Stock": "0", "Free Cash Flow": "61,273"}, "12/31/2020": {"Duration": "12/31/2020", "Operating Cash Flow": "64,176", "Investing Cash Flow": "-24,591", "Financing Cash Flow": "40,652", "End Cash Position": "201,822", "Income Tax Paid Supplemental Data": "-", "Capital Expenditure": "-2,903", "Issuance of Capital Stock": "42,471", "Repayment of Debt": "-1,819", "Repurchase of Capital Stock": "0", "Free Cash Flow": "61,273"}, "12/31/2019": {"Duration": "12/31/2019", "Operating Cash Flow": "-2,566", "Investing Cash Flow": "-8,105", "Financing Cash Flow": "-1,756", "End Cash Position": "121,860", "Income Tax Paid Supplemental Data": "9,999", "Capital Expenditure": "-1,791", "Issuance of Capital Stock": "-", "Repayment of Debt": "-1,128", "Repurchase of Capital Stock": "-628", "Free Cash Flow": "-4,357"}, "12/31/2018": {"Duration": "12/31/2018", "Operating Cash Flow": "27,041", "Investing Cash Flow": "-5,816", "Financing Cash Flow": "0", "End Cash Position": "134,287", "Income Tax Paid Supplemental Data": "7,711", "Capital Expenditure": "-2,143", "Issuance of Capital Stock": "-", "Repayment of Debt": "-", "Repurchase of Capital Stock": "-", "Free Cash Flow": "24,898"}}}}, {"HOTF": {"quote": {"03/23/2021": {"value": "0.0610", "Market Cap": "2.153M", "Beta (5Y Monthly)": "1.94", "PE Ratio (TTM)": "N/A", "EPS (TTM)": "-0.1130", "Earnings Date": "N/A", "Forward Dividend & Yield": "N/A (N/A)", "Ex-Dividend Date": "N/A", "1y Target Est": "N/A"}}, "fin": {}, "bs": {}, "cf": {}}}, {"POST": {"quote": {"03/23/2021": {"value": "103.45", "Market Cap": "6.659B", "Beta (5Y Monthly)": "0.74", "PE Ratio (TTM)": "N/A", "EPS (TTM)": "-0.26", "Earnings Date": "May 05, 2021 - May 10, 2021", "Forward Dividend & Yield": "N/A (N/A)", "Ex-Dividend Date": "N/A", "1y Target Est": "112.64"}}, "fin": {"TTM": {"Duration": "TTM", "Total Revenue": "5,699,900", "Cost of Revenue": "3,928,600", "Gross Profit": "1,771,300", "Operating Expense": "1,100,500", "Operating Income": "670,800", "Net Non Operating Interest Income Expense": "-382,300", "Other Income Expense": "-247,800", "Pretax Income": "40,700", "Tax Provision": "-3,700", "Earnings from Equity Interest Net of Tax": "-31,500", "Net Income Common Stockholders": "-17,200", "Diluted NI Available to Com Stockholders": "-17,200", "Basic EPS": "-", "Diluted EPS": "-", "Basic Average Shares": "-", "Diluted Average Shares": "-", "Total Operating Income as Reported": "670,800", "Total Expenses": "5,029,100", "Net Income from Continuing & Discontinued Operation": "-17,200", "Normalized Income": "177,637", "Interest Expense": "382,300", "Net Interest Income": "-382,300", "EBIT": "423,000", "EBITDA": "797,100", "Reconciled Cost of Revenue": "3,715,300", "Reconciled Depreciation": "374,100", "Net Income from Continuing Operation Net Minority Interest": "-17,200", "Total Unusual Items Excluding Goodwill": "-266,900", "Total Unusual Items": "-266,900", "Normalized EBITDA": "1,064,000", "Tax Rate for Calcs": "0", "Tax Effect of Unusual Items": "-72,063"}, "9/30/2020": {"Duration": "9/30/2020", "Total Revenue": "5,698,700", "Cost of Revenue": "3,911,300", "Gross Profit": "1,787,400", "Operating Expense": "1,086,900", "Operating Income": "700,500", "Net Non Operating Interest Income Expense": "-388,600", "Other Income Expense": "-248,500", "Pretax Income": "63,400", "Tax Provision": "3,500", "Earnings from Equity Interest Net of Tax": "-30,900", "Net Income Common Stockholders": "800", "Diluted NI Available to Com Stockholders": "800", "Basic EPS": "0.01", "Diluted EPS": "0.01", "Basic Average Shares": "68,900", "Diluted Average Shares": "70,100", "Total Operating Income as Reported": "700,500", "Total Expenses": "4,998,200", "Net Income from Continuing & Discontinued Operation": "800", "Normalized Income": "246,500", "Interest Expense": "388,600", "Net Interest Income": "-388,600", "EBIT": "452,000", "EBITDA": "-", "Reconciled Cost of Revenue": "3,701,300", "Reconciled Depreciation": "370,300", "Net Income from Continuing Operation Net Minority Interest": "800", "Total Unusual Items Excluding Goodwill": "-260,000", "Total Unusual Items": "-260,000", "Normalized EBITDA": "1,082,300", "Tax Rate for Calcs": "0", "Tax Effect of Unusual Items": "-14,300"}, "9/30/2019": {"Duration": "9/30/2019", "Total Revenue": "5,681,100", "Cost of Revenue": "3,889,000", "Gross Profit": "1,792,100", "Operating Expense": "1,074,400", "Operating Income": "717,700", "Net Non Operating Interest Income Expense": "-322,400", "Other Income Expense": "-236,200", "Pretax Income": "159,100", "Tax Provision": "-3,900", "Earnings from Equity Interest Net of Tax": "-37,000", "Net Income Common Stockholders": "121,700", "Diluted NI Available to Com Stockholders": "121,700", "Basic EPS": "1.72", "Diluted EPS": "1.66", "Basic Average Shares": "70,800", "Diluted Average Shares": "75,100", "Total Operating Income as Reported": "781,000", "Total Expenses": "4,963,400", "Net Income from Continuing & Discontinued Operation": "124,700", "Normalized Income": "367,865", "Interest Expense": "322,400", "Net Interest Income": "-322,400", "EBIT": "481,500", "EBITDA": "-", "Reconciled Cost of Revenue": "3,670,700", "Reconciled Depreciation": "379,600", "Net Income from Continuing Operation Net Minority Interest": "124,700", "Total Unusual Items Excluding Goodwill": "-249,400", "Total Unusual Items": "-249,400", "Normalized EBITDA": "1,110,500", "Tax Rate for Calcs": "0", "Tax Effect of Unusual Items": "-6,235"}, "9/30/2018": {"Duration": "9/30/2018", "Total Revenue": "6,257,200", "Cost of Revenue": "4,390,400", "Gross Profit": "1,866,800", "Operating Expense": "1,154,400", "Operating Income": "712,400", "Net Non Operating Interest Income Expense": "-387,300", "Other Income Expense": "-60,400", "Pretax Income": "264,700", "Tax Provision": "-204,000", "Earnings from Equity Interest Net of Tax": "-300", "Net Income Common Stockholders": "457,300", "Diluted NI Available to Com Stockholders": "457,300", "Basic EPS": "6.87", "Diluted EPS": "6.16", "Basic Average Shares": "66,600", "Diluted Average Shares": "75,900", "Total Operating Income as Reported": "587,500", "Total Expenses": "5,544,800", "Net Income from Continuing & Discontinued Operation": "467,300", "Normalized Income": "511,392", "Interest Expense": "387,300", "Net Interest Income": "-387,300", "EBIT": "652,000", "EBITDA": "-", "Reconciled Cost of Revenue": "4,169,400", "Reconciled Depreciation": "398,400", "Net Income from Continuing Operation Net Minority Interest": "467,300", "Total Unusual Items Excluding Goodwill": "-60,400", "Total Unusual Items": "-60,400", "Normalized EBITDA": "1,110,800", "Tax Rate for Calcs": "0", "Tax Effect of Unusual Items": "-16,308"}}, "bs": {"9/30/2020": {"Duration": "9/30/2020", "Total Assets": "12,146,700", "Total Liabilities Net Minority Interest": "9,317,700", "Total Equity Gross Minority Interest": "2,829,000", "Total Capitalization": "9,813,500", "Common Stock Equity": "2,854,500", "Capital Lease Obligations": "126,600", "Net Tangible Assets": "-4,781,600", "Working Capital": "1,313,400", "Invested Capital": "9,878,400", "Tangible Book Value": "-4,781,600", "Total Debt": "7,150,500", "Net Debt": "5,836,000", "Share Issued": "84,400", "Ordinary Shares Number": "66,400", "Preferred Shares Number": "3,200", "Treasury Shares Number": "18,000"}, "9/30/2019": {"Duration": "9/30/2019", "Total Assets": "11,951,600", "Total Liabilities Net Minority Interest": "9,014,300", "Total Equity Gross Minority Interest": "2,937,300", "Total Capitalization": "9,991,900", "Common Stock Equity": "2,925,900", "Capital Lease Obligations": "-", "Net Tangible Assets": "-4,812,400", "Working Capital": "1,323,400", "Invested Capital": "10,005,400", "Tangible Book Value": "-4,812,400", "Total Debt": "7,079,500", "Net Debt": "6,028,800", "Share Issued": "84,000", "Ordinary Shares Number": "72,100", "Preferred Shares Number": "3,200", "Treasury Shares Number": "11,900"}, "9/30/2018": {"Duration": "9/30/2018", "Total Assets": "13,057,500", "Total Liabilities Net Minority Interest": "9,997,000", "Total Equity Gross Minority Interest": "3,060,500", "Total Capitalization": "10,282,500", "Common Stock Equity": "3,050,400", "Capital Lease Obligations": "-", "Net Tangible Assets": "-4,988,500", "Working Capital": "1,408,200", "Invested Capital": "10,304,600", "Tangible Book Value": "-4,988,500", "Total Debt": "7,254,200", "Net Debt": "6,264,500", "Share Issued": "75,300", "Ordinary Shares Number": "66,700", "Preferred Shares Number": "3,200", "Treasury Shares Number": "8,600"}}, "cf": {"TTM": {"Duration": "TTM", "Operating Cash Flow": "631,700", "Investing Cash Flow": "-184,200", "Financing Cash Flow": "-151,600", "End Cash Position": "1,111,000", "Capital Expenditure": "-211,200", "Issuance of Capital Stock": "0", "Issuance of Debt": "2,269,200", "Repayment of Debt": "-1,812,100", "Repurchase of Capital Stock": "-522,600", "Free Cash Flow": "420,500"}, "9/30/2020": {"Duration": "9/30/2020", "Operating Cash Flow": "625,600", "Investing Cash Flow": "-218,500", "Financing Cash Flow": "-272,000", "End Cash Position": "1,193,400", "Capital Expenditure": "-234,600", "Issuance of Capital Stock": "524,400", "Issuance of Debt": "4,280,200", "Repayment of Debt": "-4,349,100", "Repurchase of Capital Stock": "-589,100", "Free Cash Flow": "391,000"}, "9/30/2019": {"Duration": "9/30/2019", "Operating Cash Flow": "688,000", "Investing Cash Flow": "26,700", "Financing Cash Flow": "-652,400", "End Cash Position": "1,054,500", "Capital Expenditure": "-273,900", "Issuance of Capital Stock": "-", "Issuance of Debt": "750,000", "Repayment of Debt": "-919,100", "Repurchase of Capital Stock": "-322,100", "Free Cash Flow": "414,100"}, "9/30/2018": {"Duration": "9/30/2018", "Operating Cash Flow": "719,300", "Investing Cash Flow": "-1,676,900", "Financing Cash Flow": "423,400", "End Cash Position": "989,700", "Capital Expenditure": "-225,000", "Issuance of Capital Stock": "-", "Issuance of Debt": "1,625,000", "Repayment of Debt": "-912,100", "Repurchase of Capital Stock": "-218,700", "Free Cash Flow": "494,300"}}}}, {"MMMB": {"quote": {"03/23/2021": {"value": "2.7400", "Market Cap": "97.521M", "Beta (5Y Monthly)": "1.28", "PE Ratio (TTM)": "39.71", "EPS (TTM)": "0.0690", "Earnings Date": "Dec 14, 2020", "Forward Dividend & Yield": "N/A (N/A)", "Ex-Dividend Date": "N/A", "1y Target Est": "3.75"}}, "fin": {"TTM": {"Duration": "TTM", "Total Revenue": "41,491", "Cost of Revenue": "28,316", "Gross Profit": "13,175", "Operating Expense": "9,956", "Operating Income": "3,219", "Net Non Operating Interest Income Expense": "-428.947", "Pretax Income": "2,790", "Tax Provision": "0", "Net Income Common Stockholders": "2,790", "Diluted NI Available to Com Stockholders": "2,790", "Basic EPS": "-", "Diluted EPS": "-", "Basic Average Shares": "-", "Diluted Average Shares": "-", "Total Operating Income as Reported": "3,219", "Total Expenses": "38,271", "Net Income from Continuing & Discontinued Operation": "2,790", "Normalized Income": "2,790", "Interest Expense": "428.947", "Net Interest Income": "-428.947", "EBIT": "3,219", "EBITDA": "3,990", "Reconciled Cost of Revenue": "28,316", "Reconciled Depreciation": "770.582", "Net Income from Continuing Operation Net Minority Interest": "2,790", "Normalized EBITDA": "3,990", "Tax Rate for Calcs": "0", "Tax Effect of Unusual Items": "0"}, "1/31/2020": {"Duration": "1/31/2020", "Total Revenue": "34,837", "Cost of Revenue": "23,766", "Gross Profit": "11,071", "Operating Expense": "8,988", "Operating Income": "2,083", "Net Non Operating Interest Income Expense": "-550.73", "Pretax Income": "1,533", "Tax Provision": "0", "Net Income Common Stockholders": "1,533", "Diluted NI Available to Com Stockholders": "1,533", "Basic EPS": "0.05", "Diluted EPS": "0.04", "Basic Average Shares": "31,950", "Diluted Average Shares": "34,339", "Total Operating Income as Reported": "2,083", "Total Expenses": "32,754", "Net Income from Continuing & Discontinued Operation": "1,533", "Normalized Income": "1,533", "Interest Expense": "550.73", "Net Interest Income": "-550.73", "EBIT": "2,083", "EBITDA": "-", "Reconciled Cost of Revenue": "23,766", "Reconciled Depreciation": "749.282", "Net Income from Continuing Operation Net Minority Interest": "1,533", "Normalized EBITDA": "2,833", "Tax Rate for Calcs": "0", "Tax Effect of Unusual Items": "0"}, "1/31/2019": {"Duration": "1/31/2019", "Total Revenue": "28,522", "Cost of Revenue": "18,532", "Gross Profit": "9,990", "Operating Expense": "8,425", "Operating Income": "1,565", "Net Non Operating Interest Income Expense": "-1,015", "Pretax Income": "550.048", "Tax Provision": "-", "Net Income Common Stockholders": "550.048", "Diluted NI Available to Com Stockholders": "550.048", "Basic EPS": "0.02", "Diluted EPS": "0.02", "Basic Average Shares": "31,844", "Diluted Average Shares": "32,522", "Total Operating Income as Reported": "-1,565", "Total Expenses": "26,957", "Net Income from Continuing & Discontinued Operation": "550.048", "Normalized Income": "550.048", "Interest Expense": "1,015", "Net Interest Income": "-1,015", "EBIT": "1,565", "EBITDA": "-", "Reconciled Cost of Revenue": "18,532", "Reconciled Depreciation": "679.005", "Net Income from Continuing Operation Net Minority Interest": "550.048", "Normalized EBITDA": "2,244", "Tax Rate for Calcs": "0", "Tax Effect of Unusual Items": "0"}}, "bs": {"1/31/2020": {"Duration": "1/31/2020", "Total Assets": "9,937", "Total Liabilities Net Minority Interest": "9,535", "Total Equity Gross Minority Interest": "402.063", "Total Capitalization": "4,041", "Common Stock Equity": "402.063", "Capital Lease Obligations": "1,919", "Net Tangible Assets": "402.063", "Working Capital": "1,412", "Invested Capital": "4,465", "Tangible Book Value": "402.063", "Total Debt": "5,982", "Net Debt": "3,669", "Share Issued": "31,991", "Ordinary Shares Number": "31,761", "Preferred Shares Number": "12.1", "Treasury Shares Number": "230"}, "1/31/2019": {"Duration": "1/31/2019", "Total Assets": "7,764", "Total Liabilities Net Minority Interest": "8,946", "Total Equity Gross Minority Interest": "-1,182", "Total Capitalization": "3,986", "Common Stock Equity": "-1,182", "Capital Lease Obligations": "216.257", "Net Tangible Assets": "-1,182", "Working Capital": "1,244", "Invested Capital": "4,486", "Tangible Book Value": "-1,182", "Total Debt": "5,885", "Net Debt": "5,059", "Share Issued": "32,096", "Ordinary Shares Number": "31,866", "Preferred Shares Number": "12.1", "Treasury Shares Number": "230"}}, "cf": {"TTM": {"Duration": "TTM", "Operating Cash Flow": "3,357", "Investing Cash Flow": "-425.252", "Financing Cash Flow": "-1,749", "End Cash Position": "1,793", "Income Tax Paid Supplemental Data": "0", "Interest Paid Supplemental Data": "360.11", "Capital Expenditure": "-425.252", "Issuance of Debt": "3.274", "Repayment of Debt": "-4,881", "Free Cash Flow": "2,932"}, "1/31/2020": {"Duration": "1/31/2020", "Operating Cash Flow": "1,815", "Investing Cash Flow": "-268.106", "Financing Cash Flow": "-1,762", "End Cash Position": "393.683", "Income Tax Paid Supplemental Data": "0", "Interest Paid Supplemental Data": "548.894", "Capital Expenditure": "-268.106", "Issuance of Debt": "0", "Repayment of Debt": "-2,148", "Free Cash Flow": "1,547"}, "1/31/2019": {"Duration": "1/31/2019", "Operating Cash Flow": "1,443", "Investing Cash Flow": "-1,034", "Financing Cash Flow": "-381.597", "End Cash Position": "609.409", "Income Tax Paid Supplemental Data": "0", "Interest Paid Supplemental Data": "638.029", "Capital Expenditure": "-1,034", "Issuance of Debt": "3,013", "Repayment of Debt": "-3,224", "Free Cash Flow": "409.684"}}}}, {"RELV": {"quote": {"03/23/2021": {"value": "3.2200", "Market Cap": "5.624M", "Beta (5Y Monthly)": "0.21", "PE Ratio (TTM)": "N/A", "EPS (TTM)": "-0.1010", "Earnings Date": "Mar 25, 2021 - Mar 29, 2021", "Forward Dividend & Yield": "N/A (N/A)", "Ex-Dividend Date": "Nov 13, 2013", "1y Target Est": "21.00"}}, "fin": {"TTM": {"Duration": "TTM", "Total Revenue": "35,128", "Cost of Revenue": "20,761", "Gross Profit": "14,367", "Operating Expense": "14,597", "Operating Income": "-230.053", "Net Non Operating Interest Income Expense": "137.198", "Other Income Expense": "117.38", "Pretax Income": "24.525", "Tax Provision": "200", "Net Income Common Stockholders": "-175.475", "Diluted NI Available to Com Stockholders": "-175.475", "Basic EPS": "-", "Diluted EPS": "-", "Basic Average Shares": "-", "Diluted Average Shares": "-", "Total Operating Income as Reported": "-230.053", "Total Expenses": "35,358", "Net Income from Continuing & Discontinued Operation": "-175.475", "Normalized Income": "-175.475", "Interest Income": "165.396", "Interest Expense": "28.198", "Net Interest Income": "137.198", "EBIT": "52.723", "EBITDA": "628.005", "Reconciled Cost of Revenue": "20,761", "Reconciled Depreciation": "575.282", "Net Income from Continuing Operation Net Minority Interest": "-175.475", "Total Unusual Items Excluding Goodwill": "0", "Total Unusual Items": "0", "Normalized EBITDA": "628.005", "Tax Rate for Calcs": "0", "Tax Effect of Unusual Items": "0"}, "12/31/2019": {"Duration": "12/31/2019", "Total Revenue": "35,055", "Cost of Revenue": "20,816", "Gross Profit": "14,239", "Operating Expense": "14,799", "Operating Income": "-559.458", "Net Non Operating Interest Income Expense": "130.63", "Other Income Expense": "452.471", "Pretax Income": "23.643", "Tax Provision": "468", "Net Income Common Stockholders": "-444.357", "Diluted NI Available to Com Stockholders": "-444.357", "Basic EPS": "-0.25", "Diluted EPS": "-0.25", "Basic Average Shares": "1,746", "Diluted Average Shares": "1,746", "Total Operating Income as Reported": "-559.458", "Total Expenses": "35,615", "Net Income from Continuing & Discontinued Operation": "-444.357", "Normalized Income": "-761.5778", "Interest Income": "177.81", "Interest Expense": "47.18", "Net Interest Income": "130.63", "EBIT": "70.823", "EBITDA": "-", "Reconciled Cost of Revenue": "20,816", "Reconciled Depreciation": "583.824", "Net Income from Continuing Operation Net Minority Interest": "-444.357", "Total Unusual Items Excluding Goodwill": "434.549", "Total Unusual Items": "434.549", "Normalized EBITDA": "220.098", "Tax Rate for Calcs": "0", "Tax Effect of Unusual Items": "117.3282"}, "12/31/2018": {"Duration": "12/31/2018", "Total Revenue": "36,116", "Cost of Revenue": "21,459", "Gross Profit": "14,656", "Operating Expense": "16,521", "Operating Income": "-1,864", "Net Non Operating Interest Income Expense": "-2.502", "Other Income Expense": "61.652", "Pretax Income": "-1,805", "Tax Provision": "98", "Net Income Common Stockholders": "-1,903", "Diluted NI Available to Com Stockholders": "-1,903", "Basic EPS": "-1.03", "Diluted EPS": "-1.03", "Basic Average Shares": "1,845", "Diluted Average Shares": "1,845", "Total Operating Income as Reported": "-1,864", "Total Expenses": "37,980", "Net Income from Continuing & Discontinued Operation": "-1,903", "Normalized Income": "-1,903", "Interest Income": "93.054", "Interest Expense": "95.556", "Net Interest Income": "-2.502", "EBIT": "-1,710", "EBITDA": "-", "Reconciled Cost of Revenue": "21,459", "Reconciled Depreciation": "810.442", "Net Income from Continuing Operation Net Minority Interest": "-1,903", "Total Unusual Items Excluding Goodwill": "-", "Total Unusual Items": "-", "Normalized EBITDA": "-899.343", "Tax Rate for Calcs": "0", "Tax Effect of Unusual Items": "0"}}, "bs": {"12/31/2019": {"Duration": "12/31/2019", "Total Assets": "15,307", "Total Liabilities Net Minority Interest": "4,205", "Total Equity Gross Minority Interest": "11,102", "Total Capitalization": "11,102", "Common Stock Equity": "11,102", "Capital Lease Obligations": "340.351", "Net Tangible Assets": "9,379", "Working Capital": "1,876", "Invested Capital": "11,602", "Tangible Book Value": "9,379", "Total Debt": "840.351", "Share Issued": "2,110", "Ordinary Shares Number": "1,746", "Treasury Shares Number": "363.564"}, "12/31/2018": {"Duration": "12/31/2018", "Total Assets": "16,354", "Total Liabilities Net Minority Interest": "4,361", "Total Equity Gross Minority Interest": "11,993", "Total Capitalization": "11,993", "Common Stock Equity": "11,993", "Capital Lease Obligations": "-", "Net Tangible Assets": "10,045", "Working Capital": "4,171", "Invested Capital": "11,993", "Tangible Book Value": "10,045", "Total Debt": "-", "Share Issued": "2,110", "Ordinary Shares Number": "1,845", "Treasury Shares Number": "264.853"}}, "cf": {"TTM": {"Duration": "TTM", "Operating Cash Flow": "-197.706", "Investing Cash Flow": "87.378", "Financing Cash Flow": "862", "End Cash Position": "3,292", "Income Tax Paid Supplemental Data": "-", "Interest Paid Supplemental Data": "-", "Capital Expenditure": "-41.311", "Issuance of Debt": "862", "Repayment of Debt": "0", "Repurchase of Capital Stock": "-", "Free Cash Flow": "-239.017"}, "12/31/2019": {"Duration": "12/31/2019", "Operating Cash Flow": "-942.591", "Investing Cash Flow": "63.684", "Financing Cash Flow": "500", "End Cash Position": "1,631", "Income Tax Paid Supplemental Data": "355", "Interest Paid Supplemental Data": "47.7", "Capital Expenditure": "-98.773", "Issuance of Debt": "500", "Repayment of Debt": "0", "Repurchase of Capital Stock": "-", "Free Cash Flow": "-1,041"}, "12/31/2018": {"Duration": "12/31/2018", "Operating Cash Flow": "-1,170", "Investing Cash Flow": "3,009", "Financing Cash Flow": "-3,045", "End Cash Position": "1,990", "Income Tax Paid Supplemental Data": "66.6", "Interest Paid Supplemental Data": "99", "Capital Expenditure": "-181.343", "Issuance of Debt": "0", "Repayment of Debt": "-3,045", "Repurchase of Capital Stock": "-", "Free Cash Flow": "-1,351"}}}}, {"NUTR": {"quote": {"03/23/2021": {"value": "", "Net Assets": "N/A", "Beta (5Y Monthly)": "N/A", "Yield": "N/A", "5y Average Return": "N/A", "Holdings Turnover": "N/A", "Last Dividend": "N/A", "Average for Category": "N/A", "Inception Date": "N/A"}}, "fin": {}, "bs": {}, "cf": {}}}, {"BTHR": {"quote": {"03/23/2021": {"value": "0.0700", "Market Cap": "2,072", "Beta (5Y Monthly)": "1.26", "PE Ratio (TTM)": "N/A", "EPS (TTM)": "-0.1130", "Earnings Date": "N/A", "Forward Dividend & Yield": "N/A (N/A)", "Ex-Dividend Date": "N/A", "1y Target Est": "N/A"}}, "fin": {}, "bs": {}, "cf": {}}}, {"RIBT": {"quote": {"03/23/2021": {"value": "1.0400", "Market Cap": "47.048M", "Beta (5Y Monthly)": "0.28", "PE Ratio (TTM)": "N/A", "EPS (TTM)": "-0.2900", "Earnings Date": "May 03, 2021 - May 07, 2021", "Forward Dividend & Yield": "N/A (N/A)", "Ex-Dividend Date": "N/A", "1y Target Est": "1.50"}}, "fin": {"TTM": {"Duration": "TTM", "Total Revenue": "26,199", "Cost of Revenue": "28,670", "Gross Profit": "-2,471", "Operating Expense": "7,971", "Operating Income": "-10,442", "Net Non Operating Interest Income Expense": "-298", "Other Income Expense": "-971", "Pretax Income": "-11,711", "Tax Provision": "19", "Net Income Common Stockholders": "-11,730", "Diluted NI Available to Com Stockholders": "-11,730", "Basic EPS": "-", "Diluted EPS": "-", "Basic Average Shares": "-", "Diluted Average Shares": "-", "Total Operating Income as Reported": "-11,289", "Total Expenses": "36,641", "Net Income from Continuing & Discontinued Operation": "-11,730", "Normalized Income": "-11,112", "Interest Income": "20", "Interest Expense": "318", "Net Interest Income": "-298", "EBIT": "-11,393", "EBITDA": "-8,772", "Reconciled Cost of Revenue": "28,670", "Reconciled Depreciation": "2,621", "Net Income from Continuing Operation Net Minority Interest": "-11,730", "Total Unusual Items Excluding Goodwill": "-847", "Total Unusual Items": "-847", "Normalized EBITDA": "-7,925", "Tax Rate for Calcs": "0", "Tax Effect of Unusual Items": "-228.69"}, "12/31/2020": {"Duration": "12/31/2020", "Total Revenue": "26,199", "Cost of Revenue": "28,670", "Gross Profit": "-2,471", "Operating Expense": "7,971", "Operating Income": "-10,442", "Net Non Operating Interest Income Expense": "-298", "Other Income Expense": "-971", "Pretax Income": "-11,711", "Tax Provision": "19", "Net Income Common Stockholders": "-11,730", "Diluted NI Available to Com Stockholders": "-11,730", "Basic EPS": "-", "Diluted EPS": "-", "Basic Average Shares": "-", "Diluted Average Shares": "-", "Total Operating Income as Reported": "-11,289", "Total Expenses": "36,641", "Net Income from Continuing & Discontinued Operation": "-11,730", "Normalized Income": "-11,112", "Interest Income": "20", "Interest Expense": "318", "Net Interest Income": "-298", "EBIT": "-11,393", "EBITDA": "-", "Reconciled Cost of Revenue": "28,670", "Reconciled Depreciation": "2,621", "Net Income from Continuing Operation Net Minority Interest": "-11,730", "Total Unusual Items Excluding Goodwill": "-847", "Total Unusual Items": "-847", "Normalized EBITDA": "-7,925", "Tax Rate for Calcs": "0", "Tax Effect of Unusual Items": "-228.69"}, "12/31/2019": {"Duration": "12/31/2019", "Total Revenue": "23,713", "Cost of Revenue": "24,574", "Gross Profit": "-861", "Operating Expense": "13,696", "Operating Income": "-14,557", "Net Non Operating Interest Income Expense": "-46", "Other Income Expense": "868", "Pretax Income": "-13,735", "Tax Provision": "0", "Net Income Common Stockholders": "-13,951", "Diluted NI Available to Com Stockholders": "-13,951", "Basic EPS": "-0.85", "Diluted EPS": "-0.85", "Basic Average Shares": "32,359", "Diluted Average Shares": "32,359", "Total Operating Income as Reported": "-14,557", "Total Expenses": "38,270", "Net Income from Continuing & Discontinued Operation": "-13,951", "Normalized Income": "-13,735", "Interest Income": "50", "Interest Expense": "96", "Net Interest Income": "-46", "EBIT": "-13,639", "EBITDA": "-", "Reconciled Cost of Revenue": "24,574", "Reconciled Depreciation": "1,930", "Net Income from Continuing Operation Net Minority Interest": "-13,735", "Total Unusual Items Excluding Goodwill": "-", "Total Unusual Items": "-", "Normalized EBITDA": "-11,709", "Tax Rate for Calcs": "0", "Tax Effect of Unusual Items": "0"}, "12/31/2018": {"Duration": "12/31/2018", "Total Revenue": "14,762", "Cost of Revenue": "11,780", "Gross Profit": "2,982", "Operating Expense": "11,194", "Operating Income": "-8,212", "Net Non Operating Interest Income Expense": "-12", "Other Income Expense": "168", "Pretax Income": "-8,056", "Tax Provision": "45", "Net Income Common Stockholders": "-8,101", "Diluted NI Available to Com Stockholders": "-8,101", "Basic EPS": "-0.37", "Diluted EPS": "-0.37", "Basic Average Shares": "22,099", "Diluted Average Shares": "22,099", "Total Operating Income as Reported": "-8,212", "Total Expenses": "22,974", "Net Income from Continuing & Discontinued Operation": "-8,101", "Normalized Income": "-8,101", "Interest Income": "-", "Interest Expense": "12", "Net Interest Income": "-12", "EBIT": "-8,044", "EBITDA": "-", "Reconciled Cost of Revenue": "11,780", "Reconciled Depreciation": "773", "Net Income from Continuing Operation Net Minority Interest": "-8,101", "Total Unusual Items Excluding Goodwill": "0", "Total Unusual Items": "0", "Normalized EBITDA": "-7,271", "Tax Rate for Calcs": "0", "Tax Effect of Unusual Items": "0"}}, "bs": {"12/31/2020": {"Duration": "12/31/2020", "Total Assets": "34,796", "Total Liabilities Net Minority Interest": "11,376", "Total Equity Gross Minority Interest": "23,420", "Total Capitalization": "26,527", "Preferred Stock Equity": "112", "Common Stock Equity": "23,308", "Capital Lease Obligations": "2,869", "Net Tangible Assets": "18,783", "Working Capital": "5,514", "Invested Capital": "28,772", "Tangible Book Value": "18,671", "Total Debt": "8,333", "Net Debt": "201", "Share Issued": "45,238", "Ordinary Shares Number": "45,238"}, "12/31/2019": {"Duration": "12/31/2019", "Total Assets": "40,492", "Total Liabilities Net Minority Interest": "8,749", "Total Equity Gross Minority Interest": "31,743", "Total Capitalization": "31,816", "Preferred Stock Equity": "112", "Common Stock Equity": "31,631", "Capital Lease Obligations": "3,274", "Net Tangible Assets": "26,878", "Working Capital": "7,959", "Invested Capital": "33,555", "Tangible Book Value": "26,766", "Total Debt": "5,198", "Net Debt": "-", "Share Issued": "40,074", "Ordinary Shares Number": "40,074"}, "12/31/2018": {"Duration": "12/31/2018", "Total Assets": "30,717", "Total Liabilities Net Minority Interest": "7,006", "Total Equity Gross Minority Interest": "23,711", "Total Capitalization": "23,856", "Preferred Stock Equity": "201", "Common Stock Equity": "23,510", "Capital Lease Obligations": "-", "Net Tangible Assets": "20,533", "Working Capital": "5,652", "Invested Capital": "24,341", "Tangible Book Value": "20,332", "Total Debt": "831", "Net Debt": "-", "Share Issued": "29,098", "Ordinary Shares Number": "29,098"}}, "cf": {"TTM": {"Duration": "TTM", "Operating Cash Flow": "-7,946", "Investing Cash Flow": "-919", "Financing Cash Flow": "5,684", "End Cash Position": "5,263", "Income Tax Paid Supplemental Data": "7", "Interest Paid Supplemental Data": "223", "Capital Expenditure": "-1,184", "Issuance of Capital Stock": "-", "Issuance of Debt": "31,212", "Repayment of Debt": "-27,868", "Free Cash Flow": "-9,130"}, "12/31/2020": {"Duration": "12/31/2020", "Operating Cash Flow": "-7,946", "Investing Cash Flow": "-919", "Financing Cash Flow": "5,684", "End Cash Position": "5,263", "Income Tax Paid Supplemental Data": "7", "Interest Paid Supplemental Data": "223", "Capital Expenditure": "-1,184", "Issuance of Capital Stock": "-", "Issuance of Debt": "31,212", "Repayment of Debt": "-27,868", "Free Cash Flow": "-9,130"}, "12/31/2019": {"Duration": "12/31/2019", "Operating Cash Flow": "-13,450", "Investing Cash Flow": "-8,471", "Financing Cash Flow": "23,096", "End Cash Position": "8,444", "Income Tax Paid Supplemental Data": "-", "Interest Paid Supplemental Data": "81", "Capital Expenditure": "-4,219", "Issuance of Capital Stock": "19,422", "Issuance of Debt": "6,987", "Repayment of Debt": "-5,541", "Free Cash Flow": "-17,669"}, "12/31/2018": {"Duration": "12/31/2018", "Operating Cash Flow": "-5,241", "Investing Cash Flow": "-5,585", "Financing Cash Flow": "11,117", "End Cash Position": "7,269", "Income Tax Paid Supplemental Data": "-", "Interest Paid Supplemental Data": "10", "Capital Expenditure": "-3,248", "Issuance of Capital Stock": "0", "Issuance of Debt": "0", "Repayment of Debt": "-16", "Free Cash Flow": "-8,489"}}}}, {"YUII": {"quote": {"03/23/2021": {"value": "0.0005", "Market Cap": "10,125", "Beta (5Y Monthly)": "18.68", "PE Ratio (TTM)": "N/A", "EPS (TTM)": "-1.7520", "Earnings Date": "N/A", "Forward Dividend & Yield": "N/A (N/A)", "Ex-Dividend Date": "N/A", "1y Target Est": "N/A"}}, "fin": {}, "bs": {}, "cf": {}}}, {"ANFI": {"fin": {}, "bs": {}, "cf": {}}}, {"AHFP": {"fin": {}, "bs": {}, "cf": {}}}]