[{"CBD": {"quote": {"04/03/2021": {"value": "5.63", "Market Cap": "1.539B", "Beta (5Y Monthly)": "0.30", "PE Ratio (TTM)": "4.02", "EPS (TTM)": "1.40", "Earnings Date": "N/A", "Forward Dividend & Yield": "0.15 (2.67%)", "Ex-Dividend Date": "May 04, 2020", "1y Target Est": "16.20"}}, "fin": {"TTM": {"Duration": "TTM", "Total Revenue": "51,253,000", "Cost of Revenue": "37,504,000", "Gross Profit": "13,749,000", "Operating Expense": "11,521,000", "Operating Income": "2,228,000", "Net Non Operating Interest Income Expense": "-728,000", "Other Income Expense": "401,000", "Pretax Income": "1,901,000", "Tax Provision": "662,000", "Net Income Common Stockholders": "2,179,000", "Diluted NI Available to Com Stockholders": "2,179,000", "Basic EPS": "-", "Diluted EPS": "-", "Basic Average Shares": "-", "Diluted Average Shares": "-", "Total Operating Income as Reported": "2,629,000", "Total Expenses": "49,025,000", "Net Income from Continuing & Discontinued Operation": "2,179,000", "Normalized Income": "894,505", "Interest Income": "-", "Interest Expense": "1,174,000", "Net Interest Income": "-728,000", "EBIT": "3,075,000", "EBITDA": "5,639,000", "Reconciled Cost of Revenue": "36,744,000", "Reconciled Depreciation": "2,564,000", "Net Income from Continuing Operation Net Minority Interest": "1,092,000", "Total Unusual Items Excluding Goodwill": "303,000", "Total Unusual Items": "303,000", "Normalized EBITDA": "5,336,000", "Tax Rate for Calcs": "0", "Tax Effect of Unusual Items": "105,505"}, "12/31/2020": {"Duration": "12/31/2020", "Total Revenue": "51,253,000", "Cost of Revenue": "37,504,000", "Gross Profit": "13,749,000", "Operating Expense": "11,521,000", "Operating Income": "2,228,000", "Net Non Operating Interest Income Expense": "-728,000", "Other Income Expense": "401,000", "Pretax Income": "1,901,000", "Tax Provision": "662,000", "Net Income Common Stockholders": "2,179,000", "Diluted NI Available to Com Stockholders": "2,179,000", "Basic EPS": "-", "Diluted EPS": "-", "Basic Average Shares": "-", "Diluted Average Shares": "-", "Total Operating Income as Reported": "2,629,000", "Total Expenses": "49,025,000", "Net Income from Continuing & Discontinued Operation": "2,179,000", "Normalized Income": "894,505", "Interest Income": "-", "Interest Expense": "1,174,000", "Net Interest Income": "-728,000", "EBIT": "3,075,000", "EBITDA": "-", "Reconciled Cost of Revenue": "36,744,000", "Reconciled Depreciation": "2,564,000", "Net Income from Continuing Operation Net Minority Interest": "1,092,000", "Total Unusual Items Excluding Goodwill": "303,000", "Total Unusual Items": "303,000", "Normalized EBITDA": "5,336,000", "Tax Rate for Calcs": "0", "Tax Effect of Unusual Items": "105,505"}, "12/31/2019": {"Duration": "12/31/2019", "Total Revenue": "56,635,000", "Cost of Revenue": "44,445,000", "Gross Profit": "12,190,000", "Operating Expense": "9,978,000", "Operating Income": "2,212,000", "Net Non Operating Interest Income Expense": "-1,206,000", "Other Income Expense": "-246,000", "Pretax Income": "760,000", "Tax Provision": "272,000", "Net Income Common Stockholders": "790,000", "Diluted NI Available to Com Stockholders": "790,000", "Basic EPS": "2.96", "Diluted EPS": "2.95", "Basic Average Shares": "267,000", "Diluted Average Shares": "268,000", "Total Operating Income as Reported": "1,948,000", "Total Expenses": "54,423,000", "Net Income from Continuing & Discontinued Operation": "790,000", "Normalized Income": "601,241", "Interest Income": "-", "Interest Expense": "1,386,000", "Net Interest Income": "-1,206,000", "EBIT": "2,146,000", "EBITDA": "-", "Reconciled Cost of Revenue": "44,299,000", "Reconciled Depreciation": "1,559,000", "Net Income from Continuing Operation Net Minority Interest": "442,000", "Total Unusual Items Excluding Goodwill": "-248,000", "Total Unusual Items": "-248,000", "Normalized EBITDA": "3,953,000", "Tax Rate for Calcs": "0", "Tax Effect of Unusual Items": "-88,759"}, "12/31/2018": {"Duration": "12/31/2018", "Total Revenue": "49,388,000", "Cost of Revenue": "37,834,000", "Gross Profit": "11,554,000", "Operating Expense": "9,375,000", "Operating Income": "2,179,000", "Net Non Operating Interest Income Expense": "-474,000", "Other Income Expense": "-2,000", "Pretax Income": "1,703,000", "Tax Provision": "449,000", "Net Income Common Stockholders": "1,193,000", "Diluted NI Available to Com Stockholders": "1,193,000", "Basic EPS": "4.20", "Diluted EPS": "4.20", "Basic Average Shares": "267,000", "Diluted Average Shares": "268,000", "Total Operating Income as Reported": "2,144,000", "Total Expenses": "47,209,000", "Net Income from Continuing & Discontinued Operation": "1,193,000", "Normalized Income": "1,292,771", "Interest Income": "231,000", "Interest Expense": "390,000", "Net Interest Income": "-474,000", "EBIT": "2,093,000", "EBITDA": "-", "Reconciled Cost of Revenue": "37,785,000", "Reconciled Depreciation": "889,000", "Net Income from Continuing Operation Net Minority Interest": "1,267,000", "Total Unusual Items Excluding Goodwill": "-35,000", "Total Unusual Items": "-35,000", "Normalized EBITDA": "3,017,000", "Tax Rate for Calcs": "0", "Tax Effect of Unusual Items": "-9,229"}}, "bs": {"12/31/2020": {"Duration": "12/31/2020", "Total Assets": "53,295,000", "Total Liabilities Net Minority Interest": "36,488,000", "Total Equity Gross Minority Interest": "16,807,000", "Total Capitalization": "20,537,000", "Common Stock Equity": "13,695,000", "Capital Lease Obligations": "8,374,000", "Net Tangible Assets": "7,531,000", "Working Capital": "-842,000", "Invested Capital": "22,846,000", "Tangible Book Value": "7,531,000", "Total Debt": "17,525,000", "Net Debt": "440,000", "Share Issued": "268,352", "Ordinary Shares Number": "268,113", "Treasury Shares Number": "239"}, "12/31/2019": {"Duration": "12/31/2019", "Total Assets": "58,475,000", "Total Liabilities Net Minority Interest": "44,927,000", "Total Equity Gross Minority Interest": "13,548,000", "Total Capitalization": "21,646,000", "Common Stock Equity": "10,940,000", "Capital Lease Obligations": "8,667,000", "Net Tangible Assets": "4,704,000", "Working Capital": "-3,167,000", "Invested Capital": "25,134,000", "Tangible Book Value": "4,704,000", "Total Debt": "22,861,000", "Net Debt": "6,240,000", "Share Issued": "267,997", "Ordinary Shares Number": "267,764", "Treasury Shares Number": "233"}, "12/31/2018": {"Duration": "12/31/2018", "Total Assets": "52,849,000", "Total Liabilities Net Minority Interest": "38,910,000", "Total Equity Gross Minority Interest": "13,939,000", "Total Capitalization": "14,592,000", "Common Stock Equity": "11,083,000", "Capital Lease Obligations": "-", "Net Tangible Assets": "8,408,000", "Working Capital": "3,519,000", "Invested Capital": "16,608,000", "Tangible Book Value": "8,408,000", "Total Debt": "5,525,000", "Net Debt": "1,156,000", "Share Issued": "266,845", "Ordinary Shares Number": "266,612", "Treasury Shares Number": "233"}}, "cf": {"TTM": {"Duration": "TTM", "Operating Cash Flow": "4,742,000", "Investing Cash Flow": "-4,291,000", "Financing Cash Flow": "-281,000", "End Cash Position": "8,711,000", "Capital Expenditure": "-2,490,000", "Issuance of Capital Stock": "9,000", "Issuance of Debt": "7,262,000", "Repayment of Debt": "-7,218,000", "Free Cash Flow": "2,252,000"}, "12/31/2020": {"Duration": "12/31/2020", "Operating Cash Flow": "4,742,000", "Investing Cash Flow": "-4,291,000", "Financing Cash Flow": "-281,000", "End Cash Position": "8,711,000", "Capital Expenditure": "-2,490,000", "Issuance of Capital Stock": "9,000", "Issuance of Debt": "7,262,000", "Repayment of Debt": "-7,218,000", "Free Cash Flow": "2,252,000"}, "12/31/2019": {"Duration": "12/31/2019", "Operating Cash Flow": "1,135,000", "Investing Cash Flow": "-3,266,000", "Financing Cash Flow": "1,894,000", "End Cash Position": "7,954,000", "Capital Expenditure": "-2,782,000", "Issuance of Capital Stock": "32,000", "Issuance of Debt": "13,604,000", "Repayment of Debt": "-11,450,000", "Free Cash Flow": "-1,647,000"}, "12/31/2018": {"Duration": "12/31/2018", "Operating Cash Flow": "2,586,000", "Investing Cash Flow": "-1,899,000", "Financing Cash Flow": "42,000", "End Cash Position": "8,080,000", "Capital Expenditure": "-2,366,000", "Issuance of Capital Stock": "3,000", "Issuance of Debt": "9,139,000", "Repayment of Debt": "-8,747,000", "Free Cash Flow": "220,000"}}}}, {"NGVC": {"quote": {"04/03/2021": {"value": "17.58", "Market Cap": "396.893M", "Beta (5Y Monthly)": "1.08", "PE Ratio (TTM)": "18.18", "EPS (TTM)": "0.97", "Earnings Date": "May 05, 2021 - May 10, 2021", "Forward Dividend & Yield": "0.28 (1.60%)", "Ex-Dividend Date": "Feb 26, 2021", "1y Target Est": "18.00"}}, "fin": {"TTM": {"Duration": "TTM", "Total Revenue": "1,071,857", "Cost of Revenue": "776,215", "Gross Profit": "295,642", "Operating Expense": "265,539", "Operating Income": "30,103", "Net Non Operating Interest Income Expense": "-2,022", "Pretax Income": "28,081", "Tax Provision": "6,308", "Net Income Common Stockholders": "21,773", "Diluted NI Available to Com Stockholders": "21,773", "Basic EPS": "-", "Diluted EPS": "-", "Basic Average Shares": "-", "Diluted Average Shares": "-", "Total Operating Income as Reported": "30,103", "Total Expenses": "1,041,754", "Net Income from Continuing & Discontinued Operation": "21,773", "Normalized Income": "21,773", "Interest Expense": "2,022", "Net Interest Income": "-2,022", "EBIT": "30,103", "EBITDA": "61,226", "Reconciled Cost of Revenue": "776,215", "Reconciled Depreciation": "31,123", "Net Income from Continuing Operation Net Minority Interest": "21,773", "Normalized EBITDA": "61,226", "Tax Rate for Calcs": "0", "Tax Effect of Unusual Items": "0"}, "9/30/2020": {"Duration": "9/30/2020", "Total Revenue": "1,036,842", "Cost of Revenue": "753,701", "Gross Profit": "283,141", "Operating Expense": "255,392", "Operating Income": "27,749", "Net Non Operating Interest Income Expense": "-2,048", "Pretax Income": "25,701", "Tax Provision": "5,692", "Net Income Common Stockholders": "20,009", "Diluted NI Available to Com Stockholders": "20,009", "Basic EPS": "0.89", "Diluted EPS": "0.89", "Basic Average Shares": "22,502", "Diluted Average Shares": "22,578", "Total Operating Income as Reported": "27,749", "Total Expenses": "1,009,093", "Net Income from Continuing & Discontinued Operation": "20,009", "Normalized Income": "20,009", "Interest Expense": "2,048", "Net Interest Income": "-2,048", "EBIT": "27,749", "EBITDA": "-", "Reconciled Cost of Revenue": "753,701", "Reconciled Depreciation": "31,193", "Net Income from Continuing Operation Net Minority Interest": "20,009", "Normalized EBITDA": "58,942", "Tax Rate for Calcs": "0", "Tax Effect of Unusual Items": "0"}, "9/30/2019": {"Duration": "9/30/2019", "Total Revenue": "903,582", "Cost of Revenue": "664,829", "Gross Profit": "238,753", "Operating Expense": "221,987", "Operating Income": "16,766", "Net Non Operating Interest Income Expense": "-4,952", "Pretax Income": "11,814", "Tax Provision": "2,398", "Net Income Common Stockholders": "9,416", "Diluted NI Available to Com Stockholders": "9,416", "Basic EPS": "0.42", "Diluted EPS": "0.42", "Basic Average Shares": "22,424", "Diluted Average Shares": "22,555", "Total Operating Income as Reported": "16,766", "Total Expenses": "886,816", "Net Income from Continuing & Discontinued Operation": "9,416", "Normalized Income": "9,416", "Interest Expense": "4,952", "Net Interest Income": "-4,952", "EBIT": "16,766", "EBITDA": "-", "Reconciled Cost of Revenue": "664,829", "Reconciled Depreciation": "28,977", "Net Income from Continuing Operation Net Minority Interest": "9,416", "Normalized EBITDA": "45,743", "Tax Rate for Calcs": "0", "Tax Effect of Unusual Items": "0"}, "9/30/2018": {"Duration": "9/30/2018", "Total Revenue": "849,042", "Cost of Revenue": "623,469", "Gross Profit": "225,573", "Operating Expense": "210,520", "Operating Income": "15,053", "Net Non Operating Interest Income Expense": "-4,560", "Pretax Income": "10,493", "Tax Provision": "-2,168", "Net Income Common Stockholders": "12,661", "Diluted NI Available to Com Stockholders": "12,661", "Basic EPS": "0.57", "Diluted EPS": "0.56", "Basic Average Shares": "22,362", "Diluted Average Shares": "22,413", "Total Operating Income as Reported": "15,053", "Total Expenses": "833,989", "Net Income from Continuing & Discontinued Operation": "12,661", "Normalized Income": "12,661", "Interest Expense": "4,560", "Net Interest Income": "-4,560", "EBIT": "15,053", "EBITDA": "-", "Reconciled Cost of Revenue": "623,469", "Reconciled Depreciation": "29,430", "Net Income from Continuing Operation Net Minority Interest": "12,661", "Normalized EBITDA": "44,483", "Tax Rate for Calcs": "0", "Tax Effect of Unusual Items": "0"}}, "bs": {"9/30/2020": {"Duration": "9/30/2020", "Total Assets": "681,792", "Total Liabilities Net Minority Interest": "508,726", "Total Equity Gross Minority Interest": "173,066", "Total Capitalization": "173,066", "Common Stock Equity": "173,066", "Capital Lease Obligations": "400,139", "Net Tangible Assets": "162,598", "Working Capital": "14,263", "Invested Capital": "173,066", "Tangible Book Value": "162,598", "Total Debt": "400,139", "Net Debt": "-", "Share Issued": "22,594", "Ordinary Shares Number": "22,547", "Treasury Shares Number": "47.222"}, "9/30/2019": {"Duration": "9/30/2019", "Total Assets": "327,114", "Total Liabilities Net Minority Interest": "170,208", "Total Equity Gross Minority Interest": "156,906", "Total Capitalization": "162,598", "Common Stock Equity": "156,906", "Capital Lease Obligations": "52,520", "Net Tangible Assets": "148,262", "Working Capital": "31,912", "Invested Capital": "162,598", "Tangible Book Value": "148,262", "Total Debt": "58,212", "Net Debt": "-", "Share Issued": "22,510", "Ordinary Shares Number": "22,463", "Treasury Shares Number": "47.222"}, "9/30/2018": {"Duration": "9/30/2018", "Total Assets": "307,083", "Total Liabilities Net Minority Interest": "160,357", "Total Equity Gross Minority Interest": "146,726", "Total Capitalization": "159,918", "Common Stock Equity": "146,726", "Capital Lease Obligations": "41,142", "Net Tangible Assets": "141,078", "Working Capital": "31,263", "Invested Capital": "159,918", "Tangible Book Value": "141,078", "Total Debt": "54,334", "Net Debt": "3,794", "Share Issued": "22,510", "Ordinary Shares Number": "22,373", "Treasury Shares Number": "136.897"}}, "cf": {"TTM": {"Duration": "TTM", "Operating Cash Flow": "68,366", "Investing Cash Flow": "-21,284", "Financing Cash Flow": "-27,578", "End Cash Position": "24,661", "Income Tax Paid Supplemental Data": "3,295", "Interest Paid Supplemental Data": "1,979", "Capital Expenditure": "-21,294", "Issuance of Debt": "158,100", "Repayment of Debt": "-133,819", "Repurchase of Capital Stock": "-", "Free Cash Flow": "47,072"}, "9/30/2020": {"Duration": "9/30/2020", "Operating Cash Flow": "66,503", "Investing Cash Flow": "-29,557", "Financing Cash Flow": "-14,626", "End Cash Position": "28,534", "Income Tax Paid Supplemental Data": "3,305", "Interest Paid Supplemental Data": "2,044", "Capital Expenditure": "-29,584", "Issuance of Debt": "236,100", "Repayment of Debt": "-244,063", "Repurchase of Capital Stock": "0", "Free Cash Flow": "36,919"}, "9/30/2019": {"Duration": "9/30/2019", "Operating Cash Flow": "37,382", "Investing Cash Flow": "-31,865", "Financing Cash Flow": "-8,701", "End Cash Position": "6,214", "Income Tax Paid Supplemental Data": "4,734", "Interest Paid Supplemental Data": "4,935", "Capital Expenditure": "-32,733", "Issuance of Debt": "405,900", "Repayment of Debt": "-414,180", "Repurchase of Capital Stock": "0", "Free Cash Flow": "4,649"}, "9/30/2018": {"Duration": "9/30/2018", "Operating Cash Flow": "42,863", "Investing Cash Flow": "-23,543", "Financing Cash Flow": "-16,443", "End Cash Position": "9,398", "Income Tax Paid Supplemental Data": "1,958", "Interest Paid Supplemental Data": "4,489", "Capital Expenditure": "-23,717", "Issuance of Debt": "376,000", "Repayment of Debt": "-391,773", "Repurchase of Capital Stock": "-581", "Free Cash Flow": "19,146"}}}}, {"KR": {"quote": {"04/03/2021": {"value": "35.95", "Market Cap": "27.034B", "Beta (5Y Monthly)": "0.30", "PE Ratio (TTM)": "10.99", "EPS (TTM)": "3.27", "Earnings Date": "Jun 16, 2021 - Jun 21, 2021", "Forward Dividend & Yield": "0.72 (2.00%)", "Ex-Dividend Date": "May 13, 2021", "1y Target Est": "35.55"}}, "fin": {"TTM": {"Duration": "TTM", "Total Revenue": "132,498,000", "Cost of Revenue": "101,597,000", "Gross Profit": "30,901,000", "Operating Expense": "28,121,000", "Operating Income": "2,780,000", "Net Non Operating Interest Income Expense": "-544,000", "Other Income Expense": "1,134,000", "Pretax Income": "3,370,000", "Tax Provision": "782,000", "Net Income Common Stockholders": "2,556,000", "Diluted NI Available to Com Stockholders": "2,556,000", "Basic EPS": "-", "Diluted EPS": "-", "Basic Average Shares": "-", "Diluted Average Shares": "-", "Total Operating Income as Reported": "2,780,000", "Rent Expense Supplemental": "874,000", "Total Expenses": "129,718,000", "Net Income from Continuing & Discontinued Operation": "2,585,000", "Normalized Income": "1,736,360", "Interest Expense": "544,000", "Net Interest Income": "-544,000", "EBIT": "3,914,000", "EBITDA": "7,287,000", "Reconciled Cost of Revenue": "100,971,000", "Reconciled Depreciation": "3,373,000", "Net Income from Continuing Operation Net Minority Interest": "2,585,000", "Total Unusual Items Excluding Goodwill": "1,105,000", "Total Unusual Items": "1,105,000", "Normalized EBITDA": "6,182,000", "Tax Rate for Calcs": "0", "Tax Effect of Unusual Items": "256,360"}, "1/31/2021": {"Duration": "1/31/2021", "Total Revenue": "132,498,000", "Cost of Revenue": "101,597,000", "Gross Profit": "30,901,000", "Operating Expense": "28,121,000", "Operating Income": "2,780,000", "Net Non Operating Interest Income Expense": "-544,000", "Other Income Expense": "1,134,000", "Pretax Income": "3,370,000", "Tax Provision": "782,000", "Net Income Common Stockholders": "2,556,000", "Diluted NI Available to Com Stockholders": "2,556,000", "Basic EPS": "-", "Diluted EPS": "-", "Basic Average Shares": "-", "Diluted Average Shares": "-", "Total Operating Income as Reported": "2,780,000", "Rent Expense Supplemental": "874,000", "Total Expenses": "129,718,000", "Net Income from Continuing & Discontinued Operation": "2,585,000", "Normalized Income": "1,736,360", "Interest Expense": "544,000", "Net Interest Income": "-544,000", "EBIT": "3,914,000", "EBITDA": "-", "Reconciled Cost of Revenue": "100,971,000", "Reconciled Depreciation": "3,373,000", "Net Income from Continuing Operation Net Minority Interest": "2,585,000", "Total Unusual Items Excluding Goodwill": "1,105,000", "Total Unusual Items": "1,105,000", "Normalized EBITDA": "6,182,000", "Tax Rate for Calcs": "0", "Tax Effect of Unusual Items": "256,360"}, "1/31/2020": {"Duration": "1/31/2020", "Total Revenue": "122,286,000", "Cost of Revenue": "95,294,000", "Gross Profit": "26,992,000", "Operating Expense": "24,741,000", "Operating Income": "2,251,000", "Net Non Operating Interest Income Expense": "-603,000", "Other Income Expense": "333,000", "Pretax Income": "1,981,000", "Tax Provision": "469,000", "Net Income Common Stockholders": "1,640,000", "Diluted NI Available to Com Stockholders": "1,640,000", "Basic EPS": "2.05", "Diluted EPS": "2.04", "Basic Average Shares": "799,000", "Diluted Average Shares": "805,000", "Total Operating Income as Reported": "2,251,000", "Rent Expense Supplemental": "884,000", "Total Expenses": "120,035,000", "Net Income from Continuing & Discontinued Operation": "1,659,000", "Normalized Income": "1,404,837", "Interest Expense": "603,000", "Net Interest Income": "-603,000", "EBIT": "2,584,000", "EBITDA": "-", "Reconciled Cost of Revenue": "94,654,000", "Reconciled Depreciation": "3,289,000", "Net Income from Continuing Operation Net Minority Interest": "1,659,000", "Total Unusual Items Excluding Goodwill": "333,000", "Total Unusual Items": "333,000", "Normalized EBITDA": "5,540,000", "Tax Rate for Calcs": "0", "Tax Effect of Unusual Items": "78,837"}, "1/31/2019": {"Duration": "1/31/2019", "Total Revenue": "121,162,000", "Cost of Revenue": "94,894,000", "Gross Profit": "26,268,000", "Operating Expense": "23,654,000", "Operating Income": "2,614,000", "Net Non Operating Interest Income Expense": "-620,000", "Other Income Expense": "1,984,000", "Pretax Income": "3,978,000", "Tax Provision": "900,000", "Net Income Common Stockholders": "3,076,000", "Diluted NI Available to Com Stockholders": "3,076,000", "Basic EPS": "3.80", "Diluted EPS": "3.76", "Basic Average Shares": "810,000", "Diluted Average Shares": "818,000", "Total Operating Income as Reported": "2,614,000", "Rent Expense Supplemental": "884,000", "Total Expenses": "118,548,000", "Net Income from Continuing & Discontinued Operation": "3,110,000", "Normalized Income": "1,576,370", "Interest Expense": "620,000", "Net Interest Income": "-620,000", "EBIT": "4,598,000", "EBITDA": "-", "Reconciled Cost of Revenue": "94,894,000", "Reconciled Depreciation": "2,465,000", "Net Income from Continuing Operation Net Minority Interest": "3,110,000", "Total Unusual Items Excluding Goodwill": "2,010,000", "Total Unusual Items": "2,010,000", "Normalized EBITDA": "5,053,000", "Tax Rate for Calcs": "0", "Tax Effect of Unusual Items": "476,370"}}, "bs": {"1/31/2021": {"Duration": "1/31/2021", "Total Assets": "48,662,000", "Total Liabilities Net Minority Interest": "39,112,000", "Total Equity Gross Minority Interest": "9,550,000", "Total Capitalization": "21,142,000", "Common Stock Equity": "9,576,000", "Capital Lease Obligations": "8,177,000", "Net Tangible Assets": "5,503,000", "Working Capital": "-2,863,000", "Invested Capital": "21,986,000", "Tangible Book Value": "5,503,000", "Total Debt": "20,587,000", "Net Debt": "10,723,000", "Share Issued": "1,918,000", "Ordinary Shares Number": "758,000", "Treasury Shares Number": "1,160,000"}, "1/31/2020": {"Duration": "1/31/2020", "Total Assets": "45,256,000", "Total Liabilities Net Minority Interest": "36,683,000", "Total Equity Gross Minority Interest": "8,573,000", "Total Capitalization": "19,932,000", "Common Stock Equity": "8,602,000", "Capital Lease Obligations": "7,922,000", "Net Tangible Assets": "4,460,000", "Working Capital": "-3,353,000", "Invested Capital": "21,858,000", "Tangible Book Value": "4,460,000", "Total Debt": "21,178,000", "Net Debt": "12,857,000", "Share Issued": "1,918,000", "Ordinary Shares Number": "788,000", "Treasury Shares Number": "1,130,000"}, "1/31/2019": {"Duration": "1/31/2019", "Total Assets": "38,118,000", "Total Liabilities Net Minority Interest": "30,283,000", "Total Equity Gross Minority Interest": "7,835,000", "Total Capitalization": "19,958,000", "Common Stock Equity": "7,886,000", "Capital Lease Obligations": "-", "Net Tangible Assets": "3,541,000", "Working Capital": "-3,471,000", "Invested Capital": "23,115,000", "Tangible Book Value": "3,541,000", "Total Debt": "15,229,000", "Net Debt": "14,800,000", "Share Issued": "1,918,000", "Ordinary Shares Number": "798,000", "Treasury Shares Number": "1,120,000"}}, "cf": {"TTM": {"Duration": "TTM", "Operating Cash Flow": "6,815,000", "Investing Cash Flow": "-2,814,000", "Financing Cash Flow": "-2,713,000", "End Cash Position": "1,687,000", "Income Tax Paid Supplemental Data": "659,000", "Interest Paid Supplemental Data": "564,000", "Capital Expenditure": "-2,865,000", "Issuance of Capital Stock": "127,000", "Issuance of Debt": "1,049,000", "Repayment of Debt": "-747,000", "Repurchase of Capital Stock": "-1,324,000", "Free Cash Flow": "3,950,000"}, "1/31/2021": {"Duration": "1/31/2021", "Operating Cash Flow": "6,815,000", "Investing Cash Flow": "-2,814,000", "Financing Cash Flow": "-2,713,000", "End Cash Position": "1,687,000", "Income Tax Paid Supplemental Data": "659,000", "Interest Paid Supplemental Data": "564,000", "Capital Expenditure": "-2,865,000", "Issuance of Capital Stock": "127,000", "Issuance of Debt": "1,049,000", "Repayment of Debt": "-747,000", "Repurchase of Capital Stock": "-1,324,000", "Free Cash Flow": "3,950,000"}, "1/31/2020": {"Duration": "1/31/2020", "Operating Cash Flow": "4,664,000", "Investing Cash Flow": "-2,611,000", "Financing Cash Flow": "-2,083,000", "End Cash Position": "399,000", "Income Tax Paid Supplemental Data": "706,000", "Interest Paid Supplemental Data": "523,000", "Capital Expenditure": "-3,128,000", "Issuance of Capital Stock": "55,000", "Issuance of Debt": "1,163,000", "Repayment of Debt": "-2,304,000", "Repurchase of Capital Stock": "-465,000", "Free Cash Flow": "1,536,000"}, "1/31/2019": {"Duration": "1/31/2019", "Operating Cash Flow": "4,164,000", "Investing Cash Flow": "-1,186,000", "Financing Cash Flow": "-2,896,000", "End Cash Position": "429,000", "Income Tax Paid Supplemental Data": "600,000", "Interest Paid Supplemental Data": "614,000", "Capital Expenditure": "-2,967,000", "Issuance of Capital Stock": "65,000", "Issuance of Debt": "915,000", "Repayment of Debt": "-1,372,000", "Repurchase of Capital Stock": "-2,010,000", "Free Cash Flow": "1,197,000"}}}}, {"CASY": {"quote": {"04/03/2021": {"value": "216.70", "Market Cap": "8.006B", "Beta (5Y Monthly)": "0.88", "PE Ratio (TTM)": "24.21", "EPS (TTM)": "8.95", "Earnings Date": "Jun 07, 2021 - Jun 11, 2021", "Forward Dividend & Yield": "1.36 (0.63%)", "Ex-Dividend Date": "Apr 30, 2021", "1y Target Est": "213.55"}}, "fin": {"TTM": {"Duration": "TTM", "Total Revenue": "7,078,837", "Cost of Revenue": "4,758,323", "Gross Profit": "2,320,514", "Operating Expense": "1,838,865", "Operating Income": "481,649", "Net Non Operating Interest Income Expense": "-49,316", "Pretax Income": "432,333", "Tax Provision": "99,040", "Net Income Common Stockholders": "333,293", "Diluted NI Available to Com Stockholders": "333,293", "Basic EPS": "-", "Diluted EPS": "-", "Basic Average Shares": "-", "Diluted Average Shares": "-", "Total Expenses": "6,597,188", "Net Income from Continuing & Discontinued Operation": "333,293", "Normalized Income": "333,293", "Net Interest Income": "-49,316", "EBIT": "481,649", "EBITDA": "742,141", "Reconciled Cost of Revenue": "4,758,323", "Reconciled Depreciation": "260,492", "Net Income from Continuing Operation Net Minority Interest": "333,293", "Normalized EBITDA": "742,141", "Tax Rate for Calcs": "0", "Tax Effect of Unusual Items": "0"}, "4/30/2020": {"Duration": "4/30/2020", "Total Revenue": "8,112,296", "Cost of Revenue": "5,967,612", "Gross Profit": "2,144,684", "Operating Expense": "1,749,217", "Operating Income": "395,467", "Net Non Operating Interest Income Expense": "-53,419", "Pretax Income": "342,048", "Tax Provision": "78,202", "Net Income Common Stockholders": "263,846", "Diluted NI Available to Com Stockholders": "263,846", "Basic EPS": "7.14", "Diluted EPS": "7.10", "Basic Average Shares": "36,956", "Diluted Average Shares": "37,186", "Total Expenses": "7,716,829", "Net Income from Continuing & Discontinued Operation": "263,846", "Normalized Income": "263,846", "Net Interest Income": "-53,419", "EBIT": "395,467", "EBITDA": "-", "Reconciled Cost of Revenue": "5,967,612", "Reconciled Depreciation": "251,174", "Net Income from Continuing Operation Net Minority Interest": "263,846", "Normalized EBITDA": "646,641", "Tax Rate for Calcs": "0", "Tax Effect of Unusual Items": "0"}, "4/30/2019": {"Duration": "4/30/2019", "Total Revenue": "9,352,910", "Cost of Revenue": "7,398,186", "Gross Profit": "1,954,724", "Operating Expense": "1,635,666", "Operating Income": "319,058", "Net Non Operating Interest Income Expense": "-55,656", "Pretax Income": "263,402", "Tax Provision": "59,516", "Net Income Common Stockholders": "203,886", "Diluted NI Available to Com Stockholders": "203,886", "Basic EPS": "5.55", "Diluted EPS": "5.51", "Basic Average Shares": "36,710", "Diluted Average Shares": "36,975", "Total Expenses": "9,033,852", "Net Income from Continuing & Discontinued Operation": "203,886", "Normalized Income": "203,886", "Net Interest Income": "-55,656", "EBIT": "319,058", "EBITDA": "-", "Reconciled Cost of Revenue": "7,398,186", "Reconciled Depreciation": "244,387", "Net Income from Continuing Operation Net Minority Interest": "203,886", "Normalized EBITDA": "563,445", "Tax Rate for Calcs": "0", "Tax Effect of Unusual Items": "0"}, "4/30/2018": {"Duration": "4/30/2018", "Total Revenue": "8,391,124", "Cost of Revenue": "6,621,731", "Gross Profit": "1,769,393", "Operating Expense": "1,504,016", "Operating Income": "265,377", "Net Non Operating Interest Income Expense": "-50,940", "Pretax Income": "214,437", "Tax Provision": "-103,466", "Net Income Common Stockholders": "317,903", "Diluted NI Available to Com Stockholders": "317,903", "Basic EPS": "8.41", "Diluted EPS": "8.34", "Basic Average Shares": "37,778", "Diluted Average Shares": "38,132", "Total Expenses": "8,125,747", "Net Income from Continuing & Discontinued Operation": "317,903", "Normalized Income": "317,903", "Net Interest Income": "-50,940", "EBIT": "265,377", "EBITDA": "-", "Reconciled Cost of Revenue": "6,621,731", "Reconciled Depreciation": "220,970", "Net Income from Continuing Operation Net Minority Interest": "317,903", "Normalized EBITDA": "486,347", "Tax Rate for Calcs": "0", "Tax Effect of Unusual Items": "0"}}, "bs": {"4/30/2020": {"Duration": "4/30/2020", "Total Assets": "3,943,892", "Total Liabilities Net Minority Interest": "2,300,687", "Total Equity Gross Minority Interest": "1,643,205", "Total Capitalization": "2,357,707", "Common Stock Equity": "1,643,205", "Capital Lease Obligations": "-", "Net Tangible Assets": "1,482,130", "Working Capital": "-676,178", "Invested Capital": "3,047,987", "Tangible Book Value": "1,482,130", "Total Debt": "1,404,782", "Net Debt": "1,326,507", "Share Issued": "36,806", "Ordinary Shares Number": "36,806"}, "4/30/2019": {"Duration": "4/30/2019", "Total Assets": "3,731,376", "Total Liabilities Net Minority Interest": "2,322,607", "Total Equity Gross Minority Interest": "1,408,769", "Total Capitalization": "2,692,044", "Common Stock Equity": "1,408,769", "Capital Lease Obligations": "-", "Net Tangible Assets": "1,251,546", "Working Capital": "-180,352", "Invested Capital": "2,784,249", "Tangible Book Value": "1,251,546", "Total Debt": "1,375,480", "Net Debt": "1,312,184", "Share Issued": "36,665", "Ordinary Shares Number": "36,665"}, "4/30/2018": {"Duration": "4/30/2018", "Total Assets": "3,469,927", "Total Liabilities Net Minority Interest": "2,198,786", "Total Equity Gross Minority Interest": "1,271,141", "Total Capitalization": "2,562,866", "Common Stock Equity": "1,271,141", "Capital Lease Obligations": "-", "Net Tangible Assets": "1,130,883", "Working Capital": "-111,010", "Invested Capital": "2,617,840", "Tangible Book Value": "1,130,883", "Total Debt": "1,346,699", "Net Debt": "1,293,020", "Share Issued": "36,874", "Ordinary Shares Number": "36,874"}}, "cf": {"TTM": {"Duration": "TTM", "Operating Cash Flow": "767,686", "Investing Cash Flow": "-357,938", "Financing Cash Flow": "-64,341", "End Cash Position": "388,946", "Income Tax Paid Supplemental Data": "46,701", "Interest Paid Supplemental Data": "53,503", "Capital Expenditure": "-338,147", "Issuance of Debt": "695,000", "Repayment of Debt": "-579,146", "Repurchase of Capital Stock": "-", "Free Cash Flow": "429,539"}, "4/30/2020": {"Duration": "4/30/2020", "Operating Cash Flow": "504,314", "Investing Cash Flow": "-466,642", "Financing Cash Flow": "-22,693", "End Cash Position": "78,275", "Income Tax Paid Supplemental Data": "9,364", "Interest Paid Supplemental Data": "54,277", "Capital Expenditure": "-438,977", "Issuance of Debt": "45,000", "Repayment of Debt": "-17,476", "Repurchase of Capital Stock": "0", "Free Cash Flow": "65,337"}, "4/30/2019": {"Duration": "4/30/2019", "Operating Cash Flow": "530,614", "Investing Cash Flow": "-457,830", "Financing Cash Flow": "-63,167", "End Cash Position": "63,296", "Income Tax Paid Supplemental Data": "-", "Interest Paid Supplemental Data": "56,306", "Capital Expenditure": "-394,699", "Issuance of Debt": "35,400", "Repayment of Debt": "-16,000", "Repurchase of Capital Stock": "-37,479", "Free Cash Flow": "135,915"}, "4/30/2018": {"Duration": "4/30/2018", "Operating Cash Flow": "419,797", "Investing Cash Flow": "-609,335", "Financing Cash Flow": "166,500", "End Cash Position": "53,679", "Income Tax Paid Supplemental Data": "24,274", "Interest Paid Supplemental Data": "48,757", "Capital Expenditure": "-577,421", "Issuance of Debt": "438,700", "Repayment of Debt": "-15,688", "Repurchase of Capital Stock": "-214,683", "Free Cash Flow": "-157,624"}}}}, {"WFM": {"quote": {"04/03/2021": {"value": "", "Net Assets": "N/A", "Beta (5Y Monthly)": "N/A", "Yield": "N/A", "5y Average Return": "N/A", "Holdings Turnover": "N/A", "Last Dividend": "N/A", "Average for Category": "N/A", "Inception Date": "N/A"}}, "fin": {}, "bs": {}, "cf": {}}}, {"SFM": {"quote": {"04/03/2021": {"value": "26.42", "Market Cap": "3.116B", "Beta (5Y Monthly)": "0.21", "PE Ratio (TTM)": "10.87", "EPS (TTM)": "2.43", "Earnings Date": "May 03, 2021 - May 07, 2021", "Forward Dividend & Yield": "N/A (N/A)", "Ex-Dividend Date": "N/A", "1y Target Est": "25.90"}}, "fin": {"TTM": {"Duration": "TTM", "Total Revenue": "6,468,759", "Cost of Revenue": "4,089,470", "Gross Profit": "2,379,289", "Operating Expense": "1,987,993", "Operating Income": "391,296", "Net Non Operating Interest Income Expense": "-14,787", "Other Income Expense": "369", "Pretax Income": "376,878", "Tax Provision": "89,428", "Net Income Common Stockholders": "287,450", "Diluted NI Available to Com Stockholders": "287,450", "Basic EPS": "-", "Diluted EPS": "-", "Basic Average Shares": "-", "Diluted Average Shares": "-", "Total Operating Income as Reported": "391,665", "Total Expenses": "6,077,463", "Net Income from Continuing & Discontinued Operation": "287,450", "Normalized Income": "287,168", "Interest Expense": "14,787", "Net Interest Income": "-14,787", "EBIT": "391,665", "EBITDA": "617,448", "Reconciled Cost of Revenue": "3,987,811", "Reconciled Depreciation": "225,783", "Net Income from Continuing Operation Net Minority Interest": "287,450", "Total Unusual Items Excluding Goodwill": "369", "Total Unusual Items": "369", "Normalized EBITDA": "617,079", "Tax Rate for Calcs": "0", "Tax Effect of Unusual Items": "87.453"}, "12/31/2020": {"Duration": "12/31/2020", "Total Revenue": "6,468,759", "Cost of Revenue": "4,089,470", "Gross Profit": "2,379,289", "Operating Expense": "1,987,993", "Operating Income": "391,296", "Net Non Operating Interest Income Expense": "-14,787", "Other Income Expense": "369", "Pretax Income": "376,878", "Tax Provision": "89,428", "Net Income Common Stockholders": "287,450", "Diluted NI Available to Com Stockholders": "287,450", "Basic EPS": "-", "Diluted EPS": "-", "Basic Average Shares": "-", "Diluted Average Shares": "-", "Total Operating Income as Reported": "391,665", "Total Expenses": "6,077,463", "Net Income from Continuing & Discontinued Operation": "287,450", "Normalized Income": "287,168", "Interest Expense": "14,787", "Net Interest Income": "-14,787", "EBIT": "391,665", "EBITDA": "-", "Reconciled Cost of Revenue": "3,987,811", "Reconciled Depreciation": "225,783", "Net Income from Continuing Operation Net Minority Interest": "287,450", "Total Unusual Items Excluding Goodwill": "369", "Total Unusual Items": "369", "Normalized EBITDA": "617,079", "Tax Rate for Calcs": "0", "Tax Effect of Unusual Items": "87.453"}, "12/31/2019": {"Duration": "12/31/2019", "Total Revenue": "5,634,835", "Cost of Revenue": "3,740,017", "Gross Profit": "1,894,818", "Operating Expense": "1,670,198", "Operating Income": "224,620", "Net Non Operating Interest Income Expense": "-21,192", "Other Income Expense": "-7,260", "Pretax Income": "196,168", "Tax Provision": "46,539", "Net Income Common Stockholders": "149,629", "Diluted NI Available to Com Stockholders": "149,629", "Basic EPS": "1.25", "Diluted EPS": "1.25", "Basic Average Shares": "119,368", "Diluted Average Shares": "119,742", "Total Operating Income as Reported": "217,360", "Total Expenses": "5,410,215", "Net Income from Continuing & Discontinued Operation": "149,629", "Normalized Income": "155,168", "Interest Expense": "21,192", "Net Interest Income": "-21,192", "EBIT": "217,360", "EBITDA": "-", "Reconciled Cost of Revenue": "3,655,862", "Reconciled Depreciation": "204,646", "Net Income from Continuing Operation Net Minority Interest": "149,629", "Total Unusual Items Excluding Goodwill": "-7,260", "Total Unusual Items": "-7,260", "Normalized EBITDA": "429,266", "Tax Rate for Calcs": "0", "Tax Effect of Unusual Items": "-1,721"}, "12/31/2018": {"Duration": "12/31/2018", "Total Revenue": "5,207,336", "Cost of Revenue": "3,459,861", "Gross Profit": "1,747,475", "Operating Expense": "1,512,488", "Operating Income": "234,987", "Net Non Operating Interest Income Expense": "-27,435", "Other Income Expense": "-11,756", "Pretax Income": "195,796", "Tax Provision": "37,260", "Net Income Common Stockholders": "158,536", "Diluted NI Available to Com Stockholders": "158,536", "Basic EPS": "1.23", "Diluted EPS": "1.22", "Basic Average Shares": "128,827", "Diluted Average Shares": "129,776", "Total Operating Income as Reported": "222,911", "Total Expenses": "4,972,349", "Net Income from Continuing & Discontinued Operation": "158,536", "Normalized Income": "168,318", "Interest Expense": "27,435", "Net Interest Income": "-27,435", "EBIT": "223,231", "EBITDA": "-", "Reconciled Cost of Revenue": "3,457,157", "Reconciled Depreciation": "110,749", "Net Income from Continuing Operation Net Minority Interest": "158,536", "Total Unusual Items Excluding Goodwill": "-12,076", "Total Unusual Items": "-12,076", "Normalized EBITDA": "346,056", "Tax Rate for Calcs": "0", "Tax Effect of Unusual Items": "-2,294"}}, "bs": {"12/31/2020": {"Duration": "12/31/2020", "Total Assets": "2,806,404", "Total Liabilities Net Minority Interest": "1,925,111", "Total Equity Gross Minority Interest": "881,293", "Total Capitalization": "1,131,293", "Common Stock Equity": "881,293", "Capital Lease Obligations": "1,216,692", "Net Tangible Assets": "327,455", "Working Capital": "-30,172", "Invested Capital": "1,131,293", "Tangible Book Value": "327,455", "Total Debt": "1,466,692", "Net Debt": "80,303", "Share Issued": "117,953", "Ordinary Shares Number": "117,953"}, "12/31/2019": {"Duration": "12/31/2019", "Total Assets": "2,722,983", "Total Liabilities Net Minority Interest": "2,141,031", "Total Equity Gross Minority Interest": "581,952", "Total Capitalization": "1,119,952", "Common Stock Equity": "581,952", "Capital Lease Obligations": "1,197,253", "Net Tangible Assets": "28,479", "Working Capital": "-28,973", "Invested Capital": "1,119,952", "Tangible Book Value": "28,479", "Total Debt": "1,735,253", "Net Debt": "452,686", "Share Issued": "117,544", "Ordinary Shares Number": "117,544"}, "12/31/2018": {"Duration": "12/31/2018", "Total Assets": "1,675,614", "Total Liabilities Net Minority Interest": "1,086,418", "Total Equity Gross Minority Interest": "589,196", "Total Capitalization": "1,042,196", "Common Stock Equity": "589,196", "Capital Lease Obligations": "127,070", "Net Tangible Assets": "26,315", "Working Capital": "23,841", "Invested Capital": "1,042,196", "Tangible Book Value": "26,315", "Total Debt": "580,070", "Net Debt": "451,412", "Share Issued": "124,976", "Ordinary Shares Number": "124,976"}}, "cf": {"TTM": {"Duration": "TTM", "Operating Cash Flow": "494,035", "Investing Cash Flow": "-121,968", "Financing Cash Flow": "-287,411", "End Cash Position": "171,441", "Income Tax Paid Supplemental Data": "94,767", "Interest Paid Supplemental Data": "14,786", "Capital Expenditure": "-121,968", "Issuance of Debt": "0", "Repayment of Debt": "-288,754", "Repurchase of Capital Stock": "0", "Free Cash Flow": "372,067"}, "12/31/2020": {"Duration": "12/31/2020", "Operating Cash Flow": "494,035", "Investing Cash Flow": "-121,968", "Financing Cash Flow": "-287,411", "End Cash Position": "171,441", "Income Tax Paid Supplemental Data": "94,767", "Interest Paid Supplemental Data": "14,786", "Capital Expenditure": "-121,968", "Issuance of Debt": "0", "Repayment of Debt": "-288,754", "Repurchase of Capital Stock": "0", "Free Cash Flow": "372,067"}, "12/31/2019": {"Duration": "12/31/2019", "Operating Cash Flow": "355,210", "Investing Cash Flow": "-183,232", "Financing Cash Flow": "-87,441", "End Cash Position": "86,785", "Income Tax Paid Supplemental Data": "44,637", "Interest Paid Supplemental Data": "20,293", "Capital Expenditure": "-183,232", "Issuance of Debt": "265,405", "Repayment of Debt": "-181,095", "Repurchase of Capital Stock": "-176,310", "Free Cash Flow": "171,978"}, "12/31/2018": {"Duration": "12/31/2018", "Operating Cash Flow": "294,379", "Investing Cash Flow": "-177,082", "Financing Cash Flow": "-134,528", "End Cash Position": "2,248", "Income Tax Paid Supplemental Data": "15,527", "Interest Paid Supplemental Data": "27,086", "Capital Expenditure": "-177,083", "Issuance of Debt": "236,643", "Repayment of Debt": "-132,517", "Repurchase of Capital Stock": "-258,307", "Free Cash Flow": "117,296"}}}}, {"SVU": {"quote": {"04/03/2021": {"value": "", "Net Assets": "N/A", "Beta (5Y Monthly)": "N/A", "Yield": "N/A", "5y Average Return": "N/A", "Holdings Turnover": "N/A", "Last Dividend": "N/A", "Average for Category": "N/A", "Inception Date": "N/A"}}, "fin": {}, "bs": {}, "cf": {}}}, {"WMK": {"quote": {"04/03/2021": {"value": "56.88", "Market Cap": "1.53B", "Beta (5Y Monthly)": "0.14", "PE Ratio (TTM)": "12.87", "EPS (TTM)": "4.42", "Earnings Date": "May 03, 2021 - May 07, 2021", "Forward Dividend & Yield": "1.24 (2.18%)", "Ex-Dividend Date": "Feb 12, 2021", "1y Target Est": "N/A"}}, "fin": {"TTM": {"Duration": "TTM", "Total Revenue": "4,112,601", "Cost of Revenue": "3,012,167", "Gross Profit": "1,100,434", "Operating Expense": "937,256", "Operating Income": "163,178", "Other Income Expense": "501", "Pretax Income": "163,679", "Tax Provision": "44,762", "Net Income Common Stockholders": "118,917", "Diluted NI Available to Com Stockholders": "118,917", "Basic EPS": "-", "Diluted EPS": "-", "Basic Average Shares": "-", "Diluted Average Shares": "-", "Total Operating Income as Reported": "163,178", "Total Expenses": "3,949,423", "Net Income from Continuing & Discontinued Operation": "118,917", "Normalized Income": "116,142", "EBIT": "163,178", "EBITDA": "262,548", "Reconciled Cost of Revenue": "3,012,167", "Reconciled Depreciation": "99,370", "Net Income from Continuing Operation Net Minority Interest": "118,917", "Total Unusual Items Excluding Goodwill": "3,817", "Total Unusual Items": "3,817", "Normalized EBITDA": "258,731", "Tax Rate for Calcs": "0", "Tax Effect of Unusual Items": "1,042"}, "12/31/2020": {"Duration": "12/31/2020", "Total Revenue": "4,112,601", "Cost of Revenue": "3,012,167", "Gross Profit": "1,100,434", "Operating Expense": "937,256", "Operating Income": "163,178", "Other Income Expense": "501", "Pretax Income": "163,679", "Tax Provision": "44,762", "Net Income Common Stockholders": "118,917", "Diluted NI Available to Com Stockholders": "118,917", "Basic EPS": "-", "Diluted EPS": "-", "Basic Average Shares": "-", "Diluted Average Shares": "-", "Total Operating Income as Reported": "163,178", "Total Expenses": "3,949,423", "Net Income from Continuing & Discontinued Operation": "118,917", "Normalized Income": "116,142", "EBIT": "163,178", "EBITDA": "-", "Reconciled Cost of Revenue": "3,012,167", "Reconciled Depreciation": "99,370", "Net Income from Continuing Operation Net Minority Interest": "118,917", "Total Unusual Items Excluding Goodwill": "3,817", "Total Unusual Items": "3,817", "Normalized EBITDA": "258,731", "Tax Rate for Calcs": "0", "Tax Effect of Unusual Items": "1,042"}, "12/31/2019": {"Duration": "12/31/2019", "Total Revenue": "3,543,299", "Cost of Revenue": "2,605,105", "Gross Profit": "938,194", "Operating Expense": "853,555", "Operating Income": "84,639", "Other Income Expense": "4,005", "Pretax Income": "88,644", "Tax Provision": "20,661", "Net Income Common Stockholders": "67,983", "Diluted NI Available to Com Stockholders": "67,983", "Basic EPS": "2.53", "Diluted EPS": "2.53", "Basic Average Shares": "26,898", "Diluted Average Shares": "26,898", "Total Operating Income as Reported": "84,639", "Total Expenses": "3,458,660", "Net Income from Continuing & Discontinued Operation": "67,983", "Normalized Income": "62,573", "EBIT": "84,639", "EBITDA": "-", "Reconciled Cost of Revenue": "2,605,105", "Reconciled Depreciation": "93,706", "Net Income from Continuing Operation Net Minority Interest": "67,983", "Total Unusual Items Excluding Goodwill": "7,054", "Total Unusual Items": "7,054", "Normalized EBITDA": "171,291", "Tax Rate for Calcs": "0", "Tax Effect of Unusual Items": "1,644"}, "12/31/2018": {"Duration": "12/31/2018", "Total Revenue": "3,509,270", "Cost of Revenue": "2,574,269", "Gross Profit": "935,001", "Operating Expense": "851,411", "Operating Income": "83,590", "Other Income Expense": "-1,454", "Pretax Income": "82,136", "Tax Provision": "19,398", "Net Income Common Stockholders": "62,738", "Diluted NI Available to Com Stockholders": "62,738", "Basic EPS": "2.33", "Diluted EPS": "2.33", "Basic Average Shares": "26,898", "Diluted Average Shares": "26,898", "Total Operating Income as Reported": "83,590", "Total Expenses": "3,425,680", "Net Income from Continuing & Discontinued Operation": "62,738", "Normalized Income": "63,849", "EBIT": "83,590", "EBITDA": "-", "Reconciled Cost of Revenue": "2,574,269", "Reconciled Depreciation": "93,567", "Net Income from Continuing Operation Net Minority Interest": "62,738", "Total Unusual Items Excluding Goodwill": "-1,454", "Total Unusual Items": "-1,454", "Normalized EBITDA": "178,611", "Tax Rate for Calcs": "0", "Tax Effect of Unusual Items": "-343.144"}}, "bs": {"12/31/2020": {"Duration": "12/31/2020", "Total Assets": "1,820,421", "Total Liabilities Net Minority Interest": "674,306", "Total Equity Gross Minority Interest": "1,146,115", "Total Capitalization": "1,146,115", "Common Stock Equity": "1,146,115", "Capital Lease Obligations": "208,229", "Net Tangible Assets": "1,076,226", "Working Capital": "279,933", "Invested Capital": "1,146,115", "Tangible Book Value": "1,076,226", "Total Debt": "208,229", "Net Debt": "-", "Share Issued": "33,048", "Ordinary Shares Number": "26,898", "Treasury Shares Number": "6,149"}, "12/31/2019": {"Duration": "12/31/2019", "Total Assets": "1,675,562", "Total Liabilities Net Minority Interest": "616,817", "Total Equity Gross Minority Interest": "1,058,745", "Total Capitalization": "1,058,745", "Common Stock Equity": "1,058,745", "Capital Lease Obligations": "218,768", "Net Tangible Assets": "988,599", "Working Capital": "216,354", "Invested Capital": "1,058,745", "Tangible Book Value": "988,599", "Total Debt": "218,768", "Net Debt": "-", "Share Issued": "33,048", "Ordinary Shares Number": "26,898", "Treasury Shares Number": "6,149"}, "12/31/2018": {"Duration": "12/31/2018", "Total Assets": "1,432,011", "Total Liabilities Net Minority Interest": "409,112", "Total Equity Gross Minority Interest": "1,022,899", "Total Capitalization": "1,022,899", "Common Stock Equity": "1,022,899", "Capital Lease Obligations": "-", "Net Tangible Assets": "949,448", "Working Capital": "201,909", "Invested Capital": "1,022,899", "Tangible Book Value": "949,448", "Total Debt": "-", "Net Debt": "-", "Share Issued": "33,048", "Ordinary Shares Number": "26,898", "Treasury Shares Number": "6,149"}}, "cf": {"TTM": {"Duration": "TTM", "Operating Cash Flow": "277,990", "Investing Cash Flow": "-174,895", "Financing Cash Flow": "-33,354", "End Cash Position": "136,612", "Capital Expenditure": "-131,118", "Issuance of Debt": "-", "Repayment of Debt": "0", "Free Cash Flow": "146,872"}, "12/31/2020": {"Duration": "12/31/2020", "Operating Cash Flow": "277,990", "Investing Cash Flow": "-174,895", "Financing Cash Flow": "-33,354", "End Cash Position": "136,612", "Capital Expenditure": "-131,118", "Issuance of Debt": "-", "Repayment of Debt": "0", "Free Cash Flow": "146,872"}, "12/31/2019": {"Duration": "12/31/2019", "Operating Cash Flow": "171,686", "Investing Cash Flow": "-109,269", "Financing Cash Flow": "-33,354", "End Cash Position": "66,871", "Capital Expenditure": "-102,945", "Issuance of Debt": "-", "Repayment of Debt": "0", "Free Cash Flow": "68,741"}, "12/31/2018": {"Duration": "12/31/2018", "Operating Cash Flow": "148,380", "Investing Cash Flow": "-90,955", "Financing Cash Flow": "-67,534", "End Cash Position": "37,808", "Capital Expenditure": "-99,236", "Issuance of Debt": "-", "Repayment of Debt": "-34,988", "Free Cash Flow": "49,144"}}}}, {"IMKTA": {"quote": {"04/03/2021": {"value": "62.33", "Market Cap": "1.263B", "Beta (5Y Monthly)": "0.56", "PE Ratio (TTM)": "5.88", "EPS (TTM)": "10.60", "Earnings Date": "May 05, 2021 - May 10, 2021", "Forward Dividend & Yield": "0.66 (1.06%)", "Ex-Dividend Date": "Apr 07, 2021", "1y Target Est": "N/A"}}, "fin": {"TTM": {"Duration": "TTM", "Total Revenue": "4,722,697", "Cost of Revenue": "3,467,747", "Gross Profit": "1,254,950", "Operating Expense": "937,969", "Operating Income": "316,981", "Net Non Operating Interest Income Expense": "-34,981", "Other Income Expense": "771.776", "Pretax Income": "282,772", "Tax Provision": "68,034", "Net Income Common Stockholders": "214,738", "Diluted NI Available to Com Stockholders": "214,738", "Basic EPS": "-", "Diluted EPS": "-", "Basic Average Shares": "-", "Diluted Average Shares": "-", "Total Operating Income as Reported": "318,903", "Rent Expense Supplemental": "-", "Total Expenses": "4,405,716", "Net Income from Continuing & Discontinued Operation": "214,738", "Normalized Income": "215,847", "Interest Expense": "34,981", "Net Interest Income": "-34,981", "EBIT": "317,753", "EBITDA": "435,479", "Reconciled Cost of Revenue": "3,467,747", "Reconciled Depreciation": "117,726", "Net Income from Continuing Operation Net Minority Interest": "214,738", "Total Unusual Items Excluding Goodwill": "-1,460", "Total Unusual Items": "-1,460", "Normalized EBITDA": "436,940", "Tax Rate for Calcs": "0", "Tax Effect of Unusual Items": "-351.3551"}, "9/30/2020": {"Duration": "9/30/2020", "Total Revenue": "4,610,609", "Cost of Revenue": "3,412,357", "Gross Profit": "1,198,252", "Operating Expense": "921,749", "Operating Income": "276,503", "Net Non Operating Interest Income Expense": "-40,529", "Other Income Expense": "-929.198", "Pretax Income": "235,044", "Tax Provision": "56,443", "Net Income Common Stockholders": "178,601", "Diluted NI Available to Com Stockholders": "178,601", "Basic EPS": "9.06", "Diluted EPS": "8.82", "Basic Average Shares": "19,713", "Diluted Average Shares": "20,250", "Total Operating Income as Reported": "280,937", "Rent Expense Supplemental": "-", "Total Expenses": "4,334,106", "Net Income from Continuing & Discontinued Operation": "178,601", "Normalized Income": "180,628", "Interest Expense": "40,529", "Net Interest Income": "-40,529", "EBIT": "275,574", "EBITDA": "-", "Reconciled Cost of Revenue": "3,412,357", "Reconciled Depreciation": "116,282", "Net Income from Continuing Operation Net Minority Interest": "178,601", "Total Unusual Items Excluding Goodwill": "-2,667", "Total Unusual Items": "-2,667", "Normalized EBITDA": "394,523", "Tax Rate for Calcs": "0", "Tax Effect of Unusual Items": "-640.0306"}, "9/30/2019": {"Duration": "9/30/2019", "Total Revenue": "4,202,034", "Cost of Revenue": "3,180,033", "Gross Profit": "1,022,000", "Operating Expense": "873,859", "Operating Income": "148,141", "Net Non Operating Interest Income Expense": "-47,410", "Other Income Expense": "5,867", "Pretax Income": "106,598", "Tax Provision": "25,018", "Net Income Common Stockholders": "81,580", "Diluted NI Available to Com Stockholders": "81,580", "Basic EPS": "4.14", "Diluted EPS": "4.03", "Basic Average Shares": "19,705", "Diluted Average Shares": "20,243", "Total Operating Income as Reported": "152,193", "Rent Expense Supplemental": "-", "Total Expenses": "4,053,893", "Net Income from Continuing & Discontinued Operation": "81,580", "Normalized Income": "78,480", "Interest Expense": "47,410", "Net Interest Income": "-47,410", "EBIT": "154,008", "EBITDA": "-", "Reconciled Cost of Revenue": "3,180,033", "Reconciled Depreciation": "112,520", "Net Income from Continuing Operation Net Minority Interest": "81,580", "Total Unusual Items Excluding Goodwill": "4,052", "Total Unusual Items": "4,052", "Normalized EBITDA": "262,476", "Tax Rate for Calcs": "0", "Tax Effect of Unusual Items": "952.3109"}, "9/30/2018": {"Duration": "9/30/2018", "Total Revenue": "4,092,805", "Cost of Revenue": "3,112,636", "Gross Profit": "980,169", "Operating Expense": "856,074", "Operating Income": "124,095", "Net Non Operating Interest Income Expense": "-47,570", "Other Income Expense": "3,793", "Pretax Income": "80,319", "Tax Provision": "-17,046", "Net Income Common Stockholders": "97,365", "Diluted NI Available to Com Stockholders": "97,365", "Basic EPS": "4.94", "Diluted EPS": "4.81", "Basic Average Shares": "19,710", "Diluted Average Shares": "20,242", "Total Operating Income as Reported": "124,824", "Rent Expense Supplemental": "12,823", "Total Expenses": "3,968,710", "Net Income from Continuing & Discontinued Operation": "97,365", "Normalized Income": "96,833", "Interest Expense": "47,570", "Net Interest Income": "-47,570", "EBIT": "127,888", "EBITDA": "-", "Reconciled Cost of Revenue": "3,112,636", "Reconciled Depreciation": "113,083", "Net Income from Continuing Operation Net Minority Interest": "97,365", "Total Unusual Items Excluding Goodwill": "728.386", "Total Unusual Items": "728.386", "Normalized EBITDA": "240,243", "Tax Rate for Calcs": "0", "Tax Effect of Unusual Items": "196.6642"}}, "bs": {"9/30/2020": {"Duration": "9/30/2020", "Total Assets": "1,899,299", "Total Liabilities Net Minority Interest": "1,079,968", "Total Equity Gross Minority Interest": "819,331", "Total Capitalization": "1,405,529", "Common Stock Equity": "819,331", "Capital Lease Obligations": "49,347", "Net Tangible Assets": "819,331", "Working Capital": "146,374", "Invested Capital": "1,424,835", "Tangible Book Value": "819,331", "Total Debt": "654,852", "Net Debt": "598,600", "Share Issued": "20,260", "Ordinary Shares Number": "20,260"}, "9/30/2019": {"Duration": "9/30/2019", "Total Assets": "1,867,328", "Total Liabilities Net Minority Interest": "1,204,606", "Total Equity Gross Minority Interest": "662,723", "Total Capitalization": "1,502,360", "Common Stock Equity": "662,723", "Capital Lease Obligations": "-", "Net Tangible Assets": "662,723", "Working Capital": "249,524", "Invested Capital": "1,514,960", "Tangible Book Value": "662,723", "Total Debt": "852,238", "Net Debt": "810,113", "Share Issued": "20,260", "Ordinary Shares Number": "20,260"}, "9/30/2018": {"Duration": "9/30/2018", "Total Assets": "1,824,911", "Total Liabilities Net Minority Interest": "1,229,497", "Total Equity Gross Minority Interest": "595,414", "Total Capitalization": "1,448,154", "Common Stock Equity": "595,414", "Capital Lease Obligations": "-", "Net Tangible Assets": "595,414", "Working Capital": "236,605", "Invested Capital": "1,461,002", "Tangible Book Value": "595,414", "Total Debt": "865,588", "Net Debt": "855,050", "Share Issued": "20,260", "Ordinary Shares Number": "20,260"}}, "cf": {"TTM": {"Duration": "TTM", "Operating Cash Flow": "391,642", "Investing Cash Flow": "-125,119", "Financing Cash Flow": "-279,544", "End Cash Position": "10,006", "Income Tax Paid Supplemental Data": "-", "Interest Paid Supplemental Data": "-", "Capital Expenditure": "-125,903", "Issuance of Debt": "361,555", "Repayment of Debt": "-625,663", "Free Cash Flow": "265,739"}, "9/30/2020": {"Duration": "9/30/2020", "Operating Cash Flow": "350,117", "Investing Cash Flow": "-117,353", "Financing Cash Flow": "-267,985", "End Cash Position": "6,904", "Income Tax Paid Supplemental Data": "-", "Interest Paid Supplemental Data": "-", "Capital Expenditure": "-122,767", "Issuance of Debt": "267,835", "Repayment of Debt": "-516,592", "Free Cash Flow": "227,350"}, "9/30/2019": {"Duration": "9/30/2019", "Operating Cash Flow": "211,503", "Investing Cash Flow": "-152,793", "Financing Cash Flow": "-27,123", "End Cash Position": "42,125", "Income Tax Paid Supplemental Data": "-", "Interest Paid Supplemental Data": "-", "Capital Expenditure": "-161,751", "Issuance of Debt": "303,810", "Repayment of Debt": "-317,927", "Free Cash Flow": "49,752"}, "9/30/2018": {"Duration": "9/30/2018", "Operating Cash Flow": "161,240", "Investing Cash Flow": "-148,146", "Financing Cash Flow": "-26,468", "End Cash Position": "10,537", "Income Tax Paid Supplemental Data": "-", "Interest Paid Supplemental Data": "-", "Capital Expenditure": "-150,487", "Issuance of Debt": "515,396", "Repayment of Debt": "-528,861", "Free Cash Flow": "10,754"}}}}, {"VLGEA": {"quote": {"04/03/2021": {"value": "24.04", "Market Cap": "349.849M", "Beta (5Y Monthly)": "0.05", "PE Ratio (TTM)": "12.39", "EPS (TTM)": "1.94", "Earnings Date": "Jun 01, 2021 - Jun 07, 2021", "Forward Dividend & Yield": "1.00 (4.16%)", "Ex-Dividend Date": "Mar 31, 2021", "1y Target Est": "N/A"}}, "fin": {"TTM": {"Duration": "TTM", "Total Revenue": "1,972,724", "Cost of Revenue": "1,417,934", "Gross Profit": "554,790", "Operating Expense": "518,399", "Operating Income": "36,391", "Net Non Operating Interest Income Expense": "92", "Pretax Income": "36,483", "Tax Provision": "8,200", "Net Income Common Stockholders": "27,429", "Average Dilution Earnings": "-", "Diluted NI Available to Com Stockholders": "27,434", "Basic EPS": "-", "Diluted EPS": "-", "Basic Average Shares": "-", "Diluted Average Shares": "-", "Total Operating Income as Reported": "36,391", "Total Expenses": "1,936,333", "Net Income from Continuing & Discontinued Operation": "28,283", "Normalized Income": "28,283", "Interest Income": "3,537", "Interest Expense": "3,445", "Net Interest Income": "92", "EBIT": "39,928", "EBITDA": "74,614", "Reconciled Cost of Revenue": "1,416,876", "Reconciled Depreciation": "34,686", "Net Income from Continuing Operation Net Minority Interest": "28,283", "Normalized EBITDA": "74,614", "Tax Rate for Calcs": "0", "Tax Effect of Unusual Items": "0"}, "7/31/2020": {"Duration": "7/31/2020", "Total Revenue": "1,804,594", "Cost of Revenue": "1,298,119", "Gross Profit": "506,475", "Operating Expense": "476,191", "Operating Income": "30,284", "Net Non Operating Interest Income Expense": "1,449", "Pretax Income": "31,733", "Tax Provision": "6,794", "Net Income Common Stockholders": "24,220", "Average Dilution Earnings": "-", "Diluted NI Available to Com Stockholders": "24,220", "Basic EPS": "1.93", "Diluted EPS": "1.72", "Basic Average Shares": "14,088", "Diluted Average Shares": "14,088", "Total Operating Income as Reported": "30,284", "Total Expenses": "1,774,310", "Net Income from Continuing & Discontinued Operation": "24,939", "Normalized Income": "24,939", "Interest Income": "4,060", "Interest Expense": "2,611", "Net Interest Income": "1,449", "EBIT": "34,344", "EBITDA": "-", "Reconciled Cost of Revenue": "1,297,776", "Reconciled Depreciation": "31,701", "Net Income from Continuing Operation Net Minority Interest": "24,939", "Normalized EBITDA": "66,045", "Tax Rate for Calcs": "0", "Tax Effect of Unusual Items": "0"}, "7/31/2019": {"Duration": "7/31/2019", "Total Revenue": "1,643,502", "Cost of Revenue": "1,186,786", "Gross Profit": "456,716", "Operating Expense": "422,040", "Operating Income": "34,676", "Net Non Operating Interest Income Expense": "847", "Pretax Income": "35,523", "Tax Provision": "9,984", "Net Income Common Stockholders": "24,879", "Average Dilution Earnings": "-1", "Diluted NI Available to Com Stockholders": "24,878", "Basic EPS": "1.98", "Diluted EPS": "1.77", "Basic Average Shares": "12,898", "Diluted Average Shares": "14,429", "Total Operating Income as Reported": "34,676", "Total Expenses": "1,608,826", "Net Income from Continuing & Discontinued Operation": "25,539", "Normalized Income": "25,539", "Interest Income": "5,283", "Interest Expense": "4,436", "Net Interest Income": "847", "EBIT": "39,959", "EBITDA": "-", "Reconciled Cost of Revenue": "1,186,786", "Reconciled Depreciation": "27,290", "Net Income from Continuing Operation Net Minority Interest": "25,539", "Normalized EBITDA": "67,249", "Tax Rate for Calcs": "0", "Tax Effect of Unusual Items": "0"}, "7/31/2018": {"Duration": "7/31/2018", "Total Revenue": "1,612,015", "Cost of Revenue": "1,173,013", "Gross Profit": "439,002", "Operating Expense": "405,549", "Operating Income": "33,453", "Net Non Operating Interest Income Expense": "-615", "Pretax Income": "32,838", "Tax Provision": "7,758", "Net Income Common Stockholders": "24,372", "Average Dilution Earnings": "0", "Diluted NI Available to Com Stockholders": "24,372", "Basic EPS": "1.95", "Diluted EPS": "1.74", "Basic Average Shares": "12,862", "Diluted Average Shares": "14,414", "Total Operating Income as Reported": "33,453", "Total Expenses": "1,578,562", "Net Income from Continuing & Discontinued Operation": "25,080", "Normalized Income": "25,080", "Interest Income": "3,845", "Interest Expense": "4,460", "Net Interest Income": "-615", "EBIT": "37,298", "EBITDA": "-", "Reconciled Cost of Revenue": "1,173,013", "Reconciled Depreciation": "24,999", "Net Income from Continuing Operation Net Minority Interest": "25,080", "Normalized EBITDA": "62,297", "Tax Rate for Calcs": "0", "Tax Effect of Unusual Items": "0"}}, "bs": {"7/31/2020": {"Duration": "7/31/2020", "Total Assets": "915,546", "Total Liabilities Net Minority Interest": "583,226", "Total Equity Gross Minority Interest": "332,320", "Total Capitalization": "407,396", "Common Stock Equity": "332,320", "Capital Lease Obligations": "340,692", "Net Tangible Assets": "308,130", "Working Capital": "34,522", "Invested Capital": "414,120", "Tangible Book Value": "308,130", "Total Debt": "422,492", "Share Issued": "15,279", "Ordinary Shares Number": "14,553", "Treasury Shares Number": "726"}, "7/31/2019": {"Duration": "7/31/2019", "Total Assets": "502,289", "Total Liabilities Net Minority Interest": "183,617", "Total Equity Gross Minority Interest": "318,672", "Total Capitalization": "325,644", "Common Stock Equity": "318,672", "Capital Lease Obligations": "41,775", "Net Tangible Assets": "306,022", "Working Capital": "56,307", "Invested Capital": "325,687", "Tangible Book Value": "306,022", "Total Debt": "48,790", "Share Issued": "14,887", "Ordinary Shares Number": "14,385", "Treasury Shares Number": "502"}, "7/31/2018": {"Duration": "7/31/2018", "Total Assets": "481,590", "Total Liabilities Net Minority Interest": "178,445", "Total Equity Gross Minority Interest": "303,145", "Total Capitalization": "309,563", "Common Stock Equity": "303,145", "Capital Lease Obligations": "42,532", "Net Tangible Assets": "291,088", "Working Capital": "89,201", "Invested Capital": "309,677", "Tangible Book Value": "291,088", "Total Debt": "49,064", "Share Issued": "14,879", "Ordinary Shares Number": "14,383", "Treasury Shares Number": "496"}}, "cf": {"TTM": {"Duration": "TTM", "Operating Cash Flow": "81,098", "Investing Cash Flow": "-94,185", "Financing Cash Flow": "52,455", "End Cash Position": "114,764", "Income Tax Paid Supplemental Data": "6,285", "Interest Paid Supplemental Data": "3,445", "Capital Expenditure": "-26,332", "Issuance of Debt": "137,415", "Repayment of Debt": "-67,336", "Repurchase of Capital Stock": "-4,369", "Free Cash Flow": "54,766"}, "7/31/2020": {"Duration": "7/31/2020", "Operating Cash Flow": "83,948", "Investing Cash Flow": "-129,656", "Financing Cash Flow": "56,268", "End Cash Position": "111,681", "Income Tax Paid Supplemental Data": "9,432", "Interest Paid Supplemental Data": "2,611", "Capital Expenditure": "-54,495", "Issuance of Debt": "87,415", "Repayment of Debt": "-13,581", "Repurchase of Capital Stock": "-4,389", "Free Cash Flow": "29,453"}, "7/31/2019": {"Duration": "7/31/2019", "Operating Cash Flow": "55,788", "Investing Cash Flow": "-36,280", "Financing Cash Flow": "-14,495", "End Cash Position": "101,121", "Income Tax Paid Supplemental Data": "12,074", "Interest Paid Supplemental Data": "4,436", "Capital Expenditure": "-27,988", "Issuance of Debt": "0", "Repayment of Debt": "-1,576", "Repurchase of Capital Stock": "-1,070", "Free Cash Flow": "27,800"}, "7/31/2018": {"Duration": "7/31/2018", "Operating Cash Flow": "58,884", "Investing Cash Flow": "-42,550", "Financing Cash Flow": "-7,661", "End Cash Position": "96,108", "Income Tax Paid Supplemental Data": "6,420", "Interest Paid Supplemental Data": "4,460", "Capital Expenditure": "-35,464", "Issuance of Debt": "6,860", "Repayment of Debt": "-944", "Repurchase of Capital Stock": "-632", "Free Cash Flow": "23,420"}}}}, {"QKLS": {"quote": {"04/03/2021": {"value": "0.1403", "Market Cap": "184,201", "Beta (5Y Monthly)": "2.32", "PE Ratio (TTM)": "N/A", "EPS (TTM)": "-20.5110", "Earnings Date": "N/A", "Forward Dividend & Yield": "N/A (N/A)", "Ex-Dividend Date": "N/A", "1y Target Est": "N/A"}}, "fin": {}, "bs": {}, "cf": {}}}, {"SFS": {"fin": {}, "bs": {}, "cf": {}}}]