[{"ACU": {"quote": {"05/11/2021": {"value": "43.19", "Market Cap": "150.454M", "Beta (5Y Monthly)": "1.03", "PE Ratio (TTM)": "17.56", "EPS (TTM)": "2.46", "Earnings Date": "Jul 15, 2021 - Jul 19, 2021", "Forward Dividend & Yield": "0.52 (1.18%)", "Ex-Dividend Date": "Mar 31, 2021", "1y Target Est": "35.50"}}, "fin": {"TTM": {"Duration": "TTM", "Total Revenue": "164,003", "Cost of Revenue": "104,408", "Gross Profit": "59,595", "Operating Expense": "48,182", "Operating Income": "11,413", "Net Non Operating Interest Income Expense": "-919.709", "Other Income Expense": "-666.227", "Pretax Income": "9,827", "Tax Provision": "1,728", "Net Income Common Stockholders": "8,099", "Diluted NI Available to Com Stockholders": "8,099", "Basic EPS": "-", "Diluted EPS": "-", "Basic Average Shares": "-", "Diluted Average Shares": "-", "Total Operating Income as Reported": "11,413", "Total Expenses": "152,590", "Interest Income": "24.654", "Interest Expense": "944.363", "Net Interest Income": "-919.709", "Net Income from Continuing & Discontinued Operation": "8,099", "Normalized Income": "8,099", "EBIT": "10,771", "EBITDA": "14,523", "Reconciled Cost of Revenue": "104,408", "Reconciled Depreciation": "3,752", "Net Income from Continuing Operation Net Minority Interest": "8,099", "Total Unusual Items": "-", "Normalized EBITDA": "14,523", "Tax Rate for Calcs": "0", "Tax Effect of Unusual Items": "0"}, "12/31/2019": {"Duration": "12/31/2019", "Total Revenue": "142,457", "Cost of Revenue": "90,456", "Gross Profit": "52,001", "Operating Expense": "43,572", "Operating Income": "8,429", "Net Non Operating Interest Income Expense": "-1,789", "Other Income Expense": "-97.672", "Pretax Income": "6,543", "Tax Provision": "1,030", "Net Income Common Stockholders": "5,514", "Diluted NI Available to Com Stockholders": "5,514", "Basic EPS": "1.65", "Diluted EPS": "1.60", "Basic Average Shares": "3,352", "Diluted Average Shares": "3,495", "Total Operating Income as Reported": "8,429", "Total Expenses": "134,028", "Interest Income": "39.896", "Interest Expense": "1,828", "Net Interest Income": "-1,789", "Net Income from Continuing & Discontinued Operation": "5,514", "Normalized Income": "5,514", "EBIT": "8,372", "EBITDA": "-", "Reconciled Cost of Revenue": "90,456", "Reconciled Depreciation": "3,433", "Net Income from Continuing Operation Net Minority Interest": "5,514", "Total Unusual Items": "-", "Normalized EBITDA": "11,804", "Tax Rate for Calcs": "0", "Tax Effect of Unusual Items": "0"}, "12/31/2018": {"Duration": "12/31/2018", "Total Revenue": "137,321", "Cost of Revenue": "86,672", "Gross Profit": "50,649", "Operating Expense": "43,192", "Operating Income": "7,457", "Net Non Operating Interest Income Expense": "-1,858", "Other Income Expense": "-67.458", "Pretax Income": "5,531", "Tax Provision": "932.874", "Net Income Common Stockholders": "4,598", "Diluted NI Available to Com Stockholders": "4,598", "Basic EPS": "1.36", "Diluted EPS": "1.30", "Basic Average Shares": "3,371", "Diluted Average Shares": "3,542", "Total Operating Income as Reported": "7,457", "Total Expenses": "129,864", "Interest Income": "32.818", "Interest Expense": "1,891", "Net Interest Income": "-1,858", "Net Income from Continuing & Discontinued Operation": "4,598", "Normalized Income": "4,598", "EBIT": "7,422", "EBITDA": "-", "Reconciled Cost of Revenue": "86,672", "Reconciled Depreciation": "3,229", "Net Income from Continuing Operation Net Minority Interest": "4,598", "Total Unusual Items": "-68", "Normalized EBITDA": "10,651", "Tax Rate for Calcs": "0", "Tax Effect of Unusual Items": "0"}, "12/31/2020": {"Duration": "12/31/2020", "Total Revenue": "164,003", "Cost of Revenue": "104,408", "Gross Profit": "59,595", "Operating Expense": "48,182", "Operating Income": "11,413", "Net Non Operating Interest Income Expense": "-919.709", "Other Income Expense": "-666.227", "Pretax Income": "9,827", "Tax Provision": "1,728", "Net Income Common Stockholders": "8,099", "Diluted NI Available to Com Stockholders": "8,099", "Basic EPS": "-", "Diluted EPS": "-", "Basic Average Shares": "-", "Diluted Average Shares": "-", "Total Operating Income as Reported": "11,413", "Total Expenses": "152,590", "Interest Income": "24.654", "Interest Expense": "944.363", "Net Interest Income": "-919.709", "Net Income from Continuing & Discontinued Operation": "8,099", "Normalized Income": "8,099", "EBIT": "10,771", "EBITDA": "-", "Reconciled Cost of Revenue": "104,408", "Reconciled Depreciation": "3,752", "Net Income from Continuing Operation Net Minority Interest": "8,099", "Total Unusual Items": "-", "Normalized EBITDA": "14,523", "Tax Rate for Calcs": "0", "Tax Effect of Unusual Items": "0"}}, "bs": {"12/31/2019": {"Duration": "12/31/2019", "Total Assets": "110,749", "Total Liabilities Net Minority Interest": "55,044", "Total Equity Gross Minority Interest": "55,705", "Total Capitalization": "92,123", "Common Stock Equity": "55,705", "Capital Lease Obligations": "3,008", "Net Tangible Assets": "35,216", "Working Capital": "56,563", "Invested Capital": "92,123", "Tangible Book Value": "35,216", "Total Debt": "39,693", "Net Debt": "29,596", "Share Issued": "4,838", "Ordinary Shares Number": "3,351", "Treasury Shares Number": "1,487"}, "12/31/2018": {"Duration": "12/31/2018", "Total Assets": "109,478", "Total Liabilities Net Minority Interest": "57,145", "Total Equity Gross Minority Interest": "52,332", "Total Capitalization": "96,060", "Common Stock Equity": "52,332", "Capital Lease Obligations": "-", "Net Tangible Assets": "30,592", "Working Capital": "59,627", "Invested Capital": "96,060", "Tangible Book Value": "30,592", "Total Debt": "43,994", "Net Debt": "39,319", "Share Issued": "4,838", "Ordinary Shares Number": "3,351", "Treasury Shares Number": "1,487"}, "12/31/2020": {"Duration": "12/31/2020", "Total Assets": "129,868", "Total Liabilities Net Minority Interest": "67,151", "Total Equity Gross Minority Interest": "62,716", "Total Capitalization": "107,903", "Common Stock Equity": "62,716", "Capital Lease Obligations": "2,527", "Net Tangible Assets": "39,195", "Working Capital": "63,485", "Invested Capital": "107,903", "Tangible Book Value": "39,195", "Total Debt": "47,980", "Net Debt": "41,019", "Share Issued": "4,841", "Ordinary Shares Number": "3,339", "Treasury Shares Number": "1,502"}}, "cf": {"TTM": {"Duration": "TTM", "Operating Cash Flow": "5,721", "Investing Cash Flow": "-13,952", "Financing Cash Flow": "5,291", "End Cash Position": "4,167", "Income Tax Paid Supplemental Data": "755.337", "Interest Paid Supplemental Data": "930.357", "Capital Expenditure": "-2,569", "Issuance of Capital Stock": "58.754", "Issuance of Debt": "9,035", "Repayment of Debt": "-266.667", "Repurchase of Capital Stock": "-286.988", "Free Cash Flow": "3,152"}, "12/31/2019": {"Duration": "12/31/2019", "Operating Cash Flow": "14,702", "Investing Cash Flow": "-1,680", "Financing Cash Flow": "-10,606", "End Cash Position": "6,822", "Income Tax Paid Supplemental Data": "422.339", "Interest Paid Supplemental Data": "1,864", "Capital Expenditure": "-1,680", "Issuance of Capital Stock": "-", "Issuance of Debt": "-", "Repayment of Debt": "-7,309", "Repurchase of Capital Stock": "0", "Free Cash Flow": "13,022"}, "12/31/2018": {"Duration": "12/31/2018", "Operating Cash Flow": "4,475", "Investing Cash Flow": "-3,231", "Financing Cash Flow": "-6,052", "End Cash Position": "4,409", "Income Tax Paid Supplemental Data": "887.592", "Interest Paid Supplemental Data": "1,855", "Capital Expenditure": "-3,231", "Issuance of Capital Stock": "0", "Issuance of Debt": "0", "Repayment of Debt": "-3,434", "Repurchase of Capital Stock": "-365.149", "Free Cash Flow": "1,244"}, "12/31/2020": {"Duration": "12/31/2020", "Operating Cash Flow": "5,721", "Investing Cash Flow": "-13,952", "Financing Cash Flow": "5,291", "End Cash Position": "4,167", "Income Tax Paid Supplemental Data": "755.337", "Interest Paid Supplemental Data": "930.357", "Capital Expenditure": "-2,569", "Issuance of Capital Stock": "58.754", "Issuance of Debt": "9,035", "Repayment of Debt": "-266.667", "Repurchase of Capital Stock": "-286.988", "Free Cash Flow": "3,152"}}}}, {"LCUT": {"quote": {"05/11/2021": {"value": "15.76", "Market Cap": "340.689M", "Beta (5Y Monthly)": "1.32", "PE Ratio (TTM)": "11.74", "EPS (TTM)": "1.34", "Earnings Date": "Aug 04, 2021 - Aug 09, 2021", "Forward Dividend & Yield": "0.17 (1.10%)", "Ex-Dividend Date": "Apr 30, 2021", "1y Target Est": "20.50"}}, "fin": {"TTM": {"Duration": "TTM", "Total Revenue": "769,169", "Cost of Revenue": "495,171", "Gross Profit": "273,998", "Operating Expense": "228,717", "Operating Income": "45,281", "Net Non Operating Interest Income Expense": "-17,277", "Other Income Expense": "-22,455", "Pretax Income": "5,549", "Tax Provision": "9,866", "Earnings from Equity Interest Net of Tax": "1,310", "Net Income Common Stockholders": "-3,007", "Diluted NI Available to Com Stockholders": "-3,007", "Basic EPS": "-", "Diluted EPS": "-", "Basic Average Shares": "-", "Diluted Average Shares": "-", "Total Operating Income as Reported": "24,970", "Total Expenses": "723,888", "Net Income from Continuing & Discontinued Operation": "-3,007", "Normalized Income": "13,385", "Interest Expense": "17,277", "Net Interest Income": "-17,277", "EBIT": "22,826", "EBITDA": "47,490", "Reconciled Cost of Revenue": "495,171", "Reconciled Depreciation": "24,664", "Net Income from Continuing Operation Net Minority Interest": "-3,007", "Total Unusual Items Excluding Goodwill": "-22,455", "Total Unusual Items": "-22,455", "Normalized EBITDA": "69,945", "Tax Rate for Calcs": "0", "Tax Effect of Unusual Items": "-6,063"}, "12/31/2020": {"Duration": "12/31/2020", "Total Revenue": "769,169", "Cost of Revenue": "495,171", "Gross Profit": "273,998", "Operating Expense": "228,717", "Operating Income": "45,281", "Net Non Operating Interest Income Expense": "-17,277", "Other Income Expense": "-22,455", "Pretax Income": "5,549", "Tax Provision": "9,866", "Earnings from Equity Interest Net of Tax": "1,310", "Net Income Common Stockholders": "-3,007", "Diluted NI Available to Com Stockholders": "-3,007", "Basic EPS": "-", "Diluted EPS": "-", "Basic Average Shares": "-", "Diluted Average Shares": "-", "Total Operating Income as Reported": "24,970", "Total Expenses": "723,888", "Net Income from Continuing & Discontinued Operation": "-3,007", "Normalized Income": "13,385", "Interest Expense": "17,277", "Net Interest Income": "-17,277", "EBIT": "22,826", "EBITDA": "-", "Reconciled Cost of Revenue": "495,171", "Reconciled Depreciation": "24,664", "Net Income from Continuing Operation Net Minority Interest": "-3,007", "Total Unusual Items Excluding Goodwill": "-22,455", "Total Unusual Items": "-22,455", "Normalized EBITDA": "69,945", "Tax Rate for Calcs": "0", "Tax Effect of Unusual Items": "-6,063"}, "12/31/2019": {"Duration": "12/31/2019", "Total Revenue": "734,902", "Cost of Revenue": "479,711", "Gross Profit": "255,191", "Operating Expense": "234,161", "Operating Income": "21,030", "Net Non Operating Interest Income Expense": "-20,378", "Other Income Expense": "-44,425", "Pretax Income": "-43,773", "Tax Provision": "1,109", "Earnings from Equity Interest Net of Tax": "467", "Net Income Common Stockholders": "-44,415", "Diluted NI Available to Com Stockholders": "-44,415", "Basic EPS": "-2.16", "Diluted EPS": "-2.16", "Basic Average Shares": "20,597", "Diluted Average Shares": "20,597", "Total Operating Income as Reported": "-23,395", "Total Expenses": "713,872", "Net Income from Continuing & Discontinued Operation": "-44,415", "Normalized Income": "-11,985", "Interest Expense": "20,378", "Net Interest Income": "-20,378", "EBIT": "-23,395", "EBITDA": "-", "Reconciled Cost of Revenue": "479,711", "Reconciled Depreciation": "25,115", "Net Income from Continuing Operation Net Minority Interest": "-44,415", "Total Unusual Items Excluding Goodwill": "-44,425", "Total Unusual Items": "-44,425", "Normalized EBITDA": "46,145", "Tax Rate for Calcs": "0", "Tax Effect of Unusual Items": "-11,995"}, "12/31/2018": {"Duration": "12/31/2018", "Total Revenue": "704,542", "Cost of Revenue": "448,785", "Gross Profit": "255,757", "Operating Expense": "232,649", "Operating Income": "23,108", "Net Non Operating Interest Income Expense": "-18,004", "Other Income Expense": "-4,595", "Pretax Income": "509", "Tax Provision": "2,889", "Earnings from Equity Interest Net of Tax": "660", "Net Income Common Stockholders": "-1,720", "Diluted NI Available to Com Stockholders": "-1,720", "Basic EPS": "-0.09", "Diluted EPS": "-0.09", "Basic Average Shares": "19,452", "Diluted Average Shares": "19,452", "Total Operating Income as Reported": "18,579", "Total Expenses": "681,434", "Net Income from Continuing & Discontinued Operation": "-1,720", "Normalized Income": "1,634", "Interest Expense": "18,004", "Net Interest Income": "-18,004", "EBIT": "18,513", "EBITDA": "-", "Reconciled Cost of Revenue": "448,785", "Reconciled Depreciation": "23,329", "Net Income from Continuing Operation Net Minority Interest": "-1,720", "Total Unusual Items Excluding Goodwill": "-4,595", "Total Unusual Items": "-4,595", "Normalized EBITDA": "46,437", "Tax Rate for Calcs": "0", "Tax Effect of Unusual Items": "-1,241"}}, "bs": {"12/31/2020": {"Duration": "12/31/2020", "Total Assets": "807,481", "Total Liabilities Net Minority Interest": "577,345", "Total Equity Gross Minority Interest": "230,136", "Total Capitalization": "496,415", "Common Stock Equity": "230,136", "Capital Lease Obligations": "113,835", "Net Tangible Assets": "-13,889", "Working Capital": "241,223", "Invested Capital": "514,072", "Tangible Book Value": "-13,889", "Total Debt": "397,771", "Net Debt": "247,973", "Share Issued": "21,755", "Ordinary Shares Number": "21,755"}, "12/31/2019": {"Duration": "12/31/2019", "Total Assets": "770,023", "Total Liabilities Net Minority Interest": "533,706", "Total Equity Gross Minority Interest": "236,317", "Total Capitalization": "523,420", "Common Stock Equity": "236,317", "Capital Lease Obligations": "122,841", "Net Tangible Assets": "-44,154", "Working Capital": "221,846", "Invested Capital": "531,833", "Tangible Book Value": "-44,154", "Total Debt": "418,357", "Net Debt": "284,146", "Share Issued": "21,256", "Ordinary Shares Number": "21,256"}, "12/31/2018": {"Duration": "12/31/2018", "Total Assets": "708,572", "Total Liabilities Net Minority Interest": "429,079", "Total Equity Gross Minority Interest": "279,493", "Total Capitalization": "584,267", "Common Stock Equity": "279,493", "Capital Lease Obligations": "-", "Net Tangible Assets": "-59,354", "Working Capital": "233,928", "Invested Capital": "585,520", "Tangible Book Value": "-59,354", "Total Debt": "306,027", "Net Debt": "298,380", "Share Issued": "20,764", "Ordinary Shares Number": "20,764"}}, "cf": {"TTM": {"Duration": "TTM", "Operating Cash Flow": "44,813", "Investing Cash Flow": "-2,082", "Financing Cash Flow": "-18,236", "End Cash Position": "35,963", "Income Tax Paid Supplemental Data": "-", "Interest Paid Supplemental Data": "-", "Capital Expenditure": "-2,082", "Issuance of Debt": "129,244", "Repayment of Debt": "-143,198", "Repurchase of Capital Stock": "-", "Free Cash Flow": "42,731"}, "12/31/2020": {"Duration": "12/31/2020", "Operating Cash Flow": "44,813", "Investing Cash Flow": "-2,082", "Financing Cash Flow": "-18,236", "End Cash Position": "35,963", "Income Tax Paid Supplemental Data": "-", "Interest Paid Supplemental Data": "-", "Capital Expenditure": "-2,082", "Issuance of Debt": "129,244", "Repayment of Debt": "-143,198", "Repurchase of Capital Stock": "-", "Free Cash Flow": "42,731"}, "12/31/2019": {"Duration": "12/31/2019", "Operating Cash Flow": "29,872", "Investing Cash Flow": "-9,169", "Financing Cash Flow": "-16,916", "End Cash Position": "11,370", "Income Tax Paid Supplemental Data": "2,057", "Interest Paid Supplemental Data": "18,859", "Capital Expenditure": "-9,169", "Issuance of Debt": "345,494", "Repayment of Debt": "-358,572", "Repurchase of Capital Stock": "-", "Free Cash Flow": "20,703"}, "12/31/2018": {"Duration": "12/31/2018", "Operating Cash Flow": "19,175", "Investing Cash Flow": "-224,180", "Financing Cash Flow": "205,288", "End Cash Position": "7,647", "Income Tax Paid Supplemental Data": "2,599", "Interest Paid Supplemental Data": "16,319", "Capital Expenditure": "-7,902", "Issuance of Debt": "544,128", "Repayment of Debt": "-323,185", "Repurchase of Capital Stock": "-", "Free Cash Flow": "11,273"}}}}, {"CLX": {"quote": {"05/11/2021": {"value": "185.94", "Market Cap": "23.126B", "Beta (5Y Monthly)": "0.18", "PE Ratio (TTM)": "25.84", "EPS (TTM)": "7.20", "Earnings Date": "Aug 02, 2021 - Aug 06, 2021", "Forward Dividend & Yield": "4.44 (2.36%)", "Ex-Dividend Date": "Apr 20, 2021", "1y Target Est": "192.46"}}, "fin": {"TTM": {"Duration": "TTM", "Total Revenue": "7,522,000", "Cost of Revenue": "4,062,000", "Gross Profit": "3,460,000", "Operating Expense": "1,962,000", "Operating Income": "1,498,000", "Net Non Operating Interest Income Expense": "-97,000", "Other Income Expense": "-207,000", "Pretax Income": "1,194,000", "Tax Provision": "265,000", "Net Income Common Stockholders": "923,000", "Diluted NI Available to Com Stockholders": "923,000", "Basic EPS": "-", "Diluted EPS": "-", "Basic Average Shares": "-", "Diluted Average Shares": "-", "Total Expenses": "6,024,000", "Net Income from Continuing & Discontinued Operation": "923,000", "Normalized Income": "1,174,312", "Interest Income": "2,000", "Interest Expense": "99,000", "Net Interest Income": "-97,000", "EBIT": "1,293,000", "EBITDA": "1,497,000", "Reconciled Cost of Revenue": "4,062,000", "Reconciled Depreciation": "204,000", "Net Income from Continuing Operation Net Minority Interest": "923,000", "Total Unusual Items Excluding Goodwill": "6,000", "Total Unusual Items": "6,000", "Normalized EBITDA": "1,820,000", "Tax Rate for Calcs": "0", "Tax Effect of Unusual Items": "-71,688"}, "6/30/2020": {"Duration": "6/30/2020", "Total Revenue": "6,721,000", "Cost of Revenue": "3,658,000", "Gross Profit": "3,063,000", "Operating Expense": "1,802,000", "Operating Income": "1,261,000", "Net Non Operating Interest Income Expense": "-97,000", "Other Income Expense": "21,000", "Pretax Income": "1,185,000", "Tax Provision": "246,000", "Net Income Common Stockholders": "939,000", "Diluted NI Available to Com Stockholders": "939,000", "Basic EPS": "7.46", "Diluted EPS": "7.36", "Basic Average Shares": "125,828", "Diluted Average Shares": "127,671", "Total Expenses": "5,460,000", "Net Income from Continuing & Discontinued Operation": "939,000", "Normalized Income": "934,248", "Interest Income": "2,000", "Interest Expense": "99,000", "Net Interest Income": "-97,000", "EBIT": "1,284,000", "EBITDA": "-", "Reconciled Cost of Revenue": "3,491,000", "Reconciled Depreciation": "180,000", "Net Income from Continuing Operation Net Minority Interest": "939,000", "Total Unusual Items Excluding Goodwill": "6,000", "Total Unusual Items": "6,000", "Normalized EBITDA": "1,458,000", "Tax Rate for Calcs": "0", "Tax Effect of Unusual Items": "1,248"}, "6/30/2019": {"Duration": "6/30/2019", "Total Revenue": "6,214,000", "Cost of Revenue": "3,486,000", "Gross Profit": "2,728,000", "Operating Expense": "1,621,000", "Operating Income": "1,107,000", "Net Non Operating Interest Income Expense": "-94,000", "Other Income Expense": "11,000", "Pretax Income": "1,024,000", "Tax Provision": "204,000", "Net Income Common Stockholders": "820,000", "Diluted NI Available to Com Stockholders": "820,000", "Basic EPS": "6.42", "Diluted EPS": "6.32", "Basic Average Shares": "127,734", "Diluted Average Shares": "129,792", "Total Expenses": "5,107,000", "Net Income from Continuing & Discontinued Operation": "820,000", "Normalized Income": "825,614", "Interest Income": "3,000", "Interest Expense": "97,000", "Net Interest Income": "-94,000", "EBIT": "1,121,000", "EBITDA": "-", "Reconciled Cost of Revenue": "3,323,000", "Reconciled Depreciation": "180,000", "Net Income from Continuing Operation Net Minority Interest": "820,000", "Total Unusual Items Excluding Goodwill": "-7,000", "Total Unusual Items": "-7,000", "Normalized EBITDA": "1,308,000", "Tax Rate for Calcs": "0", "Tax Effect of Unusual Items": "-1,386"}, "6/30/2018": {"Duration": "6/30/2018", "Total Revenue": "6,124,000", "Cost of Revenue": "3,449,000", "Gross Profit": "2,675,000", "Operating Expense": "1,550,000", "Operating Income": "1,125,000", "Net Non Operating Interest Income Expense": "-79,000", "Other Income Expense": "8,000", "Pretax Income": "1,054,000", "Tax Provision": "231,000", "Net Income Common Stockholders": "823,000", "Diluted NI Available to Com Stockholders": "823,000", "Basic EPS": "6.37", "Diluted EPS": "6.26", "Basic Average Shares": "129,293", "Diluted Average Shares": "131,581", "Total Expenses": "4,999,000", "Net Income from Continuing & Discontinued Operation": "823,000", "Normalized Income": "829,256", "Interest Income": "6,000", "Interest Expense": "85,000", "Net Interest Income": "-79,000", "EBIT": "1,139,000", "EBITDA": "-", "Reconciled Cost of Revenue": "3,294,000", "Reconciled Depreciation": "166,000", "Net Income from Continuing Operation Net Minority Interest": "823,000", "Total Unusual Items Excluding Goodwill": "-8,000", "Total Unusual Items": "-8,000", "Normalized EBITDA": "1,313,000", "Tax Rate for Calcs": "0", "Tax Effect of Unusual Items": "-1,744"}}, "bs": {"6/30/2020": {"Duration": "6/30/2020", "Total Assets": "6,213,000", "Total Liabilities Net Minority Interest": "5,305,000", "Total Equity Gross Minority Interest": "908,000", "Total Capitalization": "3,688,000", "Common Stock Equity": "908,000", "Capital Lease Obligations": "342,000", "Net Tangible Assets": "-1,563,000", "Working Capital": "602,000", "Invested Capital": "3,688,000", "Tangible Book Value": "-1,563,000", "Total Debt": "3,122,000", "Net Debt": "1,909,000", "Share Issued": "158,741", "Ordinary Shares Number": "126,199", "Treasury Shares Number": "32,543"}, "6/30/2019": {"Duration": "6/30/2019", "Total Assets": "5,116,000", "Total Liabilities Net Minority Interest": "4,557,000", "Total Equity Gross Minority Interest": "559,000", "Total Capitalization": "2,846,000", "Common Stock Equity": "559,000", "Capital Lease Obligations": "-", "Net Tangible Assets": "-1,944,000", "Working Capital": "-135,000", "Invested Capital": "3,242,000", "Tangible Book Value": "-1,944,000", "Total Debt": "2,683,000", "Net Debt": "2,572,000", "Share Issued": "158,741", "Ordinary Shares Number": "125,686", "Treasury Shares Number": "33,055"}, "6/30/2018": {"Duration": "6/30/2018", "Total Assets": "5,060,000", "Total Liabilities Net Minority Interest": "4,334,000", "Total Equity Gross Minority Interest": "726,000", "Total Capitalization": "3,010,000", "Common Stock Equity": "726,000", "Capital Lease Obligations": "-", "Net Tangible Assets": "-1,805,000", "Working Capital": "111,000", "Invested Capital": "3,209,000", "Tangible Book Value": "-1,805,000", "Total Debt": "2,483,000", "Net Debt": "2,352,000", "Share Issued": "158,741", "Ordinary Shares Number": "127,983", "Treasury Shares Number": "30,759"}}, "cf": {"TTM": {"Duration": "TTM", "Operating Cash Flow": "1,633,000", "Investing Cash Flow": "-448,000", "Financing Cash Flow": "-1,206,000", "End Cash Position": "484,000", "Income Tax Paid Supplemental Data": "241,000", "Interest Paid Supplemental Data": "89,000", "Capital Expenditure": "-328,000", "Issuance of Debt": "492,000", "Repayment of Debt": "0", "Repurchase of Capital Stock": "-628,000", "Free Cash Flow": "1,305,000"}, "6/30/2020": {"Duration": "6/30/2020", "Operating Cash Flow": "1,546,000", "Investing Cash Flow": "-252,000", "Financing Cash Flow": "-523,000", "End Cash Position": "879,000", "Income Tax Paid Supplemental Data": "241,000", "Interest Paid Supplemental Data": "89,000", "Capital Expenditure": "-254,000", "Issuance of Debt": "492,000", "Repayment of Debt": "0", "Repurchase of Capital Stock": "-248,000", "Free Cash Flow": "1,292,000"}, "6/30/2019": {"Duration": "6/30/2019", "Operating Cash Flow": "992,000", "Investing Cash Flow": "-196,000", "Financing Cash Flow": "-815,000", "End Cash Position": "113,000", "Income Tax Paid Supplemental Data": "207,000", "Interest Paid Supplemental Data": "87,000", "Capital Expenditure": "-206,000", "Issuance of Debt": "0", "Repayment of Debt": "0", "Repurchase of Capital Stock": "-661,000", "Free Cash Flow": "786,000"}, "6/30/2018": {"Duration": "6/30/2018", "Operating Cash Flow": "974,000", "Investing Cash Flow": "-859,000", "Financing Cash Flow": "-399,000", "End Cash Position": "131,000", "Income Tax Paid Supplemental Data": "245,000", "Interest Paid Supplemental Data": "75,000", "Capital Expenditure": "-194,000", "Issuance of Debt": "891,000", "Repayment of Debt": "-400,000", "Repurchase of Capital Stock": "-271,000", "Free Cash Flow": "780,000"}}}}, {"HELE": {"quote": {"05/11/2021": {"value": "224.32", "Market Cap": "5.485B", "Beta (5Y Monthly)": "0.84", "PE Ratio (TTM)": "22.25", "EPS (TTM)": "10.08", "Earnings Date": "Jul 07, 2021 - Jul 12, 2021", "Forward Dividend & Yield": "N/A (N/A)", "Ex-Dividend Date": "N/A", "1y Target Est": "253.60"}}, "fin": {"TTM": {"Duration": "TTM", "Total Revenue": "2,098,799", "Cost of Revenue": "1,171,497", "Gross Profit": "927,302", "Operating Expense": "637,012", "Operating Income": "290,290", "Net Non Operating Interest Income Expense": "-12,617", "Other Income Expense": "-8,243", "Pretax Income": "269,430", "Tax Provision": "15,484", "Net Income Common Stockholders": "253,946", "Diluted NI Available to Com Stockholders": "253,946", "Basic EPS": "-", "Diluted EPS": "-", "Basic Average Shares": "-", "Diluted Average Shares": "-", "Total Operating Income as Reported": "281,488", "Total Expenses": "1,808,509", "Net Income from Continuing & Discontinued Operation": "253,946", "Normalized Income": "262,246", "Interest Expense": "12,617", "Net Interest Income": "-12,617", "EBIT": "282,047", "EBITDA": "319,765", "Reconciled Cost of Revenue": "1,171,497", "Reconciled Depreciation": "37,718", "Net Income from Continuing Operation Net Minority Interest": "253,946", "Total Unusual Items Excluding Goodwill": "-8,802", "Total Unusual Items": "-8,802", "Normalized EBITDA": "328,567", "Tax Rate for Calcs": "0", "Tax Effect of Unusual Items": "-501.714"}, "2/29/2020": {"Duration": "2/29/2020", "Total Revenue": "1,707,432", "Cost of Revenue": "972,966", "Gross Profit": "734,466", "Operating Expense": "511,902", "Operating Income": "222,564", "Net Non Operating Interest Income Expense": "-12,590", "Other Income Expense": "-44,034", "Pretax Income": "165,940", "Tax Provision": "13,607", "Net Income Common Stockholders": "152,333", "Diluted NI Available to Com Stockholders": "152,333", "Basic EPS": "6.06", "Diluted EPS": "6.02", "Basic Average Shares": "25,118", "Diluted Average Shares": "25,322", "Total Operating Income as Reported": "178,251", "Total Expenses": "1,484,868", "Net Income from Continuing & Discontinued Operation": "152,333", "Normalized Income": "193,118", "Interest Expense": "10,970", "Net Interest Income": "-12,590", "EBIT": "176,910", "EBITDA": "-", "Reconciled Cost of Revenue": "972,966", "Reconciled Depreciation": "39,091", "Net Income from Continuing Operation Net Minority Interest": "152,333", "Total Unusual Items Excluding Goodwill": "-44,428", "Total Unusual Items": "-44,428", "Normalized EBITDA": "260,429", "Tax Rate for Calcs": "0", "Tax Effect of Unusual Items": "-3,643"}, "2/28/2019": {"Duration": "2/28/2019", "Total Revenue": "1,564,151", "Cost of Revenue": "923,045", "Gross Profit": "641,106", "Operating Expense": "438,141", "Operating Income": "202,965", "Net Non Operating Interest Income Expense": "-12,381", "Other Income Expense": "-2,584", "Pretax Income": "188,000", "Tax Provision": "13,776", "Net Income Common Stockholders": "168,545", "Diluted NI Available to Com Stockholders": "168,545", "Basic EPS": "6.46", "Diluted EPS": "6.41", "Basic Average Shares": "26,073", "Diluted Average Shares": "26,303", "Total Operating Income as Reported": "199,379", "Total Expenses": "1,361,186", "Net Income from Continuing & Discontinued Operation": "168,545", "Normalized Income": "176,935", "Interest Expense": "11,366", "Net Interest Income": "-12,381", "EBIT": "199,366", "EBITDA": "-", "Reconciled Cost of Revenue": "923,045", "Reconciled Depreciation": "29,927", "Net Income from Continuing Operation Net Minority Interest": "174,224", "Total Unusual Items Excluding Goodwill": "-2,924", "Total Unusual Items": "-2,924", "Normalized EBITDA": "232,217", "Tax Rate for Calcs": "0", "Tax Effect of Unusual Items": "-213.452"}, "2/28/2021": {"Duration": "2/28/2021", "Total Revenue": "2,098,799", "Cost of Revenue": "1,171,497", "Gross Profit": "927,302", "Operating Expense": "637,012", "Operating Income": "290,290", "Net Non Operating Interest Income Expense": "-12,617", "Other Income Expense": "-8,243", "Pretax Income": "269,430", "Tax Provision": "15,484", "Net Income Common Stockholders": "253,946", "Diluted NI Available to Com Stockholders": "253,946", "Basic EPS": "10.16", "Diluted EPS": "10.08", "Basic Average Shares": "24,985", "Diluted Average Shares": "25,196", "Total Operating Income as Reported": "281,488", "Total Expenses": "1,808,509", "Net Income from Continuing & Discontinued Operation": "253,946", "Normalized Income": "262,246", "Interest Expense": "12,617", "Net Interest Income": "-12,617", "EBIT": "282,047", "EBITDA": "-", "Reconciled Cost of Revenue": "1,171,497", "Reconciled Depreciation": "37,718", "Net Income from Continuing Operation Net Minority Interest": "253,946", "Total Unusual Items Excluding Goodwill": "-8,802", "Total Unusual Items": "-8,802", "Normalized EBITDA": "328,567", "Tax Rate for Calcs": "0", "Tax Effect of Unusual Items": "-501.714"}}, "bs": {"2/29/2020": {"Duration": "2/29/2020", "Total Assets": "1,903,883", "Total Liabilities Net Minority Interest": "742,160", "Total Equity Gross Minority Interest": "1,161,723", "Total Capitalization": "1,499,144", "Common Stock Equity": "1,161,723", "Capital Lease Obligations": "40,861", "Net Tangible Assets": "120,870", "Working Capital": "343,940", "Invested Capital": "1,501,028", "Tangible Book Value": "120,870", "Total Debt": "380,166", "Net Debt": "314,838", "Share Issued": "25,194", "Ordinary Shares Number": "25,194"}, "2/28/2019": {"Duration": "2/28/2019", "Total Assets": "1,649,535", "Total Liabilities Net Minority Interest": "652,898", "Total Equity Gross Minority Interest": "996,637", "Total Capitalization": "1,315,537", "Common Stock Equity": "996,637", "Capital Lease Obligations": "-", "Net Tangible Assets": "102,791", "Working Capital": "292,828", "Invested Capital": "1,317,421", "Tangible Book Value": "102,791", "Total Debt": "320,784", "Net Debt": "308,913", "Share Issued": "24,946", "Ordinary Shares Number": "24,946"}, "2/28/2021": {"Duration": "2/28/2021", "Total Assets": "2,263,488", "Total Liabilities Net Minority Interest": "1,024,141", "Total Equity Gross Minority Interest": "1,239,347", "Total Capitalization": "1,581,093", "Common Stock Equity": "1,239,347", "Capital Lease Obligations": "38,352", "Net Tangible Assets": "142,182", "Working Capital": "357,045", "Invested Capital": "1,582,977", "Tangible Book Value": "142,182", "Total Debt": "381,982", "Net Debt": "298,510", "Share Issued": "24,406", "Ordinary Shares Number": "24,406"}}, "cf": {"TTM": {"Duration": "TTM", "Operating Cash Flow": "314,106", "Investing Cash Flow": "-98,668", "Financing Cash Flow": "-194,785", "Cash Flow from Discontinued Operation": "-45,120", "End Cash Position": "-", "Income Tax Paid Supplemental Data": "19,692", "Interest Paid Supplemental Data": "11,640", "Capital Expenditure": "-98,668", "Issuance of Capital Stock": "-", "Issuance of Debt": "937,400", "Repayment of Debt": "-930,300", "Repurchase of Capital Stock": "-203,294", "Free Cash Flow": "215,438"}, "2/29/2020": {"Duration": "2/29/2020", "Operating Cash Flow": "271,293", "Investing Cash Flow": "-273,617", "Financing Cash Flow": "14,920", "Cash Flow from Discontinued Operation": "0", "End Cash Position": "24,467", "Income Tax Paid Supplemental Data": "23,279", "Interest Paid Supplemental Data": "12,777", "Capital Expenditure": "-17,759", "Issuance of Capital Stock": "10,169", "Issuance of Debt": "771,300", "Repayment of Debt": "-754,400", "Repurchase of Capital Stock": "-10,169", "Free Cash Flow": "253,534"}, "2/28/2019": {"Duration": "2/28/2019", "Operating Cash Flow": "195,303", "Investing Cash Flow": "-25,247", "Financing Cash Flow": "-178,923", "Cash Flow from Discontinued Operation": "0", "End Cash Position": "11,871", "Income Tax Paid Supplemental Data": "4,277", "Interest Paid Supplemental Data": "11,292", "Capital Expenditure": "-26,385", "Issuance of Capital Stock": "217,493", "Issuance of Debt": "667,250", "Repayment of Debt": "-637,350", "Repurchase of Capital Stock": "-217,493", "Free Cash Flow": "168,918"}, "2/28/2021": {"Duration": "2/28/2021", "Operating Cash Flow": "314,106", "Investing Cash Flow": "-98,668", "Financing Cash Flow": "-194,785", "Cash Flow from Discontinued Operation": "-45,120", "End Cash Position": "-", "Income Tax Paid Supplemental Data": "19,692", "Interest Paid Supplemental Data": "11,640", "Capital Expenditure": "-98,668", "Issuance of Capital Stock": "-", "Issuance of Debt": "937,400", "Repayment of Debt": "-930,300", "Repurchase of Capital Stock": "-203,294", "Free Cash Flow": "215,438"}}}}, {"NWL": {"quote": {"05/11/2021": {"value": "28.98", "Market Cap": "12.325B", "Beta (5Y Monthly)": "0.96", "PE Ratio (TTM)": "20.61", "EPS (TTM)": "1.41", "Earnings Date": "Jul 29, 2021 - Aug 02, 2021", "Forward Dividend & Yield": "0.92 (3.14%)", "Ex-Dividend Date": "May 27, 2021", "1y Target Est": "27.89"}}, "fin": {"TTM": {"Duration": "TTM", "Total Revenue": "9,787,000", "Cost of Revenue": "6,594,000", "Gross Profit": "3,193,000", "Operating Expense": "2,175,000", "Operating Income": "1,018,000", "Net Non Operating Interest Income Expense": "-278,000", "Other Income Expense": "-137,000", "Pretax Income": "603,000", "Tax Provision": "5,000", "Net Income Common Stockholders": "598,000", "Diluted NI Available to Com Stockholders": "598,000", "Basic EPS": "-", "Diluted EPS": "-", "Basic Average Shares": "-", "Diluted Average Shares": "-", "Total Operating Income as Reported": "966,000", "Total Expenses": "8,769,000", "Net Income from Continuing & Discontinued Operation": "598,000", "Normalized Income": "681,303", "Interest Expense": "278,000", "Net Interest Income": "-278,000", "EBIT": "881,000", "EBITDA": "1,233,000", "Reconciled Cost of Revenue": "6,594,000", "Reconciled Depreciation": "352,000", "Net Income from Continuing Operation Net Minority Interest": "598,000", "Total Unusual Items Excluding Goodwill": "-84,000", "Total Unusual Items": "-84,000", "Normalized EBITDA": "1,317,000", "Tax Rate for Calcs": "0", "Tax Effect of Unusual Items": "-696.5174"}, "12/31/2020": {"Duration": "12/31/2020", "Total Revenue": "9,385,000", "Cost of Revenue": "6,306,000", "Gross Profit": "3,079,000", "Operating Expense": "2,189,000", "Operating Income": "890,000", "Net Non Operating Interest Income Expense": "-274,000", "Other Income Expense": "-1,622,000", "Pretax Income": "-1,006,000", "Tax Provision": "-236,000", "Net Income Common Stockholders": "-770,000", "Diluted NI Available to Com Stockholders": "-770,000", "Basic EPS": "-", "Diluted EPS": "-", "Basic Average Shares": "-", "Diluted Average Shares": "-", "Total Operating Income as Reported": "-634,000", "Total Expenses": "8,495,000", "Net Income from Continuing & Discontinued Operation": "-770,000", "Normalized Income": "431,050", "Interest Expense": "274,000", "Net Interest Income": "-274,000", "EBIT": "-732,000", "EBITDA": "-", "Reconciled Cost of Revenue": "6,306,000", "Reconciled Depreciation": "357,000", "Net Income from Continuing Operation Net Minority Interest": "-770,000", "Total Unusual Items Excluding Goodwill": "-1,570,000", "Total Unusual Items": "-1,570,000", "Normalized EBITDA": "1,195,000", "Tax Rate for Calcs": "0", "Tax Effect of Unusual Items": "-368,950"}, "12/31/2019": {"Duration": "12/31/2019", "Total Revenue": "9,714,900", "Cost of Revenue": "6,495,500", "Gross Profit": "3,219,400", "Operating Expense": "2,451,000", "Operating Income": "768,400", "Net Non Operating Interest Income Expense": "-303,300", "Other Income Expense": "-1,316,700", "Pretax Income": "-851,600", "Tax Provision": "-1,037,700", "Net Income Common Stockholders": "106,600", "Diluted NI Available to Com Stockholders": "106,600", "Basic EPS": "0.25", "Diluted EPS": "0.25", "Basic Average Shares": "423,300", "Diluted Average Shares": "423,900", "Total Operating Income as Reported": "-481,700", "Total Expenses": "8,946,500", "Net Income from Continuing & Discontinued Operation": "106,600", "Normalized Income": "1,143,860", "Interest Expense": "-", "Net Interest Income": "-303,300", "EBIT": "768,400", "EBITDA": "-", "Reconciled Cost of Revenue": "6,495,500", "Reconciled Depreciation": "446,000", "Net Income from Continuing Operation Net Minority Interest": "186,100", "Total Unusual Items Excluding Goodwill": "-1,312,000", "Total Unusual Items": "-1,312,000", "Normalized EBITDA": "2,526,400", "Tax Rate for Calcs": "0", "Tax Effect of Unusual Items": "-354,240"}, "12/31/2018": {"Duration": "12/31/2018", "Total Revenue": "8,630,900", "Cost of Revenue": "5,622,100", "Gross Profit": "3,008,800", "Operating Expense": "2,434,800", "Operating Income": "574,000", "Net Non Operating Interest Income Expense": "-446,300", "Other Income Expense": "-8,395,400", "Pretax Income": "-8,267,700", "Tax Provision": "-1,478,100", "Net Income Common Stockholders": "-6,917,900", "Diluted NI Available to Com Stockholders": "-6,917,900", "Basic EPS": "-14.60", "Diluted EPS": "-14.60", "Basic Average Shares": "473,700", "Diluted Average Shares": "473,700", "Total Operating Income as Reported": "-7,828,500", "Total Expenses": "8,056,900", "Net Income from Continuing & Discontinued Operation": "-6,917,900", "Normalized Income": "112,219", "Interest Expense": "-", "Net Interest Income": "-446,300", "EBIT": "574,000", "EBITDA": "-", "Reconciled Cost of Revenue": "5,622,100", "Reconciled Depreciation": "433,900", "Net Income from Continuing Operation Net Minority Interest": "-6,789,600", "Total Unusual Items Excluding Goodwill": "-8,406,600", "Total Unusual Items": "-8,406,600", "Normalized EBITDA": "9,414,500", "Tax Rate for Calcs": "0", "Tax Effect of Unusual Items": "-1,504,781"}}, "bs": {"12/31/2020": {"Duration": "12/31/2020", "Total Assets": "14,700,000", "Total Liabilities Net Minority Interest": "10,800,000", "Total Equity Gross Minority Interest": "3,900,000", "Total Capitalization": "9,015,000", "Common Stock Equity": "3,874,000", "Capital Lease Obligations": "601,000", "Net Tangible Assets": "-3,243,000", "Working Capital": "1,007,000", "Invested Capital": "9,481,000", "Tangible Book Value": "-3,243,000", "Total Debt": "6,208,000", "Net Debt": "4,626,000", "Share Issued": "448,400", "Ordinary Shares Number": "424,400", "Treasury Shares Number": "24,000"}, "12/31/2019": {"Duration": "12/31/2019", "Total Assets": "15,642,000", "Total Liabilities Net Minority Interest": "10,646,000", "Total Equity Gross Minority Interest": "4,996,000", "Total Capitalization": "10,354,600", "Common Stock Equity": "4,963,300", "Capital Lease Obligations": "673,800", "Net Tangible Assets": "-3,661,900", "Working Capital": "1,131,900", "Invested Capital": "10,687,000", "Tangible Book Value": "-3,661,900", "Total Debt": "6,397,500", "Net Debt": "5,375,100", "Share Issued": "447,100", "Ordinary Shares Number": "423,500", "Treasury Shares Number": "23,600"}, "12/31/2018": {"Duration": "12/31/2018", "Total Assets": "17,716,400", "Total Liabilities Net Minority Interest": "12,438,600", "Total Equity Gross Minority Interest": "5,277,800", "Total Capitalization": "11,939,300", "Common Stock Equity": "5,243,000", "Capital Lease Obligations": "-", "Net Tangible Assets": "-3,306,800", "Working Capital": "4,418,800", "Invested Capital": "12,258,000", "Tangible Book Value": "-3,306,800", "Total Debt": "7,015,000", "Net Debt": "6,519,300", "Share Issued": "446,100", "Ordinary Shares Number": "422,800", "Treasury Shares Number": "23,300"}}, "cf": {"TTM": {"Duration": "TTM", "Operating Cash Flow": "1,384,000", "Investing Cash Flow": "-226,000", "Financing Cash Flow": "-971,000", "End Cash Position": "674,000", "Income Tax Paid Supplemental Data": "-", "Interest Paid Supplemental Data": "-", "Capital Expenditure": "-255,000", "Issuance of Debt": "186,000", "Repayment of Debt": "-709,000", "Repurchase of Capital Stock": "-", "Free Cash Flow": "1,129,000"}, "12/31/2020": {"Duration": "12/31/2020", "Operating Cash Flow": "1,432,000", "Investing Cash Flow": "-228,000", "Financing Cash Flow": "-559,000", "End Cash Position": "1,021,000", "Income Tax Paid Supplemental Data": "106,000", "Interest Paid Supplemental Data": "281,000", "Capital Expenditure": "-259,000", "Issuance of Debt": "491,000", "Repayment of Debt": "-625,000", "Repurchase of Capital Stock": "0", "Free Cash Flow": "1,173,000"}, "12/31/2019": {"Duration": "12/31/2019", "Operating Cash Flow": "1,044,000", "Investing Cash Flow": "735,400", "Financing Cash Flow": "-1,903,600", "End Cash Position": "370,900", "Income Tax Paid Supplemental Data": "156,000", "Interest Paid Supplemental Data": "304,400", "Capital Expenditure": "-264,900", "Issuance of Debt": "-", "Repayment of Debt": "-1,311,000", "Repurchase of Capital Stock": "0", "Free Cash Flow": "779,100"}, "12/31/2018": {"Duration": "12/31/2018", "Operating Cash Flow": "680,000", "Investing Cash Flow": "4,807,400", "Financing Cash Flow": "-5,454,500", "End Cash Position": "495,700", "Income Tax Paid Supplemental Data": "-", "Interest Paid Supplemental Data": "-", "Capital Expenditure": "-384,400", "Issuance of Debt": "0", "Repayment of Debt": "-2,590,300", "Repurchase of Capital Stock": "-1,526,100", "Free Cash Flow": "295,600"}}}}]