[{"BRID": {"quote": {"03/20/2021": {"value": "15.20", "Market Cap": "137.968M", "Beta (5Y Monthly)": "0.01", "PE Ratio (TTM)": "19.92", "EPS (TTM)": "0.76", "Earnings Date": "May 29, 2020", "Forward Dividend & Yield": "N/A (N/A)", "Ex-Dividend Date": "Nov 23, 2012", "1y Target Est": "N/A"}}, "fin": {"TTM": {"Duration": "TTM", "Total Revenue": "206,021", "Cost of Revenue": "147,006", "Gross Profit": "59,015", "Operating Expense": "56,370", "Operating Income": "2,645", "Other Income Expense": "2,147", "Pretax Income": "4,538", "Tax Provision": "-2,390", "Net Income Common Stockholders": "6,928", "Diluted NI Available to Com Stockholders": "6,928", "Basic EPS": "-", "Diluted EPS": "-", "Basic Average Shares": "-", "Diluted Average Shares": "-", "Total Expenses": "203,376", "Net Income from Continuing & Discontinued Operation": "6,928", "Normalized Income": "5,640", "EBIT": "3,828", "EBITDA": "9,694", "Reconciled Cost of Revenue": "147,006", "Reconciled Depreciation": "5,866", "Net Income from Continuing Operation Net Minority Interest": "6,928", "Total Unusual Items Excluding Goodwill": "2,147", "Total Unusual Items": "2,147", "Normalized EBITDA": "7,547", "Tax Rate for Calcs": "0", "Tax Effect of Unusual Items": "858.8"}, "10/31/2020": {"Duration": "10/31/2020", "Total Revenue": "197,970", "Cost of Revenue": "138,452", "Gross Profit": "59,518", "Operating Expense": "55,352", "Operating Income": "4,166", "Other Income Expense": "964", "Pretax Income": "5,130", "Tax Provision": "-2,193", "Net Income Common Stockholders": "7,323", "Diluted NI Available to Com Stockholders": "7,323", "Basic EPS": "-", "Diluted EPS": "-", "Basic Average Shares": "-", "Diluted Average Shares": "-", "Total Expenses": "193,804", "Net Income from Continuing & Discontinued Operation": "7,323", "Normalized Income": "6,619", "EBIT": "4,166", "EBITDA": "-", "Reconciled Cost of Revenue": "138,452", "Reconciled Depreciation": "5,514", "Net Income from Continuing Operation Net Minority Interest": "7,323", "Total Unusual Items Excluding Goodwill": "964", "Total Unusual Items": "964", "Normalized EBITDA": "8,716", "Tax Rate for Calcs": "0", "Tax Effect of Unusual Items": "260.28"}, "10/31/2019": {"Duration": "10/31/2019", "Total Revenue": "188,785", "Cost of Revenue": "127,121", "Gross Profit": "61,664", "Operating Expense": "52,837", "Operating Income": "8,827", "Other Income Expense": "-290", "Pretax Income": "8,537", "Tax Provision": "2,053", "Net Income Common Stockholders": "6,484", "Diluted NI Available to Com Stockholders": "6,484", "Basic EPS": "0.71", "Diluted EPS": "0.71", "Basic Average Shares": "9,077", "Diluted Average Shares": "9,077", "Total Expenses": "179,958", "Net Income from Continuing & Discontinued Operation": "6,484", "Normalized Income": "6,704", "EBIT": "8,827", "EBITDA": "-", "Reconciled Cost of Revenue": "127,121", "Reconciled Depreciation": "4,153", "Net Income from Continuing Operation Net Minority Interest": "6,484", "Total Unusual Items Excluding Goodwill": "-290", "Total Unusual Items": "-290", "Normalized EBITDA": "13,270", "Tax Rate for Calcs": "0", "Tax Effect of Unusual Items": "-69.6"}, "10/31/2018": {"Duration": "10/31/2018", "Total Revenue": "174,257", "Cost of Revenue": "117,751", "Gross Profit": "56,506", "Operating Expense": "50,745", "Operating Income": "5,761", "Other Income Expense": "7,052", "Pretax Income": "12,813", "Tax Provision": "6,296", "Net Income Common Stockholders": "6,517", "Diluted NI Available to Com Stockholders": "6,517", "Basic EPS": "0.72", "Diluted EPS": "0.72", "Basic Average Shares": "9,077", "Diluted Average Shares": "9,077", "Total Expenses": "168,496", "Net Income from Continuing & Discontinued Operation": "6,517", "Normalized Income": "1,369", "EBIT": "5,761", "EBITDA": "-", "Reconciled Cost of Revenue": "117,751", "Reconciled Depreciation": "3,940", "Net Income from Continuing Operation Net Minority Interest": "6,517", "Total Unusual Items Excluding Goodwill": "7,052", "Total Unusual Items": "7,052", "Normalized EBITDA": "2,649", "Tax Rate for Calcs": "0", "Tax Effect of Unusual Items": "1,904"}}, "bs": {"10/31/2020": {"Duration": "10/31/2020", "Total Assets": "155,283", "Total Liabilities Net Minority Interest": "84,037", "Total Equity Gross Minority Interest": "71,246", "Total Capitalization": "95,938", "Common Stock Equity": "71,246", "Capital Lease Obligations": "1,524", "Net Tangible Assets": "71,246", "Working Capital": "42,547", "Invested Capital": "100,368", "Tangible Book Value": "71,246", "Total Debt": "30,646", "Net Debt": "24,820", "Share Issued": "9,076", "Ordinary Shares Number": "9,076"}, "10/31/2019": {"Duration": "10/31/2019", "Total Assets": "123,456", "Total Liabilities Net Minority Interest": "56,972", "Total Equity Gross Minority Interest": "66,484", "Total Capitalization": "78,288", "Common Stock Equity": "66,484", "Capital Lease Obligations": "455", "Net Tangible Assets": "66,484", "Working Capital": "32,828", "Invested Capital": "80,231", "Tangible Book Value": "66,484", "Total Debt": "14,202", "Net Debt": "10,269", "Share Issued": "9,076", "Ordinary Shares Number": "9,076"}, "10/31/2018": {"Duration": "10/31/2018", "Total Assets": "101,494", "Total Liabilities Net Minority Interest": "35,814", "Total Equity Gross Minority Interest": "65,680", "Total Capitalization": "65,680", "Common Stock Equity": "65,680", "Capital Lease Obligations": "0", "Net Tangible Assets": "65,680", "Working Capital": "34,849", "Invested Capital": "65,680", "Tangible Book Value": "65,680", "Total Debt": "0", "Net Debt": "-", "Share Issued": "9,076", "Ordinary Shares Number": "9,076"}}, "cf": {"TTM": {"Duration": "TTM", "Operating Cash Flow": "18,699", "Investing Cash Flow": "-20,215", "Financing Cash Flow": "8,236", "End Cash Position": "7,966", "Income Tax Paid Supplemental Data": "195", "Interest Paid Supplemental Data": "962", "Capital Expenditure": "-21,456", "Issuance of Debt": "12,200", "Repayment of Debt": "-3,964", "Repurchase of Capital Stock": "-", "Free Cash Flow": "-2,757"}, "10/31/2020": {"Duration": "10/31/2020", "Operating Cash Flow": "9,917", "Investing Cash Flow": "-23,318", "Financing Cash Flow": "15,350", "End Cash Position": "5,427", "Income Tax Paid Supplemental Data": "336", "Interest Paid Supplemental Data": "828", "Capital Expenditure": "-24,482", "Issuance of Debt": "18,450", "Repayment of Debt": "-3,100", "Repurchase of Capital Stock": "-", "Free Cash Flow": "-14,565"}, "10/31/2019": {"Duration": "10/31/2019", "Operating Cash Flow": "7,247", "Investing Cash Flow": "-25,678", "Financing Cash Flow": "13,730", "End Cash Position": "3,478", "Income Tax Paid Supplemental Data": "697", "Interest Paid Supplemental Data": "403", "Capital Expenditure": "-25,739", "Issuance of Debt": "17,000", "Repayment of Debt": "-3,270", "Repurchase of Capital Stock": "-", "Free Cash Flow": "-18,492"}, "10/31/2018": {"Duration": "10/31/2018", "Operating Cash Flow": "8,265", "Investing Cash Flow": "-12,112", "Financing Cash Flow": "-83", "End Cash Position": "8,179", "Income Tax Paid Supplemental Data": "1,726", "Interest Paid Supplemental Data": "-", "Capital Expenditure": "-18,147", "Issuance of Debt": "-", "Repayment of Debt": "-83", "Repurchase of Capital Stock": "-", "Free Cash Flow": "-9,882"}}}}, {"BRFS": {"quote": {"03/20/2021": {"value": "4.6700", "Market Cap": "3.725B", "Beta (5Y Monthly)": "1.20", "PE Ratio (TTM)": "N/A", "EPS (TTM)": "-1.0250", "Earnings Date": "N/A", "Forward Dividend & Yield": "N/A (N/A)", "Ex-Dividend Date": "Jul 13, 2016", "1y Target Est": "5.58"}}, "fin": {"TTM": {"Duration": "TTM", "Total Revenue": "39,469,700", "Cost of Revenue": "29,998,822", "Gross Profit": "9,470,878", "Operating Expense": "6,489,650", "Operating Income": "2,981,228", "Net Non Operating Interest Income Expense": "-2,057,952", "Other Income Expense": "224,522", "Pretax Income": "1,147,798", "Tax Provision": "-242,271", "Net Income Common Stockholders": "1,383,564", "Diluted NI Available to Com Stockholders": "1,383,564", "Basic EPS": "-", "Diluted EPS": "-", "Basic Average Shares": "-", "Diluted Average Shares": "-", "Total Operating Income as Reported": "2,846,793", "Total Expenses": "36,488,472", "Net Income from Continuing & Discontinued Operation": "1,383,564", "Normalized Income": "1,235,379", "Interest Income": "378,075", "Interest Expense": "1,829,613", "Net Interest Income": "-2,057,952", "EBIT": "2,977,411", "EBITDA": "4,494,813", "Reconciled Cost of Revenue": "28,879,106", "Reconciled Depreciation": "1,517,402", "Net Income from Continuing Operation Net Minority Interest": "1,383,564", "Total Unusual Items Excluding Goodwill": "224,522", "Total Unusual Items": "224,522", "Normalized EBITDA": "4,270,291", "Tax Rate for Calcs": "0", "Tax Effect of Unusual Items": "76,337"}, "12/31/2020": {"Duration": "12/31/2020", "Total Revenue": "39,469,700", "Cost of Revenue": "29,998,822", "Gross Profit": "9,470,878", "Operating Expense": "6,489,650", "Operating Income": "2,981,228", "Net Non Operating Interest Income Expense": "-2,057,952", "Other Income Expense": "224,522", "Pretax Income": "1,147,798", "Tax Provision": "-242,271", "Net Income Common Stockholders": "1,383,564", "Diluted NI Available to Com Stockholders": "1,383,564", "Basic EPS": "1.71", "Diluted EPS": "1.71", "Basic Average Shares": "809,111", "Diluted Average Shares": "811,349", "Total Operating Income as Reported": "2,846,793", "Total Expenses": "36,488,472", "Net Income from Continuing & Discontinued Operation": "1,383,564", "Normalized Income": "1,235,379", "Interest Income": "378,075", "Interest Expense": "1,829,613", "Net Interest Income": "-2,057,952", "EBIT": "2,977,411", "EBITDA": "-", "Reconciled Cost of Revenue": "28,879,106", "Reconciled Depreciation": "1,517,402", "Net Income from Continuing Operation Net Minority Interest": "1,383,564", "Total Unusual Items Excluding Goodwill": "224,522", "Total Unusual Items": "224,522", "Normalized EBITDA": "4,270,291", "Tax Rate for Calcs": "0", "Tax Effect of Unusual Items": "76,337"}, "12/31/2019": {"Duration": "12/31/2019", "Total Revenue": "33,446,980", "Cost of Revenue": "25,370,042", "Gross Profit": "8,076,938", "Operating Expense": "5,354,836", "Operating Income": "2,722,102", "Net Non Operating Interest Income Expense": "-1,834,236", "Other Income Expense": "-115,836", "Pretax Income": "772,030", "Tax Provision": "-195,395", "Net Income Common Stockholders": "162,684", "Diluted NI Available to Com Stockholders": "162,684", "Basic EPS": "0.37", "Diluted EPS": "0.37", "Basic Average Shares": "811,539", "Diluted Average Shares": "813,867", "Total Operating Income as Reported": "2,748,337", "Total Expenses": "30,724,878", "Net Income from Continuing & Discontinued Operation": "162,684", "Normalized Income": "1,153,798", "Interest Income": "1,189,057", "Interest Expense": "2,532,578", "Net Interest Income": "-1,834,236", "EBIT": "3,304,608", "EBITDA": "-", "Reconciled Cost of Revenue": "24,203,118", "Reconciled Depreciation": "1,503,039", "Net Income from Continuing Operation Net Minority Interest": "1,078,493", "Total Unusual Items Excluding Goodwill": "-114,099", "Total Unusual Items": "-114,099", "Normalized EBITDA": "4,921,746", "Tax Rate for Calcs": "0", "Tax Effect of Unusual Items": "-38,794"}, "12/31/2018": {"Duration": "12/31/2018", "Total Revenue": "30,188,400", "Cost of Revenue": "25,320,700", "Gross Profit": "4,867,700", "Operating Expense": "5,004,700", "Operating Income": "-137,000", "Net Non Operating Interest Income Expense": "-1,189,000", "Other Income Expense": "-1,121,800", "Pretax Income": "-2,447,800", "Tax Provision": "-333,300", "Net Income Common Stockholders": "-4,448,100", "Diluted NI Available to Com Stockholders": "-4,448,100", "Basic EPS": "-5.48", "Diluted EPS": "-5.48", "Basic Average Shares": "811,294", "Diluted Average Shares": "811,294", "Total Operating Income as Reported": "-206,334", "Total Expenses": "30,325,400", "Net Income from Continuing & Discontinued Operation": "-4,448,100", "Normalized Income": "-1,111,872", "Interest Income": "755,700", "Interest Expense": "1,527,800", "Net Interest Income": "-1,189,000", "EBIT": "-920,000", "EBITDA": "-", "Reconciled Cost of Revenue": "24,458,200", "Reconciled Depreciation": "962,700", "Net Income from Continuing Operation Net Minority Interest": "-2,096,400", "Total Unusual Items Excluding Goodwill": "-1,139,500", "Total Unusual Items": "-1,139,500", "Normalized EBITDA": "1,182,200", "Tax Rate for Calcs": "0", "Tax Effect of Unusual Items": "-154,972"}}, "bs": {"12/31/2020": {"Duration": "12/31/2020", "Total Assets": "49,664,906", "Total Liabilities Net Minority Interest": "40,851,372", "Total Equity Gross Minority Interest": "8,813,534", "Total Capitalization": "29,930,226", "Common Stock Equity": "8,585,784", "Capital Lease Obligations": "2,536,681", "Net Tangible Assets": "3,365,682", "Working Capital": "7,471,656", "Invested Capital": "30,990,210", "Tangible Book Value": "3,365,682", "Total Debt": "24,941,107", "Net Debt": "14,827,801", "Share Issued": "812,473", "Ordinary Shares Number": "807,707", "Treasury Shares Number": "4,766"}, "12/31/2019": {"Duration": "12/31/2019", "Total Assets": "41,770,139", "Total Liabilities Net Minority Interest": "33,756,718", "Total Equity Gross Minority Interest": "8,013,421", "Total Capitalization": "23,248,945", "Common Stock Equity": "7,760,695", "Capital Lease Obligations": "2,431,180", "Net Tangible Assets": "2,852,616", "Working Capital": "1,516,986", "Invested Capital": "26,380,974", "Tangible Book Value": "2,852,616", "Total Debt": "21,051,459", "Net Debt": "14,382,494", "Share Issued": "812,473", "Ordinary Shares Number": "811,760", "Treasury Shares Number": "713.446"}, "12/31/2018": {"Duration": "12/31/2018", "Total Assets": "42,382,400", "Total Liabilities Net Minority Interest": "34,850,600", "Total Equity Gross Minority Interest": "7,531,800", "Total Capitalization": "24,582,700", "Common Stock Equity": "6,964,600", "Capital Lease Obligations": "-", "Net Tangible Assets": "1,945,200", "Working Capital": "4,542,300", "Invested Capital": "29,130,100", "Tangible Book Value": "1,945,200", "Total Debt": "22,165,500", "Net Debt": "17,295,900", "Share Issued": "813,530", "Ordinary Shares Number": "812,473", "Treasury Shares Number": "1,057"}}, "cf": {"TTM": {"Duration": "TTM", "Operating Cash Flow": "4,417,630", "Investing Cash Flow": "-1,430,989", "Financing Cash Flow": "-587,042", "End Cash Position": "7,576,625", "Capital Expenditure": "-1,907,012", "Issuance of Capital Stock": "-", "Issuance of Debt": "10,420,333", "Repayment of Debt": "-10,800,915", "Repurchase of Capital Stock": "-106,070", "Free Cash Flow": "2,510,618"}, "12/31/2020": {"Duration": "12/31/2020", "Operating Cash Flow": "4,417,630", "Investing Cash Flow": "-1,430,989", "Financing Cash Flow": "-587,042", "End Cash Position": "7,576,625", "Capital Expenditure": "-1,907,012", "Issuance of Capital Stock": "-", "Issuance of Debt": "10,420,333", "Repayment of Debt": "-10,800,915", "Repurchase of Capital Stock": "-106,070", "Free Cash Flow": "2,510,618"}, "12/31/2019": {"Duration": "12/31/2019", "Operating Cash Flow": "2,521,230", "Investing Cash Flow": "1,443,106", "Financing Cash Flow": "-4,817,102", "End Cash Position": "4,237,785", "Capital Expenditure": "-1,319,415", "Issuance of Capital Stock": "0", "Issuance of Debt": "5,399,158", "Repayment of Debt": "-10,034,155", "Repurchase of Capital Stock": "-", "Free Cash Flow": "1,201,815"}, "12/31/2018": {"Duration": "12/31/2018", "Operating Cash Flow": "295,700", "Investing Cash Flow": "-1,415,900", "Financing Cash Flow": "73,900", "End Cash Position": "5,036,000", "Capital Expenditure": "-1,443,800", "Issuance of Capital Stock": "0", "Issuance of Debt": "-", "Repayment of Debt": "-6,326,400", "Repurchase of Capital Stock": "0", "Free Cash Flow": "-1,148,100"}}}}, {"HRL": {"quote": {"03/20/2021": {"value": "47.97", "Market Cap": "25.911B", "Beta (5Y Monthly)": "-0.05", "PE Ratio (TTM)": "29.61", "EPS (TTM)": "1.62", "Earnings Date": "May 19, 2021 - May 24, 2021", "Forward Dividend & Yield": "0.98 (2.04%)", "Ex-Dividend Date": "Jan 08, 2021", "1y Target Est": "45.75"}}, "fin": {"TTM": {"Duration": "TTM", "Total Revenue": "9,685,175", "Cost of Revenue": "7,877,461", "Gross Profit": "1,807,712", "Operating Expense": "762,174", "Operating Income": "1,045,538", "Net Non Operating Interest Income Expense": "13,917", "Other Income Expense": "42,212", "Pretax Income": "1,101,667", "Tax Provision": "213,871", "Net Income Common Stockholders": "887,493", "Diluted NI Available to Com Stockholders": "887,493", "Basic EPS": "-", "Diluted EPS": "-", "Basic Average Shares": "-", "Diluted Average Shares": "-", "Total Operating Income as Reported": "1,087,750", "Total Expenses": "8,639,635", "Net Income from Continuing & Discontinued Operation": "887,493", "Normalized Income": "887,493", "Interest Income": "39,636", "Interest Expense": "25,719", "Net Interest Income": "13,917", "EBIT": "1,127,386", "EBITDA": "1,334,881", "Reconciled Cost of Revenue": "7,877,461", "Reconciled Depreciation": "207,495", "Net Income from Continuing Operation Net Minority Interest": "887,493", "Total Unusual Items Excluding Goodwill": "0", "Total Unusual Items": "0", "Normalized EBITDA": "1,334,881", "Tax Rate for Calcs": "0", "Tax Effect of Unusual Items": "0"}, "10/31/2020": {"Duration": "10/31/2020", "Total Revenue": "9,608,462", "Cost of Revenue": "7,782,498", "Gross Profit": "1,825,963", "Operating Expense": "761,315", "Operating Income": "1,064,648", "Net Non Operating Interest Income Expense": "14,527", "Other Income Expense": "35,572", "Pretax Income": "1,114,747", "Tax Provision": "206,393", "Net Income Common Stockholders": "908,082", "Diluted NI Available to Com Stockholders": "908,082", "Basic EPS": "1.69", "Diluted EPS": "1.66", "Basic Average Shares": "538,007", "Diluted Average Shares": "546,592", "Total Operating Income as Reported": "1,100,220", "Total Expenses": "8,543,813", "Net Income from Continuing & Discontinued Operation": "908,082", "Normalized Income": "908,082", "Interest Income": "35,596", "Interest Expense": "21,069", "Net Interest Income": "14,527", "EBIT": "1,135,816", "EBITDA": "-", "Reconciled Cost of Revenue": "7,782,498", "Reconciled Depreciation": "205,781", "Net Income from Continuing Operation Net Minority Interest": "908,082", "Total Unusual Items Excluding Goodwill": "0", "Total Unusual Items": "0", "Normalized EBITDA": "1,341,597", "Tax Rate for Calcs": "0", "Tax Effect of Unusual Items": "0"}, "10/31/2019": {"Duration": "10/31/2019", "Total Revenue": "9,497,317", "Cost of Revenue": "7,612,669", "Gross Profit": "1,884,648", "Operating Expense": "727,584", "Operating Income": "1,157,064", "Net Non Operating Interest Income Expense": "13,450", "Other Income Expense": "39,201", "Pretax Income": "1,209,715", "Tax Provision": "230,567", "Net Income Common Stockholders": "978,806", "Diluted NI Available to Com Stockholders": "978,806", "Basic EPS": "1.83", "Diluted EPS": "1.80", "Basic Average Shares": "534,578", "Diluted Average Shares": "545,232", "Total Operating Income as Reported": "1,196,265", "Total Expenses": "8,340,253", "Net Income from Continuing & Discontinued Operation": "978,806", "Normalized Income": "978,806", "Interest Income": "31,520", "Interest Expense": "18,070", "Net Interest Income": "13,450", "EBIT": "1,227,785", "EBITDA": "-", "Reconciled Cost of Revenue": "7,612,669", "Reconciled Depreciation": "165,209", "Net Income from Continuing Operation Net Minority Interest": "978,806", "Total Unusual Items Excluding Goodwill": "0", "Total Unusual Items": "0", "Normalized EBITDA": "1,392,994", "Tax Rate for Calcs": "0", "Tax Effect of Unusual Items": "0"}, "10/31/2018": {"Duration": "10/31/2018", "Total Revenue": "9,545,700", "Cost of Revenue": "7,550,267", "Gross Profit": "1,995,433", "Operating Expense": "838,205", "Operating Income": "1,157,228", "Net Non Operating Interest Income Expense": "-17,637", "Other Income Expense": "41,693", "Pretax Income": "1,181,284", "Tax Provision": "168,702", "Net Income Common Stockholders": "1,012,140", "Diluted NI Available to Com Stockholders": "1,012,140", "Basic EPS": "1.91", "Diluted EPS": "1.86", "Basic Average Shares": "530,742", "Diluted Average Shares": "543,869", "Total Operating Income as Reported": "1,198,921", "Total Expenses": "8,388,472", "Net Income from Continuing & Discontinued Operation": "1,012,140", "Normalized Income": "1,026,948", "Interest Income": "8,857", "Interest Expense": "26,494", "Net Interest Income": "-17,637", "EBIT": "1,207,778", "EBITDA": "-", "Reconciled Cost of Revenue": "7,550,267", "Reconciled Depreciation": "161,858", "Net Income from Continuing Operation Net Minority Interest": "1,012,140", "Total Unusual Items Excluding Goodwill": "-17,279", "Total Unusual Items": "-17,279", "Normalized EBITDA": "1,386,915", "Tax Rate for Calcs": "0", "Tax Effect of Unusual Items": "-2,471"}}, "bs": {"10/31/2020": {"Duration": "10/31/2020", "Total Assets": "9,908,282", "Total Liabilities Net Minority Interest": "3,477,956", "Total Equity Gross Minority Interest": "6,430,326", "Total Capitalization": "7,470,484", "Common Stock Equity": "6,425,548", "Net Tangible Assets": "2,736,536", "Working Capital": "2,075,098", "Invested Capital": "7,729,175", "Tangible Book Value": "2,736,536", "Total Debt": "1,303,627", "Net Debt": "-", "Share Issued": "539,887", "Ordinary Shares Number": "539,887"}, "10/31/2019": {"Duration": "10/31/2019", "Total Assets": "8,109,004", "Total Liabilities Net Minority Interest": "2,183,469", "Total Equity Gross Minority Interest": "5,925,535", "Total Capitalization": "6,171,458", "Common Stock Equity": "5,921,458", "Net Tangible Assets": "2,405,951", "Working Capital": "1,256,364", "Invested Capital": "6,171,458", "Tangible Book Value": "2,405,951", "Total Debt": "250,000", "Net Debt": "-", "Share Issued": "534,489", "Ordinary Shares Number": "534,489"}, "10/31/2018": {"Duration": "10/31/2018", "Total Assets": "8,142,292", "Total Liabilities Net Minority Interest": "2,537,474", "Total Equity Gross Minority Interest": "5,604,818", "Total Capitalization": "6,225,651", "Common Stock Equity": "5,600,811", "Net Tangible Assets": "1,679,476", "Working Capital": "911,186", "Invested Capital": "6,225,651", "Tangible Book Value": "1,679,476", "Total Debt": "624,840", "Net Debt": "165,704", "Share Issued": "534,135", "Ordinary Shares Number": "534,135"}}, "cf": {"TTM": {"Duration": "TTM", "Operating Cash Flow": "1,145,292", "Investing Cash Flow": "-635,113", "Financing Cash Flow": "509,333", "End Cash Position": "1,743,934", "Capital Expenditure": "-349,653", "Issuance of Debt": "-", "Repayment of Debt": "-8,514", "Repurchase of Capital Stock": "-21,197", "Free Cash Flow": "795,639"}, "10/31/2020": {"Duration": "10/31/2020", "Operating Cash Flow": "1,128,024", "Investing Cash Flow": "-656,316", "Financing Cash Flow": "566,172", "End Cash Position": "1,714,309", "Capital Expenditure": "-367,501", "Issuance of Debt": "992,381", "Repayment of Debt": "-8,368", "Repurchase of Capital Stock": "-12,360", "Free Cash Flow": "760,523"}, "10/31/2019": {"Duration": "10/31/2019", "Operating Cash Flow": "922,996", "Investing Cash Flow": "220,153", "Financing Cash Flow": "-926,244", "End Cash Position": "672,901", "Capital Expenditure": "-293,838", "Issuance of Debt": "0", "Repayment of Debt": "-374,840", "Repurchase of Capital Stock": "-174,246", "Free Cash Flow": "629,158"}, "10/31/2018": {"Duration": "10/31/2018", "Operating Cash Flow": "1,241,729", "Investing Cash Flow": "-1,235,368", "Financing Cash Flow": "11,638", "End Cash Position": "459,136", "Capital Expenditure": "-389,607", "Issuance of Debt": "375,000", "Repayment of Debt": "-160", "Repurchase of Capital Stock": "-46,898", "Free Cash Flow": "852,122"}}}}, {"TSN": {"quote": {"03/20/2021": {"value": "76.75", "Market Cap": "27.993B", "Beta (5Y Monthly)": "0.81", "PE Ratio (TTM)": "13.85", "EPS (TTM)": "5.54", "Earnings Date": "May 03, 2021 - May 07, 2021", "Forward Dividend & Yield": "1.78 (2.32%)", "Ex-Dividend Date": "May 28, 2021", "1y Target Est": "76.88"}}, "fin": {"TTM": {"Duration": "TTM", "Total Revenue": "42,830,000", "Cost of Revenue": "37,709,000", "Gross Profit": "5,121,000", "Operating Expense": "2,060,000", "Operating Income": "3,061,000", "Net Non Operating Interest Income Expense": "-466,000", "Other Income Expense": "134,000", "Pretax Income": "2,729,000", "Tax Provision": "616,000", "Net Income Common Stockholders": "2,102,000", "Diluted NI Available to Com Stockholders": "2,102,000", "Basic EPS": "-", "Diluted EPS": "-", "Basic Average Shares": "-", "Diluted Average Shares": "-", "Total Operating Income as Reported": "3,061,000", "Total Expenses": "39,769,000", "Net Income from Continuing & Discontinued Operation": "2,102,000", "Normalized Income": "2,102,000", "Interest Income": "9,000", "Interest Expense": "475,000", "Net Interest Income": "-466,000", "EBIT": "3,204,000", "EBITDA": "4,406,000", "Reconciled Cost of Revenue": "37,709,000", "Reconciled Depreciation": "1,202,000", "Net Income from Continuing Operation Net Minority Interest": "2,102,000", "Normalized EBITDA": "4,406,000", "Tax Rate for Calcs": "0", "Tax Effect of Unusual Items": "0"}, "9/30/2020": {"Duration": "9/30/2020", "Total Revenue": "43,185,000", "Cost of Revenue": "37,801,000", "Gross Profit": "5,384,000", "Operating Expense": "2,270,000", "Operating Income": "3,114,000", "Net Non Operating Interest Income Expense": "-475,000", "Other Income Expense": "131,000", "Pretax Income": "2,770,000", "Tax Provision": "620,000", "Net Income Common Stockholders": "2,140,000", "Diluted NI Available to Com Stockholders": "2,140,000", "Basic EPS": "6.02", "Diluted EPS": "5.86", "Basic Average Shares": "363,000", "Diluted Average Shares": "365,000", "Total Operating Income as Reported": "3,114,000", "Total Expenses": "40,071,000", "Net Income from Continuing & Discontinued Operation": "2,140,000", "Normalized Income": "2,140,000", "Interest Income": "10,000", "Interest Expense": "485,000", "Net Interest Income": "-475,000", "EBIT": "3,255,000", "EBITDA": "-", "Reconciled Cost of Revenue": "37,801,000", "Reconciled Depreciation": "1,192,000", "Net Income from Continuing Operation Net Minority Interest": "2,140,000", "Normalized EBITDA": "4,447,000", "Tax Rate for Calcs": "0", "Tax Effect of Unusual Items": "0"}, "9/30/2019": {"Duration": "9/30/2019", "Total Revenue": "42,405,000", "Cost of Revenue": "37,383,000", "Gross Profit": "5,022,000", "Operating Expense": "2,195,000", "Operating Income": "2,827,000", "Net Non Operating Interest Income Expense": "-451,000", "Other Income Expense": "55,000", "Pretax Income": "2,431,000", "Tax Provision": "396,000", "Net Income Common Stockholders": "2,022,000", "Diluted NI Available to Com Stockholders": "2,022,000", "Basic EPS": "5.67", "Diluted EPS": "5.52", "Basic Average Shares": "363,000", "Diluted Average Shares": "366,000", "Total Operating Income as Reported": "2,827,000", "Total Expenses": "39,578,000", "Net Income from Continuing & Discontinued Operation": "2,022,000", "Normalized Income": "2,022,000", "Interest Income": "11,000", "Interest Expense": "462,000", "Net Interest Income": "-451,000", "EBIT": "2,893,000", "EBITDA": "-", "Reconciled Cost of Revenue": "37,383,000", "Reconciled Depreciation": "1,098,000", "Net Income from Continuing Operation Net Minority Interest": "2,022,000", "Normalized EBITDA": "3,991,000", "Tax Rate for Calcs": "0", "Tax Effect of Unusual Items": "0"}, "9/30/2018": {"Duration": "9/30/2018", "Total Revenue": "40,052,000", "Cost of Revenue": "34,926,000", "Gross Profit": "5,126,000", "Operating Expense": "2,071,000", "Operating Income": "3,055,000", "Net Non Operating Interest Income Expense": "-343,000", "Other Income Expense": "33,000", "Pretax Income": "2,745,000", "Tax Provision": "-282,000", "Net Income Common Stockholders": "3,024,000", "Diluted NI Available to Com Stockholders": "3,024,000", "Basic EPS": "8.44", "Diluted EPS": "8.19", "Basic Average Shares": "365,000", "Diluted Average Shares": "369,000", "Total Operating Income as Reported": "3,055,000", "Total Expenses": "36,997,000", "Net Income from Continuing & Discontinued Operation": "3,024,000", "Normalized Income": "3,024,000", "Interest Income": "7,000", "Interest Expense": "350,000", "Net Interest Income": "-343,000", "EBIT": "3,095,000", "EBITDA": "-", "Reconciled Cost of Revenue": "34,926,000", "Reconciled Depreciation": "943,000", "Net Income from Continuing Operation Net Minority Interest": "3,024,000", "Normalized EBITDA": "4,038,000", "Tax Rate for Calcs": "0", "Tax Effect of Unusual Items": "0"}}, "bs": {"9/30/2020": {"Duration": "9/30/2020", "Total Assets": "34,741,000", "Total Liabilities Net Minority Interest": "19,144,000", "Total Equity Gross Minority Interest": "15,597,000", "Total Capitalization": "26,256,000", "Common Stock Equity": "15,465,000", "Net Tangible Assets": "-2,208,000", "Working Capital": "3,649,000", "Invested Capital": "26,804,000", "Tangible Book Value": "-2,208,000", "Total Debt": "11,339,000", "Net Debt": "9,919,000", "Share Issued": "448,000", "Ordinary Shares Number": "365,000", "Treasury Shares Number": "83,000"}, "9/30/2019": {"Duration": "9/30/2019", "Total Assets": "33,097,000", "Total Liabilities Net Minority Interest": "18,871,000", "Total Equity Gross Minority Interest": "14,226,000", "Total Capitalization": "23,912,000", "Common Stock Equity": "14,082,000", "Net Tangible Assets": "-3,799,000", "Working Capital": "1,656,000", "Invested Capital": "26,014,000", "Tangible Book Value": "-3,799,000", "Total Debt": "11,932,000", "Net Debt": "11,448,000", "Share Issued": "448,000", "Ordinary Shares Number": "366,000", "Treasury Shares Number": "82,000"}, "9/30/2018": {"Duration": "9/30/2018", "Total Assets": "29,109,000", "Total Liabilities Net Minority Interest": "16,298,000", "Total Equity Gross Minority Interest": "12,811,000", "Total Capitalization": "20,765,000", "Common Stock Equity": "12,803,000", "Net Tangible Assets": "-3,695,000", "Working Capital": "657,000", "Invested Capital": "22,676,000", "Tangible Book Value": "-3,695,000", "Total Debt": "9,873,000", "Net Debt": "9,603,000", "Share Issued": "448,000", "Ordinary Shares Number": "366,000", "Treasury Shares Number": "82,000"}}, "cf": {"TTM": {"Duration": "TTM", "Operating Cash Flow": "4,365,000", "Investing Cash Flow": "-1,301,000", "Financing Cash Flow": "-1,134,000", "End Cash Position": "2,427,000", "Capital Expenditure": "-1,176,000", "Issuance of Debt": "12,227,000", "Repayment of Debt": "-12,656,000", "Repurchase of Capital Stock": "-92,000", "Free Cash Flow": "3,189,000"}, "9/30/2020": {"Duration": "9/30/2020", "Operating Cash Flow": "3,874,000", "Investing Cash Flow": "-1,423,000", "Financing Cash Flow": "-1,468,000", "End Cash Position": "1,420,000", "Capital Expenditure": "-1,199,000", "Issuance of Debt": "17,091,000", "Repayment of Debt": "-17,763,000", "Repurchase of Capital Stock": "-207,000", "Free Cash Flow": "2,675,000"}, "9/30/2019": {"Duration": "9/30/2019", "Operating Cash Flow": "2,513,000", "Investing Cash Flow": "-3,464,000", "Financing Cash Flow": "1,171,000", "End Cash Position": "484,000", "Capital Expenditure": "-1,259,000", "Issuance of Debt": "23,491,000", "Repayment of Debt": "-21,600,000", "Repurchase of Capital Stock": "-252,000", "Free Cash Flow": "1,254,000"}, "9/30/2018": {"Duration": "9/30/2018", "Operating Cash Flow": "2,963,000", "Investing Cash Flow": "-1,906,000", "Financing Cash Flow": "-1,102,000", "End Cash Position": "270,000", "Capital Expenditure": "-1,200,000", "Issuance of Debt": "23,927,000", "Repayment of Debt": "-24,259,000", "Repurchase of Capital Stock": "-427,000", "Free Cash Flow": "1,763,000"}}}}]