[{"SPB": {"quote": {"05/11/2021": {"value": "92.34", "Market Cap": "3.936B", "Beta (5Y Monthly)": "1.89", "PE Ratio (TTM)": "13.33", "EPS (TTM)": "6.93", "Earnings Date": "Jul 29, 2021 - Aug 02, 2021", "Forward Dividend & Yield": "1.68 (1.77%)", "Ex-Dividend Date": "May 19, 2021", "1y Target Est": "109.33"}}, "fin": {"TTM": {"Duration": "TTM", "Total Revenue": "4,237,700", "Cost of Revenue": "2,714,600", "Gross Profit": "1,523,100", "Operating Expense": "1,026,900", "Operating Income": "496,200", "Net Non Operating Interest Income Expense": "-146,400", "Other Income Expense": "-64,400", "Pretax Income": "285,400", "Tax Provision": "90,000", "Net Income Common Stockholders": "208,800", "Diluted NI Available to Com Stockholders": "208,800", "Basic EPS": "-", "Diluted EPS": "-", "Basic Average Shares": "-", "Diluted Average Shares": "-", "Total Operating Income as Reported": "412,800", "Total Expenses": "3,741,500", "Net Income from Continuing & Discontinued Operation": "205,700", "Normalized Income": "199,730", "Interest Expense": "146,400", "Net Interest Income": "-146,400", "EBIT": "431,800", "EBITDA": "574,300", "Reconciled Cost of Revenue": "2,714,600", "Reconciled Depreciation": "142,500", "Net Income from Continuing Operation Net Minority Interest": "194,800", "Total Unusual Items Excluding Goodwill": "-7,200", "Total Unusual Items": "-7,200", "Normalized EBITDA": "581,500", "Tax Rate for Calcs": "0", "Tax Effect of Unusual Items": "-2,270"}, "9/30/2020": {"Duration": "9/30/2020", "Total Revenue": "3,964,200", "Cost of Revenue": "2,594,300", "Gross Profit": "1,369,900", "Operating Expense": "994,100", "Operating Income": "375,800", "Net Non Operating Interest Income Expense": "-144,500", "Other Income Expense": "-75,900", "Pretax Income": "155,400", "Tax Provision": "70,900", "Net Income Common Stockholders": "97,800", "Diluted NI Available to Com Stockholders": "97,800", "Basic EPS": "2.19", "Diluted EPS": "2.18", "Basic Average Shares": "44,700", "Diluted Average Shares": "44,900", "Total Operating Income as Reported": "243,400", "Total Expenses": "3,588,400", "Net Income from Continuing & Discontinued Operation": "97,800", "Normalized Income": "124,826", "Interest Expense": "144,500", "Net Interest Income": "-144,500", "EBIT": "299,900", "EBITDA": "-", "Reconciled Cost of Revenue": "2,594,300", "Reconciled Depreciation": "148,500", "Net Income from Continuing Operation Net Minority Interest": "83,800", "Total Unusual Items Excluding Goodwill": "-56,200", "Total Unusual Items": "-56,200", "Normalized EBITDA": "504,600", "Tax Rate for Calcs": "0", "Tax Effect of Unusual Items": "-15,174"}, "9/30/2019": {"Duration": "9/30/2019", "Total Revenue": "3,802,100", "Cost of Revenue": "2,495,200", "Gross Profit": "1,306,900", "Operating Expense": "998,600", "Operating Income": "308,300", "Net Non Operating Interest Income Expense": "-222,100", "Other Income Expense": "-280,000", "Pretax Income": "-193,800", "Tax Provision": "-7,100", "Net Income Common Stockholders": "471,900", "Diluted NI Available to Com Stockholders": "471,900", "Basic EPS": "9.23", "Diluted EPS": "9.23", "Basic Average Shares": "50,700", "Diluted Average Shares": "50,700", "Total Operating Income as Reported": "72,200", "Total Expenses": "3,493,800", "Net Income from Continuing & Discontinued Operation": "471,900", "Normalized Income": "39,364", "Interest Expense": "222,100", "Net Interest Income": "-222,100", "EBIT": "28,300", "EBITDA": "-", "Reconciled Cost of Revenue": "2,495,200", "Reconciled Depreciation": "180,800", "Net Income from Continuing Operation Net Minority Interest": "-188,000", "Total Unusual Items Excluding Goodwill": "-236,100", "Total Unusual Items": "-236,100", "Normalized EBITDA": "445,200", "Tax Rate for Calcs": "0", "Tax Effect of Unusual Items": "-8,736"}, "9/30/2018": {"Duration": "9/30/2018", "Total Revenue": "3,145,900", "Cost of Revenue": "1,992,300", "Gross Profit": "1,153,600", "Operating Expense": "844,500", "Operating Income": "309,100", "Net Non Operating Interest Income Expense": "-264,600", "Other Income Expense": "-200,800", "Pretax Income": "-156,300", "Tax Provision": "-460,700", "Net Income Common Stockholders": "768,300", "Diluted NI Available to Com Stockholders": "768,300", "Basic EPS": "20.79", "Diluted EPS": "20.74", "Basic Average Shares": "36,900", "Diluted Average Shares": "37,000", "Total Operating Income as Reported": "102,000", "Total Expenses": "2,836,800", "Net Income from Continuing & Discontinued Operation": "768,300", "Normalized Income": "351,883", "Interest Expense": "264,600", "Net Interest Income": "-264,600", "EBIT": "108,300", "EBITDA": "-", "Reconciled Cost of Revenue": "1,992,300", "Reconciled Depreciation": "131,700", "Net Income from Continuing Operation Net Minority Interest": "200,700", "Total Unusual Items Excluding Goodwill": "-207,100", "Total Unusual Items": "-207,100", "Normalized EBITDA": "447,100", "Tax Rate for Calcs": "0", "Tax Effect of Unusual Items": "-55,917"}}, "bs": {"9/30/2020": {"Duration": "9/30/2020", "Total Assets": "5,107,300", "Total Liabilities Net Minority Interest": "3,691,500", "Total Equity Gross Minority Interest": "1,415,800", "Total Capitalization": "3,868,500", "Common Stock Equity": "1,407,500", "Capital Lease Obligations": "88,800", "Net Tangible Assets": "-1,356,200", "Working Capital": "783,200", "Invested Capital": "3,883,800", "Tangible Book Value": "-1,356,200", "Total Debt": "2,565,100", "Net Debt": "1,944,700", "Share Issued": "53,800", "Ordinary Shares Number": "43,113", "Treasury Shares Number": "10,687"}, "9/30/2019": {"Duration": "9/30/2019", "Total Assets": "5,230,500", "Total Liabilities Net Minority Interest": "3,524,200", "Total Equity Gross Minority Interest": "1,706,300", "Total Capitalization": "3,912,700", "Common Stock Equity": "1,698,300", "Capital Lease Obligations": "-", "Net Tangible Assets": "-1,136,900", "Working Capital": "518,000", "Invested Capital": "4,049,600", "Tangible Book Value": "-1,136,900", "Total Debt": "2,351,300", "Net Debt": "1,724,200", "Share Issued": "53,600", "Ordinary Shares Number": "48,800", "Treasury Shares Number": "4,800"}, "9/30/2018": {"Duration": "9/30/2018", "Total Assets": "7,747,700", "Total Liabilities Net Minority Interest": "6,158,100", "Total Equity Gross Minority Interest": "1,589,600", "Total Capitalization": "6,232,600", "Common Stock Equity": "1,581,300", "Capital Lease Obligations": "-", "Net Tangible Assets": "-2,128,800", "Working Capital": "2,008,500", "Invested Capital": "6,253,800", "Tangible Book Value": "-2,128,800", "Total Debt": "4,672,500", "Net Debt": "4,120,000", "Share Issued": "53,400", "Ordinary Shares Number": "53,400", "Treasury Shares Number": "-"}}, "cf": {"TTM": {"Duration": "TTM", "Operating Cash Flow": "166,800", "Investing Cash Flow": "46,000", "Financing Cash Flow": "-134,600", "Cash Flow from Discontinued Operation": "-", "End Cash Position": "220,400", "Income Tax Paid Supplemental Data": "35,800", "Interest Paid Supplemental Data": "131,900", "Capital Expenditure": "-54,100", "Issuance of Capital Stock": "-", "Issuance of Debt": "197,100", "Repayment of Debt": "-62,000", "Repurchase of Capital Stock": "-364,800", "Free Cash Flow": "112,700"}, "9/30/2020": {"Duration": "9/30/2020", "Operating Cash Flow": "80,200", "Investing Cash Flow": "108,300", "Financing Cash Flow": "-285,800", "Cash Flow from Discontinued Operation": "-", "End Cash Position": "529,700", "Income Tax Paid Supplemental Data": "42,100", "Interest Paid Supplemental Data": "127,100", "Capital Expenditure": "-61,000", "Issuance of Capital Stock": "-", "Issuance of Debt": "300,000", "Repayment of Debt": "-135,500", "Repurchase of Capital Stock": "-364,800", "Free Cash Flow": "19,200"}, "9/30/2019": {"Duration": "9/30/2019", "Operating Cash Flow": "1,100", "Investing Cash Flow": "2,797,600", "Financing Cash Flow": "-2,724,600", "Cash Flow from Discontinued Operation": "0", "End Cash Position": "627,100", "Income Tax Paid Supplemental Data": "53,900", "Interest Paid Supplemental Data": "208,100", "Capital Expenditure": "-58,400", "Issuance of Capital Stock": "-", "Issuance of Debt": "300,000", "Repayment of Debt": "-2,649,900", "Repurchase of Capital Stock": "-268,500", "Free Cash Flow": "-57,300"}, "9/30/2018": {"Duration": "9/30/2018", "Operating Cash Flow": "343,100", "Investing Cash Flow": "1,272,800", "Financing Cash Flow": "-1,288,800", "Cash Flow from Discontinued Operation": "-37,700", "End Cash Position": "552,500", "Income Tax Paid Supplemental Data": "53,800", "Interest Paid Supplemental Data": "314,100", "Capital Expenditure": "-64,700", "Issuance of Capital Stock": "-", "Issuance of Debt": "19,600", "Repayment of Debt": "-1,066,000", "Repurchase of Capital Stock": "-288,000", "Free Cash Flow": "278,400"}}}}, {"BLBK": {"quote": {"05/11/2021": {"value": "", "Net Assets": "N/A", "Beta (5Y Monthly)": "N/A", "Yield": "N/A", "5y Average Return": "N/A", "Holdings Turnover": "N/A", "Last Dividend": "N/A", "Average for Category": "N/A", "Inception Date": "N/A"}}, "fin": {}, "bs": {}, "cf": {}}}, {"NUUU": {"quote": {"05/11/2021": {"value": "0.0009", "Market Cap": "8,482", "Beta (5Y Monthly)": "38.58", "PE Ratio (TTM)": "N/A", "EPS (TTM)": "-0.0210", "Earnings Date": "N/A", "Forward Dividend & Yield": "N/A (N/A)", "Ex-Dividend Date": "N/A", "1y Target Est": "N/A"}}, "fin": {}, "bs": {}, "cf": {}}}, {"PG": {"quote": {"05/11/2021": {"value": "136.99", "Market Cap": "335.383B", "Beta (5Y Monthly)": "0.41", "PE Ratio (TTM)": "25.19", "EPS (TTM)": "5.44", "Earnings Date": "Jul 28, 2021 - Aug 02, 2021", "Forward Dividend & Yield": "3.48 (2.53%)", "Ex-Dividend Date": "Apr 22, 2021", "1y Target Est": "147.75"}}, "fin": {"TTM": {"Duration": "TTM", "Total Revenue": "73,975,000", "Cost of Revenue": "36,053,000", "Gross Profit": "37,922,000", "Operating Expense": "20,327,000", "Operating Income": "17,595,000", "Net Non Operating Interest Income Expense": "-456,000", "Other Income Expense": "-6,000", "Pretax Income": "17,133,000", "Tax Provision": "3,195,000", "Net Income Common Stockholders": "13,582,000", "Average Dilution Earnings": "266,000", "Diluted NI Available to Com Stockholders": "13,848,000", "Basic EPS": "-", "Diluted EPS": "-", "Basic Average Shares": "-", "Diluted Average Shares": "-", "Total Operating Income as Reported": "17,595,000", "Total Expenses": "56,380,000", "Net Income from Continuing & Discontinued Operation": "13,848,000", "Normalized Income": "13,848,000", "Interest Income": "80,000", "Interest Expense": "536,000", "Net Interest Income": "-456,000", "EBIT": "17,669,000", "EBITDA": "20,624,000", "Reconciled Cost of Revenue": "36,053,000", "Reconciled Depreciation": "2,955,000", "Net Income from Continuing Operation Net Minority Interest": "13,848,000", "Total Unusual Items Excluding Goodwill": "-", "Total Unusual Items": "-", "Normalized EBITDA": "20,624,000", "Tax Rate for Calcs": "0", "Tax Effect of Unusual Items": "0"}, "6/30/2020": {"Duration": "6/30/2020", "Total Revenue": "70,950,000", "Cost of Revenue": "35,250,000", "Gross Profit": "35,700,000", "Operating Expense": "19,994,000", "Operating Income": "15,706,000", "Net Non Operating Interest Income Expense": "-310,000", "Other Income Expense": "438,000", "Pretax Income": "15,834,000", "Tax Provision": "2,731,000", "Net Income Common Stockholders": "12,764,000", "Average Dilution Earnings": "263,000", "Diluted NI Available to Com Stockholders": "13,027,000", "Basic EPS": "5.13", "Diluted EPS": "4.96", "Basic Average Shares": "2,539,376", "Diluted Average Shares": "2,625,800", "Total Operating Income as Reported": "15,706,000", "Total Expenses": "55,244,000", "Net Income from Continuing & Discontinued Operation": "13,027,000", "Normalized Income": "13,027,000", "Interest Income": "155,000", "Interest Expense": "465,000", "Net Interest Income": "-310,000", "EBIT": "16,299,000", "EBITDA": "-", "Reconciled Cost of Revenue": "35,250,000", "Reconciled Depreciation": "3,013,000", "Net Income from Continuing Operation Net Minority Interest": "13,027,000", "Total Unusual Items Excluding Goodwill": "0", "Total Unusual Items": "0", "Normalized EBITDA": "19,312,000", "Tax Rate for Calcs": "0", "Tax Effect of Unusual Items": "0"}, "6/30/2019": {"Duration": "6/30/2019", "Total Revenue": "67,684,000", "Cost of Revenue": "34,768,000", "Gross Profit": "32,916,000", "Operating Expense": "19,084,000", "Operating Income": "13,832,000", "Net Non Operating Interest Income Expense": "-289,000", "Other Income Expense": "-7,474,000", "Pretax Income": "6,069,000", "Tax Provision": "2,103,000", "Net Income Common Stockholders": "3,634,000", "Average Dilution Earnings": "-", "Diluted NI Available to Com Stockholders": "3,634,000", "Basic EPS": "1.45", "Diluted EPS": "1.43", "Basic Average Shares": "2,687,586", "Diluted Average Shares": "2,687,586", "Total Operating Income as Reported": "5,487,000", "Total Expenses": "53,852,000", "Net Income from Continuing & Discontinued Operation": "3,897,000", "Normalized Income": "9,346,285", "Interest Income": "220,000", "Interest Expense": "509,000", "Net Interest Income": "-289,000", "EBIT": "6,578,000", "EBITDA": "-", "Reconciled Cost of Revenue": "34,768,000", "Reconciled Depreciation": "2,824,000", "Net Income from Continuing Operation Net Minority Interest": "3,897,000", "Total Unusual Items Excluding Goodwill": "-8,345,000", "Total Unusual Items": "-8,345,000", "Normalized EBITDA": "17,747,000", "Tax Rate for Calcs": "0", "Tax Effect of Unusual Items": "-2,895,715"}, "6/30/2018": {"Duration": "6/30/2018", "Total Revenue": "66,832,000", "Cost of Revenue": "34,268,000", "Gross Profit": "32,564,000", "Operating Expense": "18,853,000", "Operating Income": "13,711,000", "Net Non Operating Interest Income Expense": "-259,000", "Other Income Expense": "-126,000", "Pretax Income": "13,326,000", "Tax Provision": "3,465,000", "Net Income Common Stockholders": "9,485,000", "Average Dilution Earnings": "265,000", "Diluted NI Available to Com Stockholders": "9,750,000", "Basic EPS": "3.75", "Diluted EPS": "3.67", "Basic Average Shares": "2,529,300", "Diluted Average Shares": "2,656,700", "Total Operating Income as Reported": "13,711,000", "Total Expenses": "53,121,000", "Net Income from Continuing & Discontinued Operation": "9,750,000", "Normalized Income": "9,750,000", "Interest Income": "247,000", "Interest Expense": "506,000", "Net Interest Income": "-259,000", "EBIT": "13,832,000", "EBITDA": "-", "Reconciled Cost of Revenue": "34,268,000", "Reconciled Depreciation": "2,834,000", "Net Income from Continuing Operation Net Minority Interest": "9,750,000", "Total Unusual Items Excluding Goodwill": "-", "Total Unusual Items": "-", "Normalized EBITDA": "16,666,000", "Tax Rate for Calcs": "0", "Tax Effect of Unusual Items": "0"}}, "bs": {"6/30/2020": {"Duration": "6/30/2020", "Total Assets": "120,700,000", "Total Liabilities Net Minority Interest": "73,822,000", "Total Equity Gross Minority Interest": "46,878,000", "Total Capitalization": "70,058,000", "Preferred Stock Equity": "897,000", "Common Stock Equity": "45,624,000", "Capital Lease Obligations": "652,000", "Net Tangible Assets": "-17,172,000", "Working Capital": "-4,989,000", "Invested Capital": "80,344,000", "Tangible Book Value": "-18,069,000", "Total Debt": "35,372,000", "Net Debt": "18,539,000", "Share Issued": "4,009,200", "Ordinary Shares Number": "2,479,700", "Treasury Shares Number": "1,529,500"}, "6/30/2019": {"Duration": "6/30/2019", "Total Assets": "115,095,000", "Total Liabilities Net Minority Interest": "67,516,000", "Total Equity Gross Minority Interest": "47,579,000", "Total Capitalization": "67,565,000", "Preferred Stock Equity": "928,000", "Common Stock Equity": "46,266,000", "Capital Lease Obligations": "33,000", "Net Tangible Assets": "-17,294,000", "Working Capital": "-7,538,000", "Invested Capital": "76,325,000", "Tangible Book Value": "-18,222,000", "Total Debt": "30,092,000", "Net Debt": "25,820,000", "Share Issued": "4,009,251", "Ordinary Shares Number": "2,504,751", "Treasury Shares Number": "1,504,500"}, "6/30/2018": {"Duration": "6/30/2018", "Total Assets": "118,310,000", "Total Liabilities Net Minority Interest": "65,427,000", "Total Equity Gross Minority Interest": "52,883,000", "Total Capitalization": "73,071,000", "Preferred Stock Equity": "967,000", "Common Stock Equity": "51,326,000", "Capital Lease Obligations": "107,000", "Net Tangible Assets": "-16,784,000", "Working Capital": "-4,917,000", "Invested Capital": "82,505,000", "Tangible Book Value": "-17,751,000", "Total Debt": "31,286,000", "Net Debt": "28,610,000", "Share Issued": "4,009,293", "Ordinary Shares Number": "2,498,093", "Treasury Shares Number": "1,511,200"}}, "cf": {"TTM": {"Duration": "TTM", "Operating Cash Flow": "19,033,000", "Investing Cash Flow": "-2,762,000", "Financing Cash Flow": "-10,625,000", "End Cash Position": "11,925,000", "Income Tax Paid Supplemental Data": "-", "Interest Paid Supplemental Data": "-", "Capital Expenditure": "-2,806,000", "Issuance of Debt": "7,380,000", "Repayment of Debt": "-8,471,000", "Repurchase of Capital Stock": "-5,909,000", "Free Cash Flow": "16,227,000"}, "6/30/2020": {"Duration": "6/30/2020", "Operating Cash Flow": "17,403,000", "Investing Cash Flow": "3,045,000", "Financing Cash Flow": "-8,367,000", "End Cash Position": "16,181,000", "Income Tax Paid Supplemental Data": "3,550,000", "Interest Paid Supplemental Data": "434,000", "Capital Expenditure": "-3,073,000", "Issuance of Debt": "4,951,000", "Repayment of Debt": "-2,447,000", "Repurchase of Capital Stock": "-7,405,000", "Free Cash Flow": "14,330,000"}, "6/30/2019": {"Duration": "6/30/2019", "Operating Cash Flow": "15,242,000", "Investing Cash Flow": "-3,490,000", "Financing Cash Flow": "-9,994,000", "End Cash Position": "4,239,000", "Income Tax Paid Supplemental Data": "3,064,000", "Interest Paid Supplemental Data": "497,000", "Capital Expenditure": "-3,347,000", "Issuance of Debt": "2,367,000", "Repayment of Debt": "-969,000", "Repurchase of Capital Stock": "-5,003,000", "Free Cash Flow": "11,895,000"}, "6/30/2018": {"Duration": "6/30/2018", "Operating Cash Flow": "14,867,000", "Investing Cash Flow": "-3,511,000", "Financing Cash Flow": "-14,375,000", "End Cash Position": "2,569,000", "Income Tax Paid Supplemental Data": "2,830,000", "Interest Paid Supplemental Data": "529,000", "Capital Expenditure": "-3,717,000", "Issuance of Debt": "5,072,000", "Repayment of Debt": "-2,873,000", "Repurchase of Capital Stock": "-7,004,000", "Free Cash Flow": "11,150,000"}}}}, {"CL": {"quote": {"05/11/2021": {"value": "82.44", "Market Cap": "69.742B", "Beta (5Y Monthly)": "0.60", "PE Ratio (TTM)": "26.51", "EPS (TTM)": "3.11", "Earnings Date": "Jul 30, 2021", "Forward Dividend & Yield": "1.80 (2.16%)", "Ex-Dividend Date": "Apr 20, 2021", "1y Target Est": "85.38"}}, "fin": {"TTM": {"Duration": "TTM", "Total Revenue": "16,471,000", "Cost of Revenue": "6,454,000", "Gross Profit": "10,017,000", "Operating Expense": "6,142,000", "Operating Income": "3,875,000", "Net Non Operating Interest Income Expense": "-164,000", "Other Income Expense": "-64,000", "Pretax Income": "3,647,000", "Tax Provision": "787,000", "Net Income Common Stockholders": "2,695,000", "Diluted NI Available to Com Stockholders": "2,695,000", "Basic EPS": "-", "Diluted EPS": "-", "Basic Average Shares": "-", "Diluted Average Shares": "-", "Total Operating Income as Reported": "3,885,000", "Total Expenses": "12,596,000", "Net Income from Continuing & Discontinued Operation": "2,695,000", "Normalized Income": "2,696,568", "Interest Income": "19,000", "Interest Expense": "183,000", "Net Interest Income": "-164,000", "EBIT": "3,830,000", "EBITDA": "4,369,000", "Reconciled Cost of Revenue": "6,003,000", "Reconciled Depreciation": "539,000", "Net Income from Continuing Operation Net Minority Interest": "2,695,000", "Total Unusual Items Excluding Goodwill": "-2,000", "Total Unusual Items": "-2,000", "Normalized EBITDA": "4,371,000", "Tax Rate for Calcs": "0", "Tax Effect of Unusual Items": "-432"}, "12/31/2020": {"Duration": "12/31/2020", "Total Revenue": "16,471,000", "Cost of Revenue": "6,454,000", "Gross Profit": "10,017,000", "Operating Expense": "6,142,000", "Operating Income": "3,875,000", "Net Non Operating Interest Income Expense": "-164,000", "Other Income Expense": "-64,000", "Pretax Income": "3,647,000", "Tax Provision": "787,000", "Net Income Common Stockholders": "2,695,000", "Diluted NI Available to Com Stockholders": "2,695,000", "Basic EPS": "3.15", "Diluted EPS": "3.14", "Basic Average Shares": "856,800", "Diluted Average Shares": "859,300", "Total Operating Income as Reported": "3,885,000", "Total Expenses": "12,596,000", "Net Income from Continuing & Discontinued Operation": "2,695,000", "Normalized Income": "2,696,568", "Interest Income": "19,000", "Interest Expense": "183,000", "Net Interest Income": "-164,000", "EBIT": "3,830,000", "EBITDA": "-", "Reconciled Cost of Revenue": "6,003,000", "Reconciled Depreciation": "539,000", "Net Income from Continuing Operation Net Minority Interest": "2,695,000", "Total Unusual Items Excluding Goodwill": "-2,000", "Total Unusual Items": "-2,000", "Normalized EBITDA": "4,371,000", "Tax Rate for Calcs": "0", "Tax Effect of Unusual Items": "-432"}, "12/31/2019": {"Duration": "12/31/2019", "Total Revenue": "15,693,000", "Cost of Revenue": "6,368,000", "Gross Profit": "9,325,000", "Operating Expense": "5,708,000", "Operating Income": "3,617,000", "Net Non Operating Interest Income Expense": "-145,000", "Other Income Expense": "-171,000", "Pretax Income": "3,301,000", "Tax Provision": "774,000", "Net Income Common Stockholders": "2,367,000", "Diluted NI Available to Com Stockholders": "2,367,000", "Basic EPS": "2.76", "Diluted EPS": "2.75", "Basic Average Shares": "859,100", "Diluted Average Shares": "861,100", "Total Operating Income as Reported": "3,554,000", "Total Expenses": "12,076,000", "Net Income from Continuing & Discontinued Operation": "2,367,000", "Normalized Income": "2,422,152", "Interest Income": "47,000", "Interest Expense": "192,000", "Net Interest Income": "-145,000", "EBIT": "3,493,000", "EBITDA": "-", "Reconciled Cost of Revenue": "5,911,000", "Reconciled Depreciation": "519,000", "Net Income from Continuing Operation Net Minority Interest": "2,367,000", "Total Unusual Items Excluding Goodwill": "-72,000", "Total Unusual Items": "-72,000", "Normalized EBITDA": "4,084,000", "Tax Rate for Calcs": "0", "Tax Effect of Unusual Items": "-16,848"}, "12/31/2018": {"Duration": "12/31/2018", "Total Revenue": "15,544,000", "Cost of Revenue": "6,313,000", "Gross Profit": "9,231,000", "Operating Expense": "5,459,000", "Operating Income": "3,772,000", "Net Non Operating Interest Income Expense": "-143,000", "Other Income Expense": "-165,000", "Pretax Income": "3,464,000", "Tax Provision": "906,000", "Net Income Common Stockholders": "2,400,000", "Diluted NI Available to Com Stockholders": "2,400,000", "Basic EPS": "2.76", "Diluted EPS": "2.75", "Basic Average Shares": "870,600", "Diluted Average Shares": "873,000", "Total Operating Income as Reported": "3,694,000", "Total Expenses": "11,772,000", "Net Income from Continuing & Discontinued Operation": "2,400,000", "Normalized Income": "2,464,944", "Interest Income": "50,000", "Interest Expense": "193,000", "Net Interest Income": "-143,000", "EBIT": "3,657,000", "EBITDA": "-", "Reconciled Cost of Revenue": "5,861,000", "Reconciled Depreciation": "511,000", "Net Income from Continuing Operation Net Minority Interest": "2,400,000", "Total Unusual Items Excluding Goodwill": "-88,000", "Total Unusual Items": "-88,000", "Normalized EBITDA": "4,256,000", "Tax Rate for Calcs": "0", "Tax Effect of Unusual Items": "-23,056"}}, "bs": {"12/31/2020": {"Duration": "12/31/2020", "Total Assets": "15,920,000", "Total Liabilities Net Minority Interest": "14,819,000", "Total Equity Gross Minority Interest": "1,101,000", "Total Capitalization": "8,077,000", "Common Stock Equity": "743,000", "Capital Lease Obligations": "613,000", "Net Tangible Assets": "-5,975,000", "Working Capital": "-66,000", "Invested Capital": "8,344,000", "Tangible Book Value": "-5,975,000", "Total Debt": "8,214,000", "Net Debt": "6,713,000", "Share Issued": "1,465,706", "Ordinary Shares Number": "849,894", "Treasury Shares Number": "615,813"}, "12/31/2019": {"Duration": "12/31/2019", "Total Assets": "15,034,000", "Total Liabilities Net Minority Interest": "14,476,000", "Total Equity Gross Minority Interest": "558,000", "Total Capitalization": "7,450,000", "Common Stock Equity": "117,000", "Capital Lease Obligations": "636,000", "Net Tangible Assets": "-6,058,000", "Working Capital": "141,000", "Invested Capital": "7,964,000", "Tangible Book Value": "-6,058,000", "Total Debt": "8,483,000", "Net Debt": "6,964,000", "Share Issued": "1,465,706", "Ordinary Shares Number": "854,702", "Treasury Shares Number": "611,005"}, "12/31/2018": {"Duration": "12/31/2018", "Total Assets": "12,161,000", "Total Liabilities Net Minority Interest": "11,964,000", "Total Equity Gross Minority Interest": "197,000", "Total Capitalization": "6,252,000", "Common Stock Equity": "-102,000", "Capital Lease Obligations": "-", "Net Tangible Assets": "-4,269,000", "Working Capital": "452,000", "Invested Capital": "6,264,000", "Tangible Book Value": "-4,269,000", "Total Debt": "6,366,000", "Net Debt": "5,640,000", "Share Issued": "1,465,706", "Ordinary Shares Number": "862,913", "Treasury Shares Number": "602,794"}}, "cf": {"TTM": {"Duration": "TTM", "Operating Cash Flow": "3,719,000", "Investing Cash Flow": "-779,000", "Financing Cash Flow": "-2,919,000", "End Cash Position": "888,000", "Income Tax Paid Supplemental Data": "845,000", "Interest Paid Supplemental Data": "188,000", "Capital Expenditure": "-410,000", "Issuance of Debt": "0", "Repayment of Debt": "-1,061,000", "Repurchase of Capital Stock": "-1,476,000", "Free Cash Flow": "3,309,000"}, "12/31/2020": {"Duration": "12/31/2020", "Operating Cash Flow": "3,719,000", "Investing Cash Flow": "-779,000", "Financing Cash Flow": "-2,919,000", "End Cash Position": "888,000", "Income Tax Paid Supplemental Data": "845,000", "Interest Paid Supplemental Data": "188,000", "Capital Expenditure": "-410,000", "Issuance of Debt": "0", "Repayment of Debt": "-1,061,000", "Repurchase of Capital Stock": "-1,476,000", "Free Cash Flow": "3,309,000"}, "12/31/2019": {"Duration": "12/31/2019", "Operating Cash Flow": "3,133,000", "Investing Cash Flow": "-2,099,000", "Financing Cash Flow": "-870,000", "End Cash Position": "883,000", "Income Tax Paid Supplemental Data": "803,000", "Interest Paid Supplemental Data": "185,000", "Capital Expenditure": "-335,000", "Issuance of Debt": "8,059,000", "Repayment of Debt": "-6,611,000", "Repurchase of Capital Stock": "-1,202,000", "Free Cash Flow": "2,798,000"}, "12/31/2018": {"Duration": "12/31/2018", "Operating Cash Flow": "3,056,000", "Investing Cash Flow": "-1,170,000", "Financing Cash Flow": "-2,679,000", "End Cash Position": "726,000", "Income Tax Paid Supplemental Data": "847,000", "Interest Paid Supplemental Data": "194,000", "Capital Expenditure": "-436,000", "Issuance of Debt": "7,176,000", "Repayment of Debt": "-7,355,000", "Repurchase of Capital Stock": "-1,238,000", "Free Cash Flow": "2,620,000"}}}}, {"KMB": {"quote": {"05/11/2021": {"value": "134.21", "Market Cap": "45.287B", "Beta (5Y Monthly)": "0.52", "PE Ratio (TTM)": "20.13", "EPS (TTM)": "6.67", "Earnings Date": "Jul 23, 2021", "Forward Dividend & Yield": "4.56 (3.33%)", "Ex-Dividend Date": "Jun 03, 2021", "1y Target Est": "141.16"}}, "fin": {"TTM": {"Duration": "TTM", "Total Revenue": "19,140,000", "Cost of Revenue": "12,318,000", "Gross Profit": "6,822,000", "Operating Expense": "3,578,000", "Operating Income": "3,244,000", "Net Non Operating Interest Income Expense": "-244,000", "Other Income Expense": "-70,000", "Pretax Income": "2,930,000", "Tax Provision": "676,000", "Earnings from Equity Interest Net of Tax": "142,000", "Net Income Common Stockholders": "2,352,000", "Diluted NI Available to Com Stockholders": "2,352,000", "Basic EPS": "-", "Diluted EPS": "-", "Basic Average Shares": "-", "Diluted Average Shares": "-", "Total Operating Income as Reported": "3,244,000", "Total Expenses": "15,896,000", "Net Income from Continuing & Discontinued Operation": "2,352,000", "Normalized Income": "2,352,000", "Interest Income": "8,000", "Interest Expense": "252,000", "Net Interest Income": "-244,000", "EBIT": "3,182,000", "EBITDA": "3,978,000", "Reconciled Cost of Revenue": "12,318,000", "Reconciled Depreciation": "796,000", "Net Income from Continuing Operation Net Minority Interest": "2,352,000", "Normalized EBITDA": "3,978,000", "Tax Rate for Calcs": "0", "Tax Effect of Unusual Items": "0"}, "12/31/2020": {"Duration": "12/31/2020", "Total Revenue": "19,140,000", "Cost of Revenue": "12,318,000", "Gross Profit": "6,822,000", "Operating Expense": "3,578,000", "Operating Income": "3,244,000", "Net Non Operating Interest Income Expense": "-244,000", "Other Income Expense": "-70,000", "Pretax Income": "2,930,000", "Tax Provision": "676,000", "Earnings from Equity Interest Net of Tax": "142,000", "Net Income Common Stockholders": "2,352,000", "Diluted NI Available to Com Stockholders": "2,352,000", "Basic EPS": "6.90", "Diluted EPS": "6.87", "Basic Average Shares": "340,700", "Diluted Average Shares": "342,500", "Total Operating Income as Reported": "3,244,000", "Total Expenses": "15,896,000", "Net Income from Continuing & Discontinued Operation": "2,352,000", "Normalized Income": "2,352,000", "Interest Income": "8,000", "Interest Expense": "252,000", "Net Interest Income": "-244,000", "EBIT": "3,182,000", "EBITDA": "-", "Reconciled Cost of Revenue": "12,318,000", "Reconciled Depreciation": "796,000", "Net Income from Continuing Operation Net Minority Interest": "2,352,000", "Normalized EBITDA": "3,978,000", "Tax Rate for Calcs": "0", "Tax Effect of Unusual Items": "0"}, "12/31/2019": {"Duration": "12/31/2019", "Total Revenue": "18,450,000", "Cost of Revenue": "12,415,000", "Gross Profit": "6,035,000", "Operating Expense": "3,044,000", "Operating Income": "2,991,000", "Net Non Operating Interest Income Expense": "-250,000", "Other Income Expense": "-91,000", "Pretax Income": "2,650,000", "Tax Provision": "576,000", "Earnings from Equity Interest Net of Tax": "123,000", "Net Income Common Stockholders": "2,157,000", "Diluted NI Available to Com Stockholders": "2,157,000", "Basic EPS": "6.28", "Diluted EPS": "6.24", "Basic Average Shares": "343,471", "Diluted Average Shares": "345,600", "Total Operating Income as Reported": "2,991,000", "Total Expenses": "15,459,000", "Net Income from Continuing & Discontinued Operation": "2,157,000", "Normalized Income": "2,157,000", "Interest Income": "11,000", "Interest Expense": "261,000", "Net Interest Income": "-250,000", "EBIT": "2,911,000", "EBITDA": "-", "Reconciled Cost of Revenue": "12,415,000", "Reconciled Depreciation": "917,000", "Net Income from Continuing Operation Net Minority Interest": "2,157,000", "Normalized EBITDA": "3,828,000", "Tax Rate for Calcs": "0", "Tax Effect of Unusual Items": "0"}, "12/31/2018": {"Duration": "12/31/2018", "Total Revenue": "18,486,000", "Cost of Revenue": "12,889,000", "Gross Profit": "5,597,000", "Operating Expense": "3,368,000", "Operating Income": "2,229,000", "Net Non Operating Interest Income Expense": "-253,000", "Other Income Expense": "-163,000", "Pretax Income": "1,813,000", "Tax Provision": "471,000", "Earnings from Equity Interest Net of Tax": "103,000", "Net Income Common Stockholders": "1,410,000", "Diluted NI Available to Com Stockholders": "1,410,000", "Basic EPS": "4.05", "Diluted EPS": "4.03", "Basic Average Shares": "348,148", "Diluted Average Shares": "349,600", "Total Operating Income as Reported": "2,229,000", "Total Expenses": "16,257,000", "Net Income from Continuing & Discontinued Operation": "1,410,000", "Normalized Income": "1,410,000", "Interest Income": "10,000", "Interest Expense": "263,000", "Net Interest Income": "-253,000", "EBIT": "2,076,000", "EBITDA": "-", "Reconciled Cost of Revenue": "12,889,000", "Reconciled Depreciation": "882,000", "Net Income from Continuing Operation Net Minority Interest": "1,410,000", "Normalized EBITDA": "2,958,000", "Tax Rate for Calcs": "0", "Tax Effect of Unusual Items": "0"}}, "bs": {"12/31/2020": {"Duration": "12/31/2020", "Total Assets": "17,523,000", "Total Liabilities Net Minority Interest": "16,654,000", "Total Equity Gross Minority Interest": "869,000", "Total Capitalization": "8,504,000", "Common Stock Equity": "626,000", "Capital Lease Obligations": "133,000", "Net Tangible Assets": "-2,101,000", "Working Capital": "-1,269,000", "Invested Capital": "8,990,000", "Tangible Book Value": "-2,101,000", "Total Debt": "8,497,000", "Net Debt": "8,061,000", "Share Issued": "378,600", "Ordinary Shares Number": "338,700", "Treasury Shares Number": "39,900"}, "12/31/2019": {"Duration": "12/31/2019", "Total Assets": "15,283,000", "Total Liabilities Net Minority Interest": "15,089,000", "Total Equity Gross Minority Interest": "194,000", "Total Capitalization": "6,180,000", "Common Stock Equity": "-33,000", "Capital Lease Obligations": "130,000", "Net Tangible Assets": "-1,500,000", "Working Capital": "-1,862,000", "Invested Capital": "7,714,000", "Tangible Book Value": "-1,500,000", "Total Debt": "7,877,000", "Net Debt": "7,305,000", "Share Issued": "378,600", "Ordinary Shares Number": "341,500", "Treasury Shares Number": "37,100"}, "12/31/2018": {"Duration": "12/31/2018", "Total Assets": "14,518,000", "Total Liabilities Net Minority Interest": "14,564,000", "Total Equity Gross Minority Interest": "-46,000", "Total Capitalization": "5,960,000", "Common Stock Equity": "-287,000", "Capital Lease Obligations": "-", "Net Tangible Assets": "-1,761,000", "Working Capital": "-1,495,000", "Invested Capital": "7,168,000", "Tangible Book Value": "-1,761,000", "Total Debt": "7,455,000", "Net Debt": "6,916,000", "Share Issued": "378,600", "Ordinary Shares Number": "345,000", "Treasury Shares Number": "33,600"}}, "cf": {"TTM": {"Duration": "TTM", "Operating Cash Flow": "3,729,000", "Investing Cash Flow": "-2,305,000", "Financing Cash Flow": "-1,567,000", "End Cash Position": "303,000", "Income Tax Paid Supplemental Data": "-", "Interest Paid Supplemental Data": "-", "Capital Expenditure": "-1,217,000", "Issuance of Debt": "1,845,000", "Repayment of Debt": "-854,000", "Repurchase of Capital Stock": "-700,000", "Free Cash Flow": "2,512,000"}, "12/31/2020": {"Duration": "12/31/2020", "Operating Cash Flow": "3,729,000", "Investing Cash Flow": "-2,305,000", "Financing Cash Flow": "-1,567,000", "End Cash Position": "303,000", "Income Tax Paid Supplemental Data": "-", "Interest Paid Supplemental Data": "-", "Capital Expenditure": "-1,217,000", "Issuance of Debt": "1,845,000", "Repayment of Debt": "-854,000", "Repurchase of Capital Stock": "-700,000", "Free Cash Flow": "2,512,000"}, "12/31/2019": {"Duration": "12/31/2019", "Operating Cash Flow": "2,736,000", "Investing Cash Flow": "-1,042,000", "Financing Cash Flow": "-1,792,000", "End Cash Position": "442,000", "Income Tax Paid Supplemental Data": "-", "Interest Paid Supplemental Data": "-", "Capital Expenditure": "-1,209,000", "Issuance of Debt": "706,000", "Repayment of Debt": "-707,000", "Repurchase of Capital Stock": "-800,000", "Free Cash Flow": "1,527,000"}, "12/31/2018": {"Duration": "12/31/2018", "Operating Cash Flow": "2,970,000", "Investing Cash Flow": "-902,000", "Financing Cash Flow": "-2,115,000", "End Cash Position": "539,000", "Income Tax Paid Supplemental Data": "-", "Interest Paid Supplemental Data": "-", "Capital Expenditure": "-877,000", "Issuance of Debt": "507,000", "Repayment of Debt": "-407,000", "Repurchase of Capital Stock": "-800,000", "Free Cash Flow": "2,093,000"}}}}, {"EL": {"quote": {"05/11/2021": {"value": "294.81", "Market Cap": "106.872B", "Beta (5Y Monthly)": "0.94", "PE Ratio (TTM)": "78.05", "EPS (TTM)": "3.78", "Earnings Date": "May 03, 2021", "Forward Dividend & Yield": "2.12 (0.71%)", "Ex-Dividend Date": "May 27, 2021", "1y Target Est": "332.45"}}, "fin": {"TTM": {"Duration": "TTM", "Total Revenue": "14,190,000", "Cost of Revenue": "3,512,000", "Gross Profit": "10,678,000", "Operating Expense": "8,530,000", "Operating Income": "2,148,000", "Net Non Operating Interest Income Expense": "-127,000", "Other Income Expense": "-845,000", "Pretax Income": "1,176,000", "Tax Provision": "237,000", "Net Income Common Stockholders": "928,000", "Diluted NI Available to Com Stockholders": "928,000", "Basic EPS": "-", "Diluted EPS": "-", "Basic Average Shares": "-", "Diluted Average Shares": "-", "Total Operating Income as Reported": "1,334,000", "Total Expenses": "12,042,000", "Net Income from Continuing & Discontinued Operation": "928,000", "Normalized Income": "1,577,954", "Interest Income": "52,000", "Interest Expense": "179,000", "Net Interest Income": "-127,000", "EBIT": "1,355,000", "EBITDA": "1,995,000", "Reconciled Cost of Revenue": "3,512,000", "Reconciled Depreciation": "640,000", "Net Income from Continuing Operation Net Minority Interest": "928,000", "Total Unusual Items Excluding Goodwill": "-814,000", "Total Unusual Items": "-814,000", "Normalized EBITDA": "2,809,000", "Tax Rate for Calcs": "0", "Tax Effect of Unusual Items": "-164,046"}, "6/30/2020": {"Duration": "6/30/2020", "Total Revenue": "14,294,000", "Cost of Revenue": "3,552,000", "Gross Profit": "10,742,000", "Operating Expense": "8,637,000", "Operating Income": "2,105,000", "Net Non Operating Interest Income Expense": "-113,000", "Other Income Expense": "-946,000", "Pretax Income": "1,046,000", "Tax Provision": "350,000", "Net Income Common Stockholders": "684,000", "Diluted NI Available to Com Stockholders": "684,000", "Basic EPS": "1.90", "Diluted EPS": "1.86", "Basic Average Shares": "360,600", "Diluted Average Shares": "366,900", "Total Operating Income as Reported": "606,000", "Total Expenses": "12,189,000", "Net Income from Continuing & Discontinued Operation": "684,000", "Normalized Income": "1,680,835", "Interest Income": "48,000", "Interest Expense": "161,000", "Net Interest Income": "-113,000", "EBIT": "1,207,000", "EBITDA": "-", "Reconciled Cost of Revenue": "3,552,000", "Reconciled Depreciation": "611,000", "Net Income from Continuing Operation Net Minority Interest": "684,000", "Total Unusual Items Excluding Goodwill": "-1,499,000", "Total Unusual Items": "-1,499,000", "Normalized EBITDA": "3,317,000", "Tax Rate for Calcs": "0", "Tax Effect of Unusual Items": "-502,165"}, "6/30/2019": {"Duration": "6/30/2019", "Total Revenue": "14,863,000", "Cost of Revenue": "3,387,000", "Gross Profit": "11,476,000", "Operating Expense": "8,857,000", "Operating Income": "2,619,000", "Net Non Operating Interest Income Expense": "-75,000", "Other Income Expense": "-237,000", "Pretax Income": "2,307,000", "Tax Provision": "513,000", "Net Income Common Stockholders": "1,785,000", "Diluted NI Available to Com Stockholders": "1,785,000", "Basic EPS": "4.91", "Diluted EPS": "4.82", "Basic Average Shares": "363,500", "Diluted Average Shares": "370,400", "Total Operating Income as Reported": "2,313,000", "Total Expenses": "12,244,000", "Net Income from Continuing & Discontinued Operation": "1,785,000", "Normalized Income": "2,023,068", "Interest Income": "58,000", "Interest Expense": "133,000", "Net Interest Income": "-75,000", "EBIT": "2,440,000", "EBITDA": "-", "Reconciled Cost of Revenue": "3,387,000", "Reconciled Depreciation": "557,000", "Net Income from Continuing Operation Net Minority Interest": "1,785,000", "Total Unusual Items Excluding Goodwill": "-306,000", "Total Unusual Items": "-306,000", "Normalized EBITDA": "3,303,000", "Tax Rate for Calcs": "0", "Tax Effect of Unusual Items": "-67,932"}, "6/30/2018": {"Duration": "6/30/2018", "Total Revenue": "13,683,000", "Cost of Revenue": "2,844,000", "Gross Profit": "10,839,000", "Operating Expense": "8,556,000", "Operating Income": "2,283,000", "Net Non Operating Interest Income Expense": "-72,000", "Other Income Expense": "-231,000", "Pretax Income": "1,980,000", "Tax Provision": "863,000", "Net Income Common Stockholders": "1,108,000", "Diluted NI Available to Com Stockholders": "1,108,000", "Basic EPS": "3.01", "Diluted EPS": "2.95", "Basic Average Shares": "368,000", "Diluted Average Shares": "375,700", "Total Operating Income as Reported": "2,052,000", "Total Expenses": "11,400,000", "Net Income from Continuing & Discontinued Operation": "1,108,000", "Normalized Income": "1,276,630", "Interest Income": "56,000", "Interest Expense": "128,000", "Net Interest Income": "-72,000", "EBIT": "2,108,000", "EBITDA": "-", "Reconciled Cost of Revenue": "2,844,000", "Reconciled Depreciation": "531,000", "Net Income from Continuing Operation Net Minority Interest": "1,108,000", "Total Unusual Items Excluding Goodwill": "-231,000", "Total Unusual Items": "-231,000", "Normalized EBITDA": "2,870,000", "Tax Rate for Calcs": "0", "Tax Effect of Unusual Items": "-62,370"}}, "bs": {"6/30/2020": {"Duration": "6/30/2020", "Total Assets": "17,781,000", "Total Liabilities Net Minority Interest": "13,819,000", "Total Equity Gross Minority Interest": "3,962,000", "Total Capitalization": "8,849,000", "Common Stock Equity": "3,935,000", "Capital Lease Obligations": "2,653,000", "Net Tangible Assets": "196,000", "Working Capital": "3,713,000", "Invested Capital": "10,071,000", "Tangible Book Value": "196,000", "Total Debt": "8,789,000", "Net Debt": "1,114,000", "Share Issued": "587,163", "Ordinary Shares Number": "360,526", "Treasury Shares Number": "226,637"}, "6/30/2019": {"Duration": "6/30/2019", "Total Assets": "13,156,000", "Total Liabilities Net Minority Interest": "8,745,000", "Total Equity Gross Minority Interest": "4,411,000", "Total Capitalization": "7,282,000", "Common Stock Equity": "4,386,000", "Capital Lease Obligations": "-", "Net Tangible Assets": "1,315,000", "Working Capital": "2,607,000", "Invested Capital": "7,798,000", "Tangible Book Value": "1,315,000", "Total Debt": "3,412,000", "Net Debt": "425,000", "Share Issued": "583,223", "Ordinary Shares Number": "361,102", "Treasury Shares Number": "222,121"}, "6/30/2018": {"Duration": "6/30/2018", "Total Assets": "12,567,000", "Total Liabilities Net Minority Interest": "7,857,000", "Total Equity Gross Minority Interest": "4,710,000", "Total Capitalization": "8,049,000", "Common Stock Equity": "4,688,000", "Capital Lease Obligations": "-", "Net Tangible Assets": "1,486,000", "Working Capital": "2,858,000", "Invested Capital": "8,232,000", "Tangible Book Value": "1,486,000", "Total Debt": "3,544,000", "Net Debt": "1,363,000", "Share Issued": "578,466", "Ordinary Shares Number": "367,145", "Treasury Shares Number": "211,320"}}, "cf": {"TTM": {"Duration": "TTM", "Operating Cash Flow": "3,003,000", "Investing Cash Flow": "-745,000", "Financing Cash Flow": "-345,000", "End Cash Position": "5,509,000", "Capital Expenditure": "-582,000", "Issuance of Debt": "698,000", "Repayment of Debt": "-509,000", "Repurchase of Capital Stock": "-182,000", "Free Cash Flow": "2,421,000"}, "6/30/2020": {"Duration": "6/30/2020", "Operating Cash Flow": "2,280,000", "Investing Cash Flow": "-1,698,000", "Financing Cash Flow": "1,461,000", "End Cash Position": "5,022,000", "Capital Expenditure": "-623,000", "Issuance of Debt": "2,481,000", "Repayment of Debt": "-513,000", "Repurchase of Capital Stock": "-893,000", "Free Cash Flow": "1,657,000"}, "6/30/2019": {"Duration": "6/30/2019", "Operating Cash Flow": "2,517,000", "Investing Cash Flow": "473,000", "Financing Cash Flow": "-2,173,000", "End Cash Position": "2,987,000", "Capital Expenditure": "-744,000", "Issuance of Debt": "0", "Repayment of Debt": "-1,000", "Repurchase of Capital Stock": "-1,555,000", "Free Cash Flow": "1,773,000"}, "6/30/2018": {"Duration": "6/30/2018", "Operating Cash Flow": "2,573,000", "Investing Cash Flow": "-369,000", "Financing Cash Flow": "-1,172,000", "End Cash Position": "2,181,000", "Capital Expenditure": "-629,000", "Issuance of Debt": "0", "Repayment of Debt": "-2,000", "Repurchase of Capital Stock": "-759,000", "Free Cash Flow": "1,944,000"}}}}, {"NHTC": {"quote": {"03/26/2021": {"value": "6.85", "Market Cap": "78.244M", "Beta (5Y Monthly)": "0.61", "PE Ratio (TTM)": "97.86", "EPS (TTM)": "0.07", "Earnings Date": "Feb 10, 2021", "Forward Dividend & Yield": "0.80 (11.98%)", "Ex-Dividend Date": "Feb 22, 2021", "1y Target Est": "N/A"}}, "fin": {"TTM": {"Duration": "TTM", "Total Revenue": "62,071", "Cost of Revenue": "16,990", "Gross Profit": "45,081", "Operating Expense": "44,412", "Operating Income": "669", "Other Income Expense": "821", "Pretax Income": "1,490", "Tax Provision": "647", "Net Income Common Stockholders": "843", "Diluted NI Available to Com Stockholders": "843", "Basic EPS": "-", "Diluted EPS": "-", "Basic Average Shares": "-", "Diluted Average Shares": "-", "Total Operating Income as Reported": "669", "Total Expenses": "61,402", "Net Income from Continuing & Discontinued Operation": "843", "Normalized Income": "843", "EBIT": "669", "EBITDA": "1,079", "Reconciled Cost of Revenue": "16,990", "Reconciled Depreciation": "410", "Net Income from Continuing Operation Net Minority Interest": "843", "Total Unusual Items Excluding Goodwill": "0", "Total Unusual Items": "0", "Normalized EBITDA": "1,079", "Tax Rate for Calcs": "0", "Tax Effect of Unusual Items": "0"}, "12/31/2020": {"Duration": "12/31/2020", "Total Revenue": "62,071", "Cost of Revenue": "16,990", "Gross Profit": "45,081", "Operating Expense": "44,412", "Operating Income": "669", "Other Income Expense": "821", "Pretax Income": "1,490", "Tax Provision": "647", "Net Income Common Stockholders": "843", "Diluted NI Available to Com Stockholders": "843", "Basic EPS": "-", "Diluted EPS": "-", "Basic Average Shares": "-", "Diluted Average Shares": "-", "Total Operating Income as Reported": "669", "Total Expenses": "61,402", "Net Income from Continuing & Discontinued Operation": "843", "Normalized Income": "843", "EBIT": "669", "EBITDA": "-", "Reconciled Cost of Revenue": "16,990", "Reconciled Depreciation": "410", "Net Income from Continuing Operation Net Minority Interest": "843", "Total Unusual Items Excluding Goodwill": "0", "Total Unusual Items": "0", "Normalized EBITDA": "1,079", "Tax Rate for Calcs": "0", "Tax Effect of Unusual Items": "0"}, "12/31/2019": {"Duration": "12/31/2019", "Total Revenue": "77,614", "Cost of Revenue": "20,104", "Gross Profit": "57,510", "Operating Expense": "62,769", "Operating Income": "-5,259", "Other Income Expense": "-338", "Pretax Income": "-5,597", "Tax Provision": "14", "Net Income Common Stockholders": "-5,611", "Diluted NI Available to Com Stockholders": "-5,611", "Basic EPS": "-0.52", "Diluted EPS": "-0.52", "Basic Average Shares": "10,871", "Diluted Average Shares": "10,871", "Total Operating Income as Reported": "-7,023", "Total Expenses": "82,873", "Net Income from Continuing & Discontinued Operation": "-5,611", "Normalized Income": "-4,138", "EBIT": "-5,259", "EBITDA": "-", "Reconciled Cost of Revenue": "20,104", "Reconciled Depreciation": "387", "Net Income from Continuing Operation Net Minority Interest": "-5,611", "Total Unusual Items Excluding Goodwill": "-1,764", "Total Unusual Items": "-1,764", "Normalized EBITDA": "-3,108", "Tax Rate for Calcs": "0", "Tax Effect of Unusual Items": "-291.06"}, "12/31/2018": {"Duration": "12/31/2018", "Total Revenue": "191,910", "Cost of Revenue": "39,367", "Gross Profit": "152,543", "Operating Expense": "118,811", "Operating Income": "33,732", "Other Income Expense": "789", "Pretax Income": "34,521", "Tax Provision": "3,486", "Net Income Common Stockholders": "31,035", "Diluted NI Available to Com Stockholders": "31,035", "Basic EPS": "2.75", "Diluted EPS": "2.74", "Basic Average Shares": "11,304", "Diluted Average Shares": "11,318", "Total Operating Income as Reported": "33,732", "Total Expenses": "158,178", "Net Income from Continuing & Discontinued Operation": "31,035", "Normalized Income": "31,035", "EBIT": "33,732", "EBITDA": "-", "Reconciled Cost of Revenue": "39,367", "Reconciled Depreciation": "424", "Net Income from Continuing Operation Net Minority Interest": "31,035", "Total Unusual Items Excluding Goodwill": "-", "Total Unusual Items": "-", "Normalized EBITDA": "34,156", "Tax Rate for Calcs": "0", "Tax Effect of Unusual Items": "0"}}, "bs": {"12/31/2020": {"Duration": "12/31/2020", "Total Assets": "105,942", "Total Liabilities Net Minority Interest": "38,245", "Total Equity Gross Minority Interest": "67,697", "Total Capitalization": "67,697", "Common Stock Equity": "67,697", "Capital Lease Obligations": "3,938", "Net Tangible Assets": "67,697", "Working Capital": "78,235", "Invested Capital": "67,697", "Tangible Book Value": "67,697", "Total Debt": "3,938", "Share Issued": "12,979", "Ordinary Shares Number": "11,423", "Treasury Shares Number": "1,557"}, "12/31/2019": {"Duration": "12/31/2019", "Total Assets": "118,497", "Total Liabilities Net Minority Interest": "43,433", "Total Equity Gross Minority Interest": "75,064", "Total Capitalization": "75,064", "Common Stock Equity": "75,064", "Capital Lease Obligations": "3,219", "Net Tangible Assets": "75,064", "Working Capital": "82,073", "Invested Capital": "75,064", "Tangible Book Value": "75,064", "Total Debt": "3,219", "Share Issued": "12,979", "Ordinary Shares Number": "11,423", "Treasury Shares Number": "1,557"}, "12/31/2018": {"Duration": "12/31/2018", "Total Assets": "157,921", "Total Liabilities Net Minority Interest": "68,060", "Total Equity Gross Minority Interest": "89,861", "Total Capitalization": "89,861", "Common Stock Equity": "89,861", "Capital Lease Obligations": "-", "Net Tangible Assets": "88,097", "Working Capital": "107,103", "Invested Capital": "89,861", "Tangible Book Value": "88,097", "Total Debt": "-", "Share Issued": "12,979", "Ordinary Shares Number": "11,376", "Treasury Shares Number": "1,603"}}, "cf": {"TTM": {"Duration": "TTM", "Operating Cash Flow": "1,885", "Investing Cash Flow": "-211", "Financing Cash Flow": "-9,138", "End Cash Position": "92,892", "Income Tax Paid Supplemental Data": "-", "Capital Expenditure": "-211", "Repurchase of Capital Stock": "0", "Free Cash Flow": "1,674"}, "12/31/2020": {"Duration": "12/31/2020", "Operating Cash Flow": "1,885", "Investing Cash Flow": "-211", "Financing Cash Flow": "-9,138", "End Cash Position": "92,892", "Income Tax Paid Supplemental Data": "-", "Capital Expenditure": "-211", "Repurchase of Capital Stock": "0", "Free Cash Flow": "1,674"}, "12/31/2019": {"Duration": "12/31/2019", "Operating Cash Flow": "-18,638", "Investing Cash Flow": "-189", "Financing Cash Flow": "-17,461", "End Cash Position": "99,425", "Income Tax Paid Supplemental Data": "1,985", "Capital Expenditure": "-189", "Repurchase of Capital Stock": "-10,117", "Free Cash Flow": "-18,827"}, "12/31/2018": {"Duration": "12/31/2018", "Operating Cash Flow": "29,710", "Investing Cash Flow": "-214", "Financing Cash Flow": "-31,512", "End Cash Position": "135,651", "Income Tax Paid Supplemental Data": "3,130", "Capital Expenditure": "-214", "Repurchase of Capital Stock": "-", "Free Cash Flow": "29,496"}}}}, {"EPC": {"quote": {"03/26/2021": {"value": "38.53", "Market Cap": "2.091B", "Beta (5Y Monthly)": "0.96", "PE Ratio (TTM)": "33.48", "EPS (TTM)": "1.15", "Earnings Date": "May 05, 2021 - May 10, 2021", "Forward Dividend & Yield": "0.60 (1.62%)", "Ex-Dividend Date": "Mar 04, 2021", "1y Target Est": "40.70"}}, "fin": {"TTM": {"Duration": "TTM", "Total Revenue": "1,946,800", "Cost of Revenue": "1,065,700", "Gross Profit": "881,100", "Operating Expense": "678,400", "Operating Income": "202,700", "Net Non Operating Interest Income Expense": "-64,300", "Other Income Expense": "-55,500", "Pretax Income": "82,900", "Tax Provision": "20,000", "Net Income Common Stockholders": "62,900", "Diluted NI Available to Com Stockholders": "62,900", "Basic EPS": "-", "Diluted EPS": "-", "Basic Average Shares": "-", "Diluted Average Shares": "-", "Total Expenses": "1,744,100", "Net Income from Continuing & Discontinued Operation": "62,900", "Normalized Income": "100,458", "Interest Expense": "64,300", "Net Interest Income": "-64,300", "EBIT": "147,200", "EBITDA": "235,700", "Reconciled Cost of Revenue": "1,065,700", "Reconciled Depreciation": "88,500", "Net Income from Continuing Operation Net Minority Interest": "62,900", "Total Unusual Items Excluding Goodwill": "-49,500", "Total Unusual Items": "-49,500", "Normalized EBITDA": "285,200", "Tax Rate for Calcs": "0", "Tax Effect of Unusual Items": "-11,942"}, "9/30/2020": {"Duration": "9/30/2020", "Total Revenue": "1,949,700", "Cost of Revenue": "1,068,800", "Gross Profit": "880,900", "Operating Expense": "680,300", "Operating Income": "200,600", "Net Non Operating Interest Income Expense": "-61,200", "Other Income Expense": "-52,100", "Pretax Income": "87,300", "Tax Provision": "19,700", "Net Income Common Stockholders": "67,600", "Diluted NI Available to Com Stockholders": "67,600", "Basic EPS": "1.25", "Diluted EPS": "1.24", "Basic Average Shares": "54,300", "Diluted Average Shares": "54,600", "Total Expenses": "1,749,100", "Net Income from Continuing & Discontinued Operation": "67,600", "Normalized Income": "103,746", "Interest Expense": "61,200", "Net Interest Income": "-61,200", "EBIT": "148,500", "EBITDA": "-", "Reconciled Cost of Revenue": "1,068,800", "Reconciled Depreciation": "88,800", "Net Income from Continuing Operation Net Minority Interest": "67,600", "Total Unusual Items Excluding Goodwill": "-46,700", "Total Unusual Items": "-46,700", "Normalized EBITDA": "284,000", "Tax Rate for Calcs": "0", "Tax Effect of Unusual Items": "-10,554"}, "9/30/2019": {"Duration": "9/30/2019", "Total Revenue": "2,141,000", "Cost of Revenue": "1,174,400", "Gross Profit": "966,600", "Operating Expense": "676,400", "Operating Income": "290,200", "Net Non Operating Interest Income Expense": "-62,600", "Other Income Expense": "-617,900", "Pretax Income": "-390,300", "Tax Provision": "-18,100", "Net Income Common Stockholders": "-372,200", "Diluted NI Available to Com Stockholders": "-372,200", "Basic EPS": "-6.52", "Diluted EPS": "-6.52", "Basic Average Shares": "54,100", "Diluted Average Shares": "54,100", "Total Expenses": "1,850,800", "Net Income from Continuing & Discontinued Operation": "-372,200", "Normalized Income": "215,846", "Interest Expense": "62,600", "Net Interest Income": "-62,600", "EBIT": "-327,700", "EBITDA": "-", "Reconciled Cost of Revenue": "1,174,400", "Reconciled Depreciation": "93,800", "Net Income from Continuing Operation Net Minority Interest": "-372,200", "Total Unusual Items Excluding Goodwill": "-616,400", "Total Unusual Items": "-616,400", "Normalized EBITDA": "382,500", "Tax Rate for Calcs": "0", "Tax Effect of Unusual Items": "-28,354"}, "9/30/2018": {"Duration": "9/30/2018", "Total Revenue": "2,234,400", "Cost of Revenue": "1,197,600", "Gross Profit": "1,036,800", "Operating Expense": "746,600", "Operating Income": "290,200", "Net Non Operating Interest Income Expense": "-68,000", "Other Income Expense": "-58,400", "Pretax Income": "163,800", "Tax Provision": "60,500", "Net Income Common Stockholders": "103,300", "Diluted NI Available to Com Stockholders": "103,300", "Basic EPS": "1.90", "Diluted EPS": "1.90", "Basic Average Shares": "54,400", "Diluted Average Shares": "54,500", "Total Expenses": "1,944,200", "Net Income from Continuing & Discontinued Operation": "103,300", "Normalized Income": "136,743", "Interest Expense": "68,000", "Net Interest Income": "-68,000", "EBIT": "231,800", "EBITDA": "-", "Reconciled Cost of Revenue": "1,197,600", "Reconciled Depreciation": "97,600", "Net Income from Continuing Operation Net Minority Interest": "103,300", "Total Unusual Items Excluding Goodwill": "-53,000", "Total Unusual Items": "-53,000", "Normalized EBITDA": "382,400", "Tax Rate for Calcs": "0", "Tax Effect of Unusual Items": "-19,557"}}, "bs": {"9/30/2020": {"Duration": "9/30/2020", "Total Assets": "3,540,900", "Total Liabilities Net Minority Interest": "2,108,000", "Total Equity Gross Minority Interest": "1,432,900", "Total Capitalization": "2,670,800", "Common Stock Equity": "1,432,900", "Capital Lease Obligations": "43,700", "Net Tangible Assets": "-654,900", "Working Capital": "473,100", "Invested Capital": "2,691,900", "Tangible Book Value": "-654,900", "Total Debt": "1,302,700", "Net Debt": "894,300", "Share Issued": "65,252", "Ordinary Shares Number": "54,355", "Treasury Shares Number": "10,897"}, "9/30/2019": {"Duration": "9/30/2019", "Total Assets": "3,420,900", "Total Liabilities Net Minority Interest": "2,117,400", "Total Equity Gross Minority Interest": "1,303,500", "Total Capitalization": "2,401,300", "Common Stock Equity": "1,303,500", "Capital Lease Obligations": "-", "Net Tangible Assets": "-642,200", "Working Capital": "384,800", "Invested Capital": "2,532,700", "Tangible Book Value": "-642,200", "Total Debt": "1,229,200", "Net Debt": "887,600", "Share Issued": "65,252", "Ordinary Shares Number": "54,207", "Treasury Shares Number": "11,045"}, "9/30/2018": {"Duration": "9/30/2018", "Total Assets": "3,953,300", "Total Liabilities Net Minority Interest": "2,208,700", "Total Equity Gross Minority Interest": "1,744,600", "Total Capitalization": "2,848,400", "Common Stock Equity": "1,744,600", "Capital Lease Obligations": "-", "Net Tangible Assets": "-805,200", "Working Capital": "234,200", "Invested Capital": "3,041,500", "Tangible Book Value": "-805,200", "Total Debt": "1,296,900", "Net Debt": "1,030,500", "Share Issued": "65,252", "Ordinary Shares Number": "54,040", "Treasury Shares Number": "11,212"}}, "cf": {"TTM": {"Duration": "TTM", "Operating Cash Flow": "197,000", "Investing Cash Flow": "-288,400", "Financing Cash Flow": "111,700", "End Cash Position": "272,100", "Income Tax Paid Supplemental Data": "-", "Interest Paid Supplemental Data": "-", "Capital Expenditure": "-50,300", "Issuance of Capital Stock": "-", "Issuance of Debt": "0", "Repayment of Debt": "-600,000", "Repurchase of Capital Stock": "-9,200", "Free Cash Flow": "146,700"}, "9/30/2020": {"Duration": "9/30/2020", "Operating Cash Flow": "232,600", "Investing Cash Flow": "-196,400", "Financing Cash Flow": "-18,700", "End Cash Position": "364,700", "Income Tax Paid Supplemental Data": "24,600", "Interest Paid Supplemental Data": "56,100", "Capital Expenditure": "-47,700", "Issuance of Capital Stock": "750,000", "Issuance of Debt": "50,000", "Repayment of Debt": "-767,000", "Repurchase of Capital Stock": "0", "Free Cash Flow": "184,900"}, "9/30/2019": {"Duration": "9/30/2019", "Operating Cash Flow": "190,600", "Investing Cash Flow": "-45,500", "Financing Cash Flow": "-63,800", "End Cash Position": "341,600", "Income Tax Paid Supplemental Data": "58,000", "Interest Paid Supplemental Data": "60,600", "Capital Expenditure": "-58,000", "Issuance of Capital Stock": "-", "Issuance of Debt": "434,000", "Repayment of Debt": "-509,000", "Repurchase of Capital Stock": "0", "Free Cash Flow": "132,600"}, "9/30/2018": {"Duration": "9/30/2018", "Operating Cash Flow": "264,700", "Investing Cash Flow": "-128,500", "Financing Cash Flow": "-375,200", "End Cash Position": "266,400", "Income Tax Paid Supplemental Data": "22,000", "Interest Paid Supplemental Data": "66,600", "Capital Expenditure": "-62,000", "Issuance of Capital Stock": "-", "Issuance of Debt": "550,000", "Repayment of Debt": "-788,000", "Repurchase of Capital Stock": "-124,400", "Free Cash Flow": "202,700"}}}}, {"LFVN": {"quote": {"05/11/2021": {"value": "7.84", "Market Cap": "104.896M", "Beta (5Y Monthly)": "1.42", "PE Ratio (TTM)": "9.67", "EPS (TTM)": "0.81", "Earnings Date": "Apr 29, 2021", "Forward Dividend & Yield": "N/A (N/A)", "Ex-Dividend Date": "N/A", "1y Target Est": "9.50"}}, "fin": {"TTM": {"Duration": "TTM", "Total Revenue": "229,280", "Cost of Revenue": "38,130", "Gross Profit": "191,150", "Operating Expense": "172,961", "Operating Income": "18,189", "Net Non Operating Interest Income Expense": "-46", "Other Income Expense": "-465", "Pretax Income": "17,678", "Tax Provision": "5,930", "Net Income Common Stockholders": "11,748", "Diluted NI Available to Com Stockholders": "11,748", "Basic EPS": "-", "Diluted EPS": "-", "Basic Average Shares": "-", "Diluted Average Shares": "-", "Total Operating Income as Reported": "18,189", "Total Expenses": "211,091", "Net Income from Continuing & Discontinued Operation": "11,748", "Normalized Income": "11,748", "Interest Expense": "43", "Net Interest Income": "-46", "EBIT": "17,721", "EBITDA": "23,886", "Reconciled Cost of Revenue": "38,130", "Reconciled Depreciation": "6,165", "Net Income from Continuing Operation Net Minority Interest": "11,748", "Total Unusual Items Excluding Goodwill": "-799", "Total Unusual Items": "-799", "Normalized EBITDA": "23,886", "Tax Rate for Calcs": "0", "Tax Effect of Unusual Items": "0"}, "6/30/2020": {"Duration": "6/30/2020", "Total Revenue": "232,915", "Cost of Revenue": "37,964", "Gross Profit": "194,951", "Operating Expense": "179,485", "Operating Income": "15,466", "Net Non Operating Interest Income Expense": "-120", "Other Income Expense": "-685", "Pretax Income": "14,661", "Tax Provision": "3,112", "Net Income Common Stockholders": "11,549", "Diluted NI Available to Com Stockholders": "11,549", "Basic EPS": "0.82", "Diluted EPS": "0.79", "Basic Average Shares": "14,105", "Diluted Average Shares": "14,599", "Total Operating Income as Reported": "15,466", "Total Expenses": "217,449", "Net Income from Continuing & Discontinued Operation": "11,549", "Normalized Income": "12,179", "Interest Expense": "113", "Net Interest Income": "-120", "EBIT": "14,774", "EBITDA": "-", "Reconciled Cost of Revenue": "37,964", "Reconciled Depreciation": "5,100", "Net Income from Continuing Operation Net Minority Interest": "11,549", "Total Unusual Items Excluding Goodwill": "-799", "Total Unusual Items": "-799", "Normalized EBITDA": "20,673", "Tax Rate for Calcs": "0", "Tax Effect of Unusual Items": "-169.388"}, "6/30/2019": {"Duration": "6/30/2019", "Total Revenue": "225,958", "Cost of Revenue": "37,973", "Gross Profit": "187,985", "Operating Expense": "178,171", "Operating Income": "9,814", "Net Non Operating Interest Income Expense": "-323", "Other Income Expense": "-261", "Pretax Income": "9,230", "Tax Provision": "1,801", "Net Income Common Stockholders": "7,429", "Diluted NI Available to Com Stockholders": "7,429", "Basic EPS": "0.53", "Diluted EPS": "0.50", "Basic Average Shares": "14,055", "Diluted Average Shares": "14,980", "Total Operating Income as Reported": "9,814", "Total Expenses": "216,144", "Net Income from Continuing & Discontinued Operation": "7,429", "Normalized Income": "7,757", "Interest Expense": "317", "Net Interest Income": "-323", "EBIT": "9,547", "EBITDA": "-", "Reconciled Cost of Revenue": "37,973", "Reconciled Depreciation": "1,895", "Net Income from Continuing Operation Net Minority Interest": "7,429", "Total Unusual Items Excluding Goodwill": "-408", "Total Unusual Items": "-408", "Normalized EBITDA": "11,850", "Tax Rate for Calcs": "0", "Tax Effect of Unusual Items": "-79.56"}, "6/30/2018": {"Duration": "6/30/2018", "Total Revenue": "203,204", "Cost of Revenue": "34,848", "Gross Profit": "168,356", "Operating Expense": "158,033", "Operating Income": "10,323", "Net Non Operating Interest Income Expense": "-456", "Other Income Expense": "-319", "Pretax Income": "9,548", "Tax Provision": "3,787", "Net Income Common Stockholders": "5,761", "Diluted NI Available to Com Stockholders": "5,761", "Basic EPS": "0.41", "Diluted EPS": "0.41", "Basic Average Shares": "13,992", "Diluted Average Shares": "14,136", "Total Operating Income as Reported": "10,323", "Total Expenses": "192,881", "Net Income from Continuing & Discontinued Operation": "5,761", "Normalized Income": "5,926", "Interest Expense": "445", "Net Interest Income": "-456", "EBIT": "9,993", "EBITDA": "-", "Reconciled Cost of Revenue": "34,848", "Reconciled Depreciation": "1,325", "Net Income from Continuing Operation Net Minority Interest": "5,761", "Total Unusual Items Excluding Goodwill": "-273", "Total Unusual Items": "-273", "Normalized EBITDA": "11,591", "Tax Rate for Calcs": "0", "Tax Effect of Unusual Items": "-108.381"}}, "bs": {"6/30/2020": {"Duration": "6/30/2020", "Total Assets": "58,877", "Total Liabilities Net Minority Interest": "25,623", "Total Equity Gross Minority Interest": "33,254", "Total Capitalization": "33,254", "Common Stock Equity": "33,254", "Capital Lease Obligations": "1,184", "Net Tangible Assets": "32,403", "Working Capital": "18,849", "Invested Capital": "33,254", "Tangible Book Value": "32,403", "Total Debt": "1,184", "Share Issued": "14,313", "Ordinary Shares Number": "14,313"}, "6/30/2019": {"Duration": "6/30/2019", "Total Assets": "55,273", "Total Liabilities Net Minority Interest": "28,074", "Total Equity Gross Minority Interest": "27,199", "Total Capitalization": "27,199", "Common Stock Equity": "27,199", "Capital Lease Obligations": "-", "Net Tangible Assets": "26,216", "Working Capital": "16,993", "Invested Capital": "28,653", "Tangible Book Value": "26,216", "Total Debt": "1,454", "Share Issued": "14,114", "Ordinary Shares Number": "14,114"}, "6/30/2018": {"Duration": "6/30/2018", "Total Assets": "51,142", "Total Liabilities Net Minority Interest": "29,195", "Total Equity Gross Minority Interest": "21,947", "Total Capitalization": "25,359", "Common Stock Equity": "21,947", "Capital Lease Obligations": "-", "Net Tangible Assets": "20,832", "Working Capital": "15,133", "Invested Capital": "27,359", "Tangible Book Value": "20,832", "Total Debt": "5,412", "Share Issued": "14,073", "Ordinary Shares Number": "14,073"}}, "cf": {"TTM": {"Duration": "TTM", "Operating Cash Flow": "17,401", "Investing Cash Flow": "-2,580", "Financing Cash Flow": "-9,924", "End Cash Position": "19,376", "Income Tax Paid Supplemental Data": "3,587", "Interest Paid Supplemental Data": "23", "Capital Expenditure": "-2,580", "Issuance of Debt": "-", "Repayment of Debt": "-500", "Repurchase of Capital Stock": "-10,997", "Free Cash Flow": "14,821"}, "6/30/2020": {"Duration": "6/30/2020", "Operating Cash Flow": "18,326", "Investing Cash Flow": "-2,681", "Financing Cash Flow": "-12,422", "End Cash Position": "22,138", "Income Tax Paid Supplemental Data": "1,623", "Interest Paid Supplemental Data": "44", "Capital Expenditure": "-2,681", "Issuance of Debt": "-", "Repayment of Debt": "-1,500", "Repurchase of Capital Stock": "-11,651", "Free Cash Flow": "15,645"}, "6/30/2019": {"Duration": "6/30/2019", "Operating Cash Flow": "17,789", "Investing Cash Flow": "-4,506", "Financing Cash Flow": "-11,121", "End Cash Position": "18,824", "Income Tax Paid Supplemental Data": "1,286", "Interest Paid Supplemental Data": "227", "Capital Expenditure": "-2,506", "Issuance of Debt": "-", "Repayment of Debt": "-4,000", "Repurchase of Capital Stock": "-7,822", "Free Cash Flow": "15,283"}, "6/30/2018": {"Duration": "6/30/2018", "Operating Cash Flow": "13,256", "Investing Cash Flow": "-4,649", "Financing Cash Flow": "-3,499", "End Cash Position": "16,652", "Income Tax Paid Supplemental Data": "2,865", "Interest Paid Supplemental Data": "345", "Capital Expenditure": "-4,649", "Issuance of Debt": "-", "Repayment of Debt": "-2,000", "Repurchase of Capital Stock": "-1,500", "Free Cash Flow": "8,607"}}}}, {"COTY": {"quote": {"05/11/2021": {"value": "9.21", "Market Cap": "7.062B", "Beta (5Y Monthly)": "2.49", "PE Ratio (TTM)": "N/A", "EPS (TTM)": "-1.47", "Earnings Date": "May 10, 2021", "Forward Dividend & Yield": "N/A (N/A)", "Ex-Dividend Date": "Feb 14, 2020", "1y Target Est": "10.16"}}, "fin": {"TTM": {"Duration": "TTM", "Total Revenue": "4,162,600", "Cost of Revenue": "1,845,900", "Gross Profit": "2,316,700", "Operating Expense": "2,873,000", "Operating Income": "-556,300", "Net Non Operating Interest Income Expense": "-232,700", "Other Income Expense": "-719,000", "Pretax Income": "-1,508,000", "Tax Provision": "-606,200", "Net Income Common Stockholders": "-1,119,200", "Diluted NI Available to Com Stockholders": "-1,119,200", "Basic EPS": "-", "Diluted EPS": "-", "Basic Average Shares": "-", "Diluted Average Shares": "-", "Total Operating Income as Reported": "-1,269,000", "Total Expenses": "4,718,900", "Net Income from Continuing & Discontinued Operation": "-1,068,800", "Normalized Income": "-467,200", "Interest Income": "5,500", "Interest Expense": "238,200", "Net Interest Income": "-232,700", "EBIT": "-1,269,800", "EBITDA": "-620,900", "Reconciled Cost of Revenue": "1,448,200", "Reconciled Depreciation": "648,900", "Net Income from Continuing Operation Net Minority Interest": "-900,700", "Total Unusual Items Excluding Goodwill": "-722,500", "Total Unusual Items": "-722,500", "Normalized EBITDA": "101,600", "Tax Rate for Calcs": "0", "Tax Effect of Unusual Items": "-289,000"}, "6/30/2020": {"Duration": "6/30/2020", "Total Revenue": "4,717,800", "Cost of Revenue": "1,991,200", "Gross Profit": "2,726,600", "Operating Expense": "3,353,100", "Operating Income": "-626,500", "Net Non Operating Interest Income Expense": "-227,900", "Other Income Expense": "-613,200", "Pretax Income": "-1,467,600", "Tax Provision": "-377,700", "Net Income Common Stockholders": "-1,013,200", "Diluted NI Available to Com Stockholders": "-1,013,200", "Basic EPS": "-1.33", "Diluted EPS": "-1.33", "Basic Average Shares": "759,100", "Diluted Average Shares": "759,100", "Total Operating Income as Reported": "-1,236,500", "Total Expenses": "5,344,300", "Net Income from Continuing & Discontinued Operation": "-1,006,700", "Normalized Income": "-629,674", "Interest Income": "5,400", "Interest Expense": "233,300", "Net Interest Income": "-227,900", "EBIT": "-1,234,300", "EBITDA": "-", "Reconciled Cost of Revenue": "1,507,800", "Reconciled Depreciation": "716,500", "Net Income from Continuing Operation Net Minority Interest": "-1,093,900", "Total Unusual Items Excluding Goodwill": "-624,800", "Total Unusual Items": "-624,800", "Normalized EBITDA": "107,000", "Tax Rate for Calcs": "0", "Tax Effect of Unusual Items": "-160,574"}, "6/30/2019": {"Duration": "6/30/2019", "Total Revenue": "8,648,500", "Cost of Revenue": "3,306,500", "Gross Profit": "5,342,000", "Operating Expense": "4,917,400", "Operating Income": "424,600", "Net Non Operating Interest Income Expense": "-283,300", "Other Income Expense": "-3,919,400", "Pretax Income": "-3,778,100", "Tax Provision": "-8,500", "Net Income Common Stockholders": "-3,784,200", "Diluted NI Available to Com Stockholders": "-3,784,200", "Basic EPS": "-5.04", "Diluted EPS": "-5.04", "Basic Average Shares": "751,200", "Diluted Average Shares": "751,200", "Total Operating Income as Reported": "-3,471,500", "Total Expenses": "8,223,900", "Net Income from Continuing & Discontinued Operation": "-3,784,200", "Normalized Income": "96,523", "Interest Income": "19,200", "Interest Expense": "302,500", "Net Interest Income": "-283,300", "EBIT": "-3,475,600", "EBITDA": "-", "Reconciled Cost of Revenue": "2,924,000", "Reconciled Depreciation": "736,000", "Net Income from Continuing Operation Net Minority Interest": "-3,784,200", "Total Unusual Items Excluding Goodwill": "-3,888,500", "Total Unusual Items": "-3,888,500", "Normalized EBITDA": "1,148,900", "Tax Rate for Calcs": "0", "Tax Effect of Unusual Items": "-7,777"}, "6/30/2018": {"Duration": "6/30/2018", "Total Revenue": "9,398,000", "Cost of Revenue": "3,608,400", "Gross Profit": "5,789,600", "Operating Expense": "5,362,400", "Operating Income": "427,200", "Net Non Operating Interest Income Expense": "-273,500", "Other Income Expense": "-306,200", "Pretax Income": "-152,500", "Tax Provision": "-24,700", "Net Income Common Stockholders": "-168,800", "Diluted NI Available to Com Stockholders": "-168,800", "Basic EPS": "-0.23", "Diluted EPS": "-0.23", "Basic Average Shares": "749,700", "Diluted Average Shares": "749,700", "Total Operating Income as Reported": "161,200", "Total Expenses": "8,970,800", "Net Income from Continuing & Discontinued Operation": "-168,800", "Normalized Income": "55,952", "Interest Income": "13,600", "Interest Expense": "287,100", "Net Interest Income": "-273,500", "EBIT": "134,600", "EBITDA": "-", "Reconciled Cost of Revenue": "3,224,200", "Reconciled Depreciation": "737,000", "Net Income from Continuing Operation Net Minority Interest": "-168,800", "Total Unusual Items Excluding Goodwill": "-268,200", "Total Unusual Items": "-268,200", "Normalized EBITDA": "1,139,800", "Tax Rate for Calcs": "0", "Tax Effect of Unusual Items": "-43,448"}}, "bs": {"6/30/2020": {"Duration": "6/30/2020", "Total Assets": "16,728,800", "Total Liabilities Net Minority Interest": "12,784,200", "Total Equity Gross Minority Interest": "3,944,600", "Total Capitalization": "11,612,500", "Preferred Stock Equity": "715,800", "Common Stock Equity": "3,004,600", "Capital Lease Obligations": "422,400", "Net Tangible Assets": "-4,625,600", "Working Capital": "2,909,300", "Invested Capital": "11,085,000", "Tangible Book Value": "-5,341,400", "Total Debt": "8,502,800", "Net Debt": "7,772,100", "Share Issued": "830,600", "Ordinary Shares Number": "765,100", "Preferred Shares Number": "-", "Treasury Shares Number": "65,500"}, "6/30/2019": {"Duration": "6/30/2019", "Total Assets": "17,665,400", "Total Liabilities Net Minority Interest": "13,072,000", "Total Equity Gross Minority Interest": "4,593,400", "Total Capitalization": "12,056,800", "Preferred Stock Equity": "100", "Common Stock Equity": "4,586,800", "Capital Lease Obligations": "-", "Net Tangible Assets": "-7,909,200", "Working Capital": "-204,400", "Invested Capital": "12,250,500", "Tangible Book Value": "-7,909,300", "Total Debt": "7,663,700", "Net Debt": "7,323,300", "Share Issued": "819,200", "Ordinary Shares Number": "754,200", "Preferred Shares Number": "-", "Treasury Shares Number": "65,000"}, "6/30/2018": {"Duration": "6/30/2018", "Total Assets": "22,630,200", "Total Liabilities Net Minority Interest": "13,775,000", "Total Equity Gross Minority Interest": "8,855,200", "Total Capitalization": "16,155,100", "Preferred Stock Equity": "-", "Common Stock Equity": "8,849,700", "Capital Lease Obligations": "-", "Net Tangible Assets": "-8,042,200", "Working Capital": "-393,000", "Invested Capital": "16,374,000", "Tangible Book Value": "-8,042,200", "Total Debt": "7,524,300", "Net Debt": "7,192,700", "Share Issued": "815,700", "Ordinary Shares Number": "750,700", "Preferred Shares Number": "1,700", "Treasury Shares Number": "65,000"}}, "cf": {"TTM": {"Duration": "TTM", "Operating Cash Flow": "-40,200", "Investing Cash Flow": "2,000,100", "Financing Cash Flow": "-1,674,800", "End Cash Position": "624,600", "Income Tax Paid Supplemental Data": "-", "Interest Paid Supplemental Data": "270,400", "Capital Expenditure": "-234,000", "Issuance of Capital Stock": "952,300", "Issuance of Debt": "4,610,200", "Repayment of Debt": "-7,137,100", "Repurchase of Capital Stock": "0", "Free Cash Flow": "-274,200"}, "6/30/2020": {"Duration": "6/30/2020", "Operating Cash Flow": "-50,900", "Investing Cash Flow": "-833,400", "Financing Cash Flow": "877,300", "End Cash Position": "352,000", "Income Tax Paid Supplemental Data": "123,200", "Interest Paid Supplemental Data": "280,600", "Capital Expenditure": "-267,400", "Issuance of Capital Stock": "727,200", "Issuance of Debt": "4,681,300", "Repayment of Debt": "-4,235,100", "Repurchase of Capital Stock": "-4,500", "Free Cash Flow": "-318,300"}, "6/30/2019": {"Duration": "6/30/2019", "Operating Cash Flow": "639,600", "Investing Cash Flow": "-454,000", "Financing Cash Flow": "-160,300", "End Cash Position": "380,400", "Income Tax Paid Supplemental Data": "110,300", "Interest Paid Supplemental Data": "290,700", "Capital Expenditure": "-426,600", "Issuance of Capital Stock": "5,900", "Issuance of Debt": "2,183,300", "Repayment of Debt": "-1,940,200", "Repurchase of Capital Stock": "0", "Free Cash Flow": "213,000"}, "6/30/2018": {"Duration": "6/30/2018", "Operating Cash Flow": "413,700", "Investing Cash Flow": "-687,600", "Financing Cash Flow": "69,300", "End Cash Position": "362,200", "Income Tax Paid Supplemental Data": "124,600", "Interest Paid Supplemental Data": "242,800", "Capital Expenditure": "-446,400", "Issuance of Capital Stock": "22,600", "Issuance of Debt": "10,673,700", "Repayment of Debt": "-10,135,800", "Repurchase of Capital Stock": "0", "Free Cash Flow": "-32,700"}}}}, {"MDAV": {"quote": {"05/11/2021": {"value": "0.0200", "Market Cap": "996,514", "Beta (5Y Monthly)": "0.44", "PE Ratio (TTM)": "N/A", "EPS (TTM)": "-0.0500", "Earnings Date": "N/A", "Forward Dividend & Yield": "N/A (N/A)", "Ex-Dividend Date": "N/A", "1y Target Est": "N/A"}}, "fin": {}, "bs": {}, "cf": {}}}, {"NUS": {"quote": {"05/11/2021": {"value": "59.33", "Market Cap": "2.974B", "Beta (5Y Monthly)": "1.18", "PE Ratio (TTM)": "14.09", "EPS (TTM)": "4.21", "Earnings Date": "Aug 03, 2021 - Aug 09, 2021", "Forward Dividend & Yield": "1.52 (2.57%)", "Ex-Dividend Date": "May 27, 2021", "1y Target Est": "65.67"}}, "fin": {"TTM": {"Duration": "TTM", "Total Revenue": "2,581,934", "Cost of Revenue": "658,028", "Gross Profit": "1,923,906", "Operating Expense": "1,666,342", "Operating Income": "257,564", "Other Income Expense": "-1,332", "Pretax Income": "256,232", "Tax Provision": "64,877", "Net Income Common Stockholders": "191,355", "Diluted NI Available to Com Stockholders": "191,355", "Basic EPS": "-", "Diluted EPS": "-", "Basic Average Shares": "-", "Diluted Average Shares": "-", "Total Operating Income as Reported": "257,564", "Total Expenses": "2,324,370", "Net Income from Continuing & Discontinued Operation": "191,355", "Normalized Income": "191,355", "EBIT": "257,564", "EBITDA": "331,555", "Reconciled Cost of Revenue": "658,028", "Reconciled Depreciation": "73,991", "Net Income from Continuing Operation Net Minority Interest": "191,355", "Total Unusual Items Excluding Goodwill": "0", "Total Unusual Items": "0", "Normalized EBITDA": "331,555", "Tax Rate for Calcs": "0", "Tax Effect of Unusual Items": "0"}, "12/31/2020": {"Duration": "12/31/2020", "Total Revenue": "2,581,934", "Cost of Revenue": "658,028", "Gross Profit": "1,923,906", "Operating Expense": "1,666,342", "Operating Income": "257,564", "Other Income Expense": "-1,332", "Pretax Income": "256,232", "Tax Provision": "64,877", "Net Income Common Stockholders": "191,355", "Diluted NI Available to Com Stockholders": "191,355", "Basic EPS": "-", "Diluted EPS": "-", "Basic Average Shares": "-", "Diluted Average Shares": "-", "Total Operating Income as Reported": "257,564", "Total Expenses": "2,324,370", "Net Income from Continuing & Discontinued Operation": "191,355", "Normalized Income": "191,355", "EBIT": "257,564", "EBITDA": "-", "Reconciled Cost of Revenue": "658,028", "Reconciled Depreciation": "73,991", "Net Income from Continuing Operation Net Minority Interest": "191,355", "Total Unusual Items Excluding Goodwill": "0", "Total Unusual Items": "0", "Normalized EBITDA": "331,555", "Tax Rate for Calcs": "0", "Tax Effect of Unusual Items": "0"}, "12/31/2019": {"Duration": "12/31/2019", "Total Revenue": "2,420,416", "Cost of Revenue": "581,420", "Gross Profit": "1,838,996", "Operating Expense": "1,571,570", "Operating Income": "267,426", "Other Income Expense": "-12,254", "Pretax Income": "255,172", "Tax Provision": "81,619", "Net Income Common Stockholders": "173,553", "Diluted NI Available to Com Stockholders": "173,553", "Basic EPS": "3.13", "Diluted EPS": "3.10", "Basic Average Shares": "55,518", "Diluted Average Shares": "55,927", "Total Operating Income as Reported": "267,426", "Total Expenses": "2,152,990", "Net Income from Continuing & Discontinued Operation": "173,553", "Normalized Income": "173,553", "EBIT": "267,426", "EBITDA": "-", "Reconciled Cost of Revenue": "581,420", "Reconciled Depreciation": "76,650", "Net Income from Continuing Operation Net Minority Interest": "173,553", "Total Unusual Items Excluding Goodwill": "0", "Total Unusual Items": "0", "Normalized EBITDA": "344,076", "Tax Rate for Calcs": "0", "Tax Effect of Unusual Items": "0"}, "12/31/2018": {"Duration": "12/31/2018", "Total Revenue": "2,679,008", "Cost of Revenue": "634,140", "Gross Profit": "2,044,868", "Operating Expense": "1,733,322", "Operating Income": "311,546", "Other Income Expense": "-91,880", "Pretax Income": "219,666", "Tax Provision": "97,779", "Net Income Common Stockholders": "121,887", "Diluted NI Available to Com Stockholders": "121,887", "Basic EPS": "2.21", "Diluted EPS": "2.16", "Basic Average Shares": "55,170", "Diluted Average Shares": "56,476", "Total Operating Income as Reported": "240,860", "Total Expenses": "2,367,462", "Net Income from Continuing & Discontinued Operation": "121,887", "Normalized Income": "173,488", "EBIT": "311,546", "EBITDA": "-", "Reconciled Cost of Revenue": "634,140", "Reconciled Depreciation": "83,003", "Net Income from Continuing Operation Net Minority Interest": "121,887", "Total Unusual Items Excluding Goodwill": "-70,686", "Total Unusual Items": "-70,686", "Normalized EBITDA": "465,235", "Tax Rate for Calcs": "0", "Tax Effect of Unusual Items": "-19,085"}}, "cf": {"TTM": {"Duration": "TTM", "Operating Cash Flow": "379,141", "Investing Cash Flow": "-79,428", "Financing Cash Flow": "-245,166", "End Cash Position": "402,683", "Capital Expenditure": "-63,823", "Issuance of Debt": "115,000", "Repayment of Debt": "-143,209", "Repurchase of Capital Stock": "-144,334", "Free Cash Flow": "315,318"}, "12/31/2020": {"Duration": "12/31/2020", "Operating Cash Flow": "379,141", "Investing Cash Flow": "-79,428", "Financing Cash Flow": "-245,166", "End Cash Position": "402,683", "Capital Expenditure": "-63,823", "Issuance of Debt": "115,000", "Repayment of Debt": "-143,209", "Repurchase of Capital Stock": "-144,334", "Free Cash Flow": "315,318"}, "12/31/2019": {"Duration": "12/31/2019", "Operating Cash Flow": "177,931", "Investing Cash Flow": "-71,412", "Financing Cash Flow": "-154,794", "End Cash Position": "335,630", "Capital Expenditure": "-66,067", "Issuance of Debt": "145,000", "Repayment of Debt": "-214,455", "Repurchase of Capital Stock": "-825", "Free Cash Flow": "111,864"}, "12/31/2018": {"Duration": "12/31/2018", "Operating Cash Flow": "202,738", "Investing Cash Flow": "-108,761", "Financing Cash Flow": "-116,714", "End Cash Position": "386,911", "Capital Expenditure": "-70,371", "Issuance of Debt": "582,398", "Repayment of Debt": "-552,500", "Repurchase of Capital Stock": "-69,565", "Free Cash Flow": "132,367"}}, "bs": {"12/31/2020": {"Duration": "12/31/2020", "Total Assets": "1,957,076", "Total Liabilities Net Minority Interest": "1,062,805", "Total Equity Gross Minority Interest": "894,271", "Total Capitalization": "1,199,664", "Common Stock Equity": "894,271", "Capital Lease Obligations": "164,984", "Net Tangible Assets": "601,760", "Working Capital": "360,342", "Invested Capital": "1,229,664", "Tangible Book Value": "601,760", "Total Debt": "500,377", "Net Debt": "-", "Share Issued": "90,600", "Ordinary Shares Number": "50,900", "Treasury Shares Number": "39,700"}, "12/31/2019": {"Duration": "12/31/2019", "Total Assets": "1,769,006", "Total Liabilities Net Minority Interest": "893,717", "Total Equity Gross Minority Interest": "875,289", "Total Capitalization": "1,209,750", "Common Stock Equity": "875,289", "Capital Lease Obligations": "145,050", "Net Tangible Assets": "598,395", "Working Capital": "383,406", "Invested Capital": "1,237,250", "Tangible Book Value": "598,395", "Total Debt": "507,011", "Net Debt": "26,331", "Share Issued": "90,600", "Ordinary Shares Number": "55,600", "Treasury Shares Number": "35,000"}, "12/31/2018": {"Duration": "12/31/2018", "Total Assets": "1,694,446", "Total Liabilities Net Minority Interest": "912,579", "Total Equity Gross Minority Interest": "781,867", "Total Capitalization": "1,142,875", "Common Stock Equity": "781,867", "Capital Lease Obligations": "-", "Net Tangible Assets": "495,305", "Working Capital": "359,582", "Invested Capital": "1,212,330", "Tangible Book Value": "495,305", "Total Debt": "430,463", "Net Debt": "43,552", "Share Issued": "90,600", "Ordinary Shares Number": "55,400", "Treasury Shares Number": "35,200"}}}}, {"ENR": {"quote": {"05/11/2021": {"value": "49.85", "Market Cap": "3.408B", "Beta (5Y Monthly)": "1.22", "PE Ratio (TTM)": "183.27", "EPS (TTM)": "0.27", "Earnings Date": "Aug 04, 2021", "Forward Dividend & Yield": "1.20 (2.37%)", "Ex-Dividend Date": "May 21, 2021", "1y Target Est": "54.82"}}, "fin": {"TTM": {"Duration": "TTM", "Total Revenue": "2,856,600", "Cost of Revenue": "1,738,100", "Gross Profit": "1,118,500", "Operating Expense": "727,500", "Operating Income": "391,000", "Net Non Operating Interest Income Expense": "-195,500", "Other Income Expense": "-99,200", "Pretax Income": "96,300", "Tax Provision": "28,200", "Net Income Common Stockholders": "-88,500", "Diluted NI Available to Com Stockholders": "-88,500", "Basic EPS": "-", "Diluted EPS": "-", "Basic Average Shares": "-", "Diluted Average Shares": "-", "Total Expenses": "2,465,600", "Net Income from Continuing & Discontinued Operation": "-72,300", "Normalized Income": "136,271", "Interest Income": "7,600", "Interest Expense": "195,500", "Net Interest Income": "-195,500", "EBIT": "291,800", "EBITDA": "405,900", "Reconciled Cost of Revenue": "1,682,200", "Reconciled Depreciation": "114,100", "Net Income from Continuing Operation Net Minority Interest": "68,100", "Total Unusual Items Excluding Goodwill": "-96,400", "Total Unusual Items": "-96,400", "Normalized EBITDA": "502,300", "Tax Rate for Calcs": "0", "Tax Effect of Unusual Items": "-28,229"}, "9/30/2020": {"Duration": "9/30/2020", "Total Revenue": "2,744,800", "Cost of Revenue": "1,662,900", "Gross Profit": "1,081,900", "Operating Expense": "722,300", "Operating Income": "359,600", "Net Non Operating Interest Income Expense": "-195,000", "Other Income Expense": "-96,900", "Pretax Income": "67,700", "Tax Provision": "20,900", "Net Income Common Stockholders": "-109,500", "Diluted NI Available to Com Stockholders": "-109,500", "Basic EPS": "-1.59", "Diluted EPS": "-1.59", "Basic Average Shares": "68,800", "Diluted Average Shares": "69,500", "Total Expenses": "2,385,200", "Net Income from Continuing & Discontinued Operation": "-93,300", "Normalized Income": "112,376", "Interest Income": "600", "Interest Expense": "195,000", "Net Interest Income": "-195,000", "EBIT": "262,700", "EBITDA": "-", "Reconciled Cost of Revenue": "1,607,500", "Reconciled Depreciation": "111,900", "Net Income from Continuing Operation Net Minority Interest": "46,800", "Total Unusual Items Excluding Goodwill": "-94,900", "Total Unusual Items": "-94,900", "Normalized EBITDA": "469,500", "Tax Rate for Calcs": "0", "Tax Effect of Unusual Items": "-29,324"}, "9/30/2019": {"Duration": "9/30/2019", "Total Revenue": "2,494,500", "Cost of Revenue": "1,490,700", "Gross Profit": "1,003,800", "Operating Expense": "719,000", "Operating Income": "284,800", "Net Non Operating Interest Income Expense": "-212,500", "Other Income Expense": "800", "Pretax Income": "73,100", "Tax Provision": "8,400", "Net Income Common Stockholders": "39,100", "Diluted NI Available to Com Stockholders": "39,100", "Basic EPS": "0.59", "Diluted EPS": "0.58", "Basic Average Shares": "66,400", "Diluted Average Shares": "67,300", "Total Expenses": "2,209,700", "Net Income from Continuing & Discontinued Operation": "51,100", "Normalized Income": "61,868", "Interest Income": "13,500", "Interest Expense": "226,000", "Net Interest Income": "-212,500", "EBIT": "299,100", "EBITDA": "-", "Reconciled Cost of Revenue": "1,441,100", "Reconciled Depreciation": "92,800", "Net Income from Continuing Operation Net Minority Interest": "64,700", "Total Unusual Items Excluding Goodwill": "3,200", "Total Unusual Items": "3,200", "Normalized EBITDA": "388,700", "Tax Rate for Calcs": "0", "Tax Effect of Unusual Items": "368"}, "9/30/2018": {"Duration": "9/30/2018", "Total Revenue": "1,797,700", "Cost of Revenue": "966,800", "Gross Profit": "830,900", "Operating Expense": "568,500", "Operating Income": "262,400", "Net Non Operating Interest Income Expense": "-91,800", "Other Income Expense": "4,600", "Pretax Income": "175,200", "Tax Provision": "81,700", "Net Income Common Stockholders": "93,500", "Diluted NI Available to Com Stockholders": "93,500", "Basic EPS": "1.56", "Diluted EPS": "1.52", "Basic Average Shares": "59,800", "Diluted Average Shares": "61,400", "Total Expenses": "1,535,300", "Net Income from Continuing & Discontinued Operation": "93,500", "Normalized Income": "95,252", "Interest Income": "6,600", "Interest Expense": "98,400", "Net Interest Income": "-91,800", "EBIT": "273,600", "EBITDA": "-", "Reconciled Cost of Revenue": "933,200", "Reconciled Depreciation": "45,100", "Net Income from Continuing Operation Net Minority Interest": "93,500", "Total Unusual Items Excluding Goodwill": "-2,400", "Total Unusual Items": "-2,400", "Normalized EBITDA": "321,100", "Tax Rate for Calcs": "0", "Tax Effect of Unusual Items": "-648"}}, "bs": {"9/30/2020": {"Duration": "9/30/2020", "Total Assets": "5,728,300", "Total Liabilities Net Minority Interest": "5,419,200", "Total Equity Gross Minority Interest": "309,100", "Total Capitalization": "3,616,000", "Common Stock Equity": "309,100", "Capital Lease Obligations": "128,400", "Net Tangible Assets": "-2,615,900", "Working Capital": "562,500", "Invested Capital": "4,461,100", "Tangible Book Value": "-2,615,900", "Total Debt": "4,280,400", "Net Debt": "3,692,200", "Share Issued": "72,387", "Ordinary Shares Number": "68,518", "Preferred Shares Number": "2,156", "Treasury Shares Number": "3,868"}, "9/30/2019": {"Duration": "9/30/2019", "Total Assets": "5,449,600", "Total Liabilities Net Minority Interest": "4,905,800", "Total Equity Gross Minority Interest": "543,800", "Total Capitalization": "4,005,400", "Common Stock Equity": "543,800", "Capital Lease Obligations": "1,600", "Net Tangible Assets": "-2,419,900", "Working Capital": "967,800", "Invested Capital": "4,037,300", "Tangible Book Value": "-2,419,900", "Total Debt": "3,495,100", "Net Debt": "3,235,000", "Share Issued": "72,387", "Ordinary Shares Number": "68,902", "Preferred Shares Number": "2,156", "Treasury Shares Number": "3,485"}, "9/30/2018": {"Duration": "9/30/2018", "Total Assets": "3,178,800", "Total Liabilities Net Minority Interest": "3,154,300", "Total Equity Gross Minority Interest": "24,500", "Total Capitalization": "2,231,300", "Common Stock Equity": "24,500", "Capital Lease Obligations": "-", "Net Tangible Assets": "-452,400", "Working Capital": "419,900", "Invested Capital": "2,482,600", "Tangible Book Value": "-452,400", "Total Debt": "2,458,100", "Net Debt": "1,936,000", "Share Issued": "62,420", "Ordinary Shares Number": "59,608", "Preferred Shares Number": "-", "Treasury Shares Number": "2,812"}}, "cf": {"TTM": {"Duration": "TTM", "Operating Cash Flow": "329,200", "Investing Cash Flow": "158,300", "Financing Cash Flow": "-484,700", "End Cash Position": "296,300", "Capital Expenditure": "-62,000", "Issuance of Capital Stock": "-", "Issuance of Debt": "2,205,600", "Repayment of Debt": "-2,376,500", "Repurchase of Capital Stock": "-66,300", "Free Cash Flow": "267,200"}, "9/30/2020": {"Duration": "9/30/2020", "Operating Cash Flow": "376,400", "Investing Cash Flow": "216,900", "Financing Cash Flow": "393,100", "End Cash Position": "1,249,800", "Capital Expenditure": "-65,300", "Issuance of Capital Stock": "0", "Issuance of Debt": "2,020,600", "Repayment of Debt": "-1,393,500", "Repurchase of Capital Stock": "-45,000", "Free Cash Flow": "311,100"}, "9/30/2019": {"Duration": "9/30/2019", "Operating Cash Flow": "149,500", "Investing Cash Flow": "-2,922,300", "Financing Cash Flow": "1,272,100", "End Cash Position": "258,500", "Capital Expenditure": "-55,100", "Issuance of Capital Stock": "404,800", "Issuance of Debt": "1,800,000", "Repayment of Debt": "-529,500", "Repurchase of Capital Stock": "-45,000", "Free Cash Flow": "94,400"}, "9/30/2018": {"Duration": "9/30/2018", "Operating Cash Flow": "228,700", "Investing Cash Flow": "-56,200", "Financing Cash Flow": "1,226,300", "End Cash Position": "1,768,300", "Capital Expenditure": "-24,200", "Issuance of Capital Stock": "-", "Issuance of Debt": "1,259,900", "Repayment of Debt": "-4,000", "Repurchase of Capital Stock": "-70,000", "Free Cash Flow": "204,500"}}}}, {"EMPO": {"quote": {"05/11/2021": {"value": "0.0130", "Market Cap": "489,752", "Beta (5Y Monthly)": "-1.64", "PE Ratio (TTM)": "N/A", "EPS (TTM)": "-0.0200", "Earnings Date": "N/A", "Forward Dividend & Yield": "N/A (N/A)", "Ex-Dividend Date": "N/A", "1y Target Est": "N/A"}}, "fin": {}, "bs": {}, "cf": {}}}, {"EROX": {"quote": {"05/11/2021": {"value": "0.0520", "Market Cap": "161,925", "Beta (5Y Monthly)": "3.68", "PE Ratio (TTM)": "N/A", "EPS (TTM)": "-0.0110", "Earnings Date": "N/A", "Forward Dividend & Yield": "N/A (N/A)", "Ex-Dividend Date": "N/A", "1y Target Est": "N/A"}}, "fin": {}, "bs": {}, "cf": {}}}, {"NUVI": {"quote": {"05/11/2021": {"value": "0.0202", "Market Cap": "220,630", "Beta (5Y Monthly)": "-0.10", "PE Ratio (TTM)": "N/A", "EPS (TTM)": "-0.0000", "Earnings Date": "N/A", "Forward Dividend & Yield": "N/A (N/A)", "Ex-Dividend Date": "N/A", "1y Target Est": "N/A"}}, "fin": {}, "bs": {}, "cf": {}}}, {"SLGD": {"quote": {"05/11/2021": {"value": "2.9250", "Market Cap": "36.907M", "Beta (5Y Monthly)": "1.09", "PE Ratio (TTM)": "N/A", "EPS (TTM)": "-0.1230", "Earnings Date": "Mar 29, 2021", "Forward Dividend & Yield": "N/A (N/A)", "Ex-Dividend Date": "Feb 20, 1998", "1y Target Est": "N/A"}}, "fin": {"TTM": {"Duration": "TTM", "Total Revenue": "29,219", "Cost of Revenue": "16,345", "Gross Profit": "12,874", "Operating Expense": "13,525", "Operating Income": "-651", "Net Non Operating Interest Income Expense": "-216", "Other Income Expense": "8", "Pretax Income": "-859", "Tax Provision": "-543", "Net Income Common Stockholders": "-316", "Diluted NI Available to Com Stockholders": "-316", "Basic EPS": "-", "Diluted EPS": "-", "Basic Average Shares": "-", "Diluted Average Shares": "-", "Total Operating Income as Reported": "-993", "Total Expenses": "29,870", "Net Income from Continuing & Discontinued Operation": "-316", "Normalized Income": "-66.34", "Interest Income": "7", "Interest Expense": "223", "Net Interest Income": "-216", "EBIT": "-636", "EBITDA": "584", "Reconciled Cost of Revenue": "16,345", "Reconciled Depreciation": "1,220", "Net Income from Continuing Operation Net Minority Interest": "-316", "Total Unusual Items Excluding Goodwill": "-342", "Total Unusual Items": "-342", "Normalized EBITDA": "926", "Tax Rate for Calcs": "0", "Tax Effect of Unusual Items": "-92.34"}, "12/31/2019": {"Duration": "12/31/2019", "Total Revenue": "28,450", "Cost of Revenue": "17,644", "Gross Profit": "10,806", "Operating Expense": "11,815", "Operating Income": "-1,009", "Net Non Operating Interest Income Expense": "71", "Other Income Expense": "-232", "Pretax Income": "-1,170", "Tax Provision": "-513", "Net Income Common Stockholders": "-657", "Diluted NI Available to Com Stockholders": "-657", "Basic EPS": "-0.05", "Diluted EPS": "-0.05", "Basic Average Shares": "12,442", "Diluted Average Shares": "12,442", "Total Operating Income as Reported": "-1,351", "Total Expenses": "29,459", "Net Income from Continuing & Discontinued Operation": "-657", "Normalized Income": "-487.64", "Interest Income": "93", "Interest Expense": "22", "Net Interest Income": "71", "EBIT": "-1,148", "EBITDA": "-", "Reconciled Cost of Revenue": "17,644", "Reconciled Depreciation": "796", "Net Income from Continuing Operation Net Minority Interest": "-657", "Total Unusual Items Excluding Goodwill": "-232", "Total Unusual Items": "-232", "Normalized EBITDA": "-120", "Tax Rate for Calcs": "0", "Tax Effect of Unusual Items": "-62.64"}, "12/31/2018": {"Duration": "12/31/2018", "Total Revenue": "37,058", "Cost of Revenue": "20,847", "Gross Profit": "16,211", "Operating Expense": "13,300", "Operating Income": "2,911", "Net Non Operating Interest Income Expense": "-65", "Other Income Expense": "-", "Pretax Income": "2,846", "Tax Provision": "619", "Net Income Common Stockholders": "2,227", "Diluted NI Available to Com Stockholders": "2,227", "Basic EPS": "0.18", "Diluted EPS": "0.18", "Basic Average Shares": "12,132", "Diluted Average Shares": "12,581", "Total Operating Income as Reported": "2,911", "Total Expenses": "34,147", "Net Income from Continuing & Discontinued Operation": "2,227", "Normalized Income": "2,227", "Interest Income": "17", "Interest Expense": "82", "Net Interest Income": "-65", "EBIT": "2,928", "EBITDA": "-", "Reconciled Cost of Revenue": "20,847", "Reconciled Depreciation": "818", "Net Income from Continuing Operation Net Minority Interest": "2,227", "Total Unusual Items Excluding Goodwill": "-", "Total Unusual Items": "-", "Normalized EBITDA": "3,746", "Tax Rate for Calcs": "0", "Tax Effect of Unusual Items": "0"}}, "bs": {"12/31/2019": {"Duration": "12/31/2019", "Total Assets": "26,091", "Total Liabilities Net Minority Interest": "2,474", "Total Equity Gross Minority Interest": "23,617", "Total Capitalization": "23,617", "Common Stock Equity": "23,617", "Capital Lease Obligations": "216", "Net Tangible Assets": "11,668", "Working Capital": "10,846", "Invested Capital": "23,617", "Tangible Book Value": "11,668", "Total Debt": "216", "Share Issued": "12,462", "Ordinary Shares Number": "12,462"}, "12/31/2018": {"Duration": "12/31/2018", "Total Assets": "26,475", "Total Liabilities Net Minority Interest": "2,393", "Total Equity Gross Minority Interest": "24,082", "Total Capitalization": "24,082", "Common Stock Equity": "24,082", "Capital Lease Obligations": "-", "Net Tangible Assets": "17,033", "Working Capital": "15,757", "Invested Capital": "24,082", "Tangible Book Value": "17,033", "Total Debt": "-", "Share Issued": "12,408", "Ordinary Shares Number": "12,408"}}, "cf": {"TTM": {"Duration": "TTM", "Operating Cash Flow": "3,869", "Investing Cash Flow": "-15,866", "Financing Cash Flow": "5,061", "End Cash Position": "174", "Income Tax Paid Supplemental Data": "-", "Interest Paid Supplemental Data": "31", "Capital Expenditure": "-501", "Issuance of Debt": "14,125", "Repayment of Debt": "-8,562", "Free Cash Flow": "3,368"}, "12/31/2019": {"Duration": "12/31/2019", "Operating Cash Flow": "679", "Investing Cash Flow": "-5,860", "Financing Cash Flow": "43", "End Cash Position": "1,094", "Income Tax Paid Supplemental Data": "0", "Interest Paid Supplemental Data": "22", "Capital Expenditure": "-387", "Issuance of Debt": "4,000", "Repayment of Debt": "-4,000", "Free Cash Flow": "292"}, "12/31/2018": {"Duration": "12/31/2018", "Operating Cash Flow": "3,093", "Investing Cash Flow": "-222", "Financing Cash Flow": "-753", "End Cash Position": "6,232", "Income Tax Paid Supplemental Data": "1,342", "Interest Paid Supplemental Data": "44", "Capital Expenditure": "-222", "Issuance of Debt": "-", "Repayment of Debt": "-1,200", "Free Cash Flow": "2,871"}}}}, {"HLF": {"quote": {"05/11/2021": {"value": "51.13", "Market Cap": "5.524B", "Beta (5Y Monthly)": "0.98", "PE Ratio (TTM)": "13.68", "EPS (TTM)": "3.74", "Earnings Date": "Aug 04, 2021 - Aug 09, 2021", "Forward Dividend & Yield": "N/A (N/A)", "Ex-Dividend Date": "Feb 28, 2014", "1y Target Est": "69.00"}}, "fin": {"TTM": {"Duration": "TTM", "Total Revenue": "5,541,800", "Cost of Revenue": "1,150,600", "Gross Profit": "4,391,200", "Operating Expense": "3,750,600", "Operating Income": "640,600", "Net Non Operating Interest Income Expense": "-124,200", "Other Income Expense": "15,700", "Pretax Income": "516,400", "Tax Provision": "143,800", "Net Income Common Stockholders": "372,600", "Diluted NI Available to Com Stockholders": "372,600", "Basic EPS": "-", "Diluted EPS": "-", "Basic Average Shares": "-", "Diluted Average Shares": "-", "Total Operating Income as Reported": "640,600", "Total Expenses": "4,901,200", "Net Income from Continuing & Discontinued Operation": "372,600", "Normalized Income": "372,600", "Interest Income": "8,800", "Interest Expense": "133,000", "Net Interest Income": "-124,200", "EBIT": "649,400", "EBITDA": "749,700", "Reconciled Cost of Revenue": "1,150,600", "Reconciled Depreciation": "100,300", "Net Income from Continuing Operation Net Minority Interest": "372,600", "Normalized EBITDA": "749,700", "Tax Rate for Calcs": "0", "Tax Effect of Unusual Items": "0"}, "12/31/2020": {"Duration": "12/31/2020", "Total Revenue": "5,541,800", "Cost of Revenue": "1,150,600", "Gross Profit": "4,391,200", "Operating Expense": "3,750,600", "Operating Income": "640,600", "Net Non Operating Interest Income Expense": "-124,200", "Other Income Expense": "-", "Pretax Income": "516,400", "Tax Provision": "143,800", "Net Income Common Stockholders": "372,600", "Diluted NI Available to Com Stockholders": "372,600", "Basic EPS": "-", "Diluted EPS": "-", "Basic Average Shares": "-", "Diluted Average Shares": "-", "Total Operating Income as Reported": "640,600", "Total Expenses": "4,901,200", "Net Income from Continuing & Discontinued Operation": "372,600", "Normalized Income": "372,600", "Interest Income": "8,800", "Interest Expense": "133,000", "Net Interest Income": "-124,200", "EBIT": "649,400", "EBITDA": "-", "Reconciled Cost of Revenue": "1,150,600", "Reconciled Depreciation": "100,300", "Net Income from Continuing Operation Net Minority Interest": "372,600", "Normalized EBITDA": "749,700", "Tax Rate for Calcs": "0", "Tax Effect of Unusual Items": "0"}, "12/31/2019": {"Duration": "12/31/2019", "Total Revenue": "4,877,100", "Cost of Revenue": "958,000", "Gross Profit": "3,919,100", "Operating Expense": "3,351,000", "Operating Income": "568,100", "Net Non Operating Interest Income Expense": "-132,400", "Other Income Expense": "15,700", "Pretax Income": "451,400", "Tax Provision": "140,400", "Net Income Common Stockholders": "311,000", "Diluted NI Available to Com Stockholders": "311,000", "Basic EPS": "2.26", "Diluted EPS": "2.20", "Basic Average Shares": "137,400", "Diluted Average Shares": "141,600", "Total Operating Income as Reported": "568,100", "Total Expenses": "4,309,000", "Net Income from Continuing & Discontinued Operation": "311,000", "Normalized Income": "311,000", "Interest Income": "20,600", "Interest Expense": "153,000", "Net Interest Income": "-132,400", "EBIT": "604,400", "EBITDA": "-", "Reconciled Cost of Revenue": "958,000", "Reconciled Depreciation": "97,700", "Net Income from Continuing Operation Net Minority Interest": "311,000", "Normalized EBITDA": "702,100", "Tax Rate for Calcs": "0", "Tax Effect of Unusual Items": "0"}, "12/31/2018": {"Duration": "12/31/2018", "Total Revenue": "4,891,800", "Cost of Revenue": "919,300", "Gross Profit": "3,972,500", "Operating Expense": "3,289,400", "Operating Income": "683,100", "Net Non Operating Interest Income Expense": "-161,600", "Other Income Expense": "-57,300", "Pretax Income": "464,200", "Tax Provision": "167,600", "Net Income Common Stockholders": "296,600", "Diluted NI Available to Com Stockholders": "296,600", "Basic EPS": "2.12", "Diluted EPS": "1.98", "Basic Average Shares": "140,200", "Diluted Average Shares": "149,500", "Total Operating Income as Reported": "683,100", "Total Expenses": "4,208,700", "Net Income from Continuing & Discontinued Operation": "296,600", "Normalized Income": "296,600", "Interest Income": "19,400", "Interest Expense": "181,000", "Net Interest Income": "-161,600", "EBIT": "645,200", "EBITDA": "-", "Reconciled Cost of Revenue": "919,300", "Reconciled Depreciation": "100,400", "Net Income from Continuing Operation Net Minority Interest": "296,600", "Normalized EBITDA": "745,600", "Tax Rate for Calcs": "0", "Tax Effect of Unusual Items": "0"}}, "bs": {"12/31/2020": {"Duration": "12/31/2020", "Total Assets": "3,076,100", "Total Liabilities Net Minority Interest": "3,932,200", "Total Equity Gross Minority Interest": "-856,100", "Total Capitalization": "1,549,400", "Common Stock Equity": "-856,100", "Capital Lease Obligations": "242,200", "Net Tangible Assets": "-1,269,900", "Working Capital": "648,500", "Invested Capital": "1,572,300", "Tangible Book Value": "-1,269,900", "Total Debt": "2,670,600", "Net Debt": "1,383,000", "Share Issued": "130,100", "Ordinary Shares Number": "120,100", "Treasury Shares Number": "10,000"}, "12/31/2019": {"Duration": "12/31/2019", "Total Assets": "2,678,600", "Total Liabilities Net Minority Interest": "3,068,600", "Total Equity Gross Minority Interest": "-390,000", "Total Capitalization": "1,388,900", "Common Stock Equity": "-390,000", "Capital Lease Obligations": "207,300", "Net Tangible Assets": "-791,600", "Working Capital": "523,800", "Invested Capital": "1,413,000", "Tangible Book Value": "-791,600", "Total Debt": "2,010,300", "Net Debt": "963,600", "Share Issued": "147,400", "Ordinary Shares Number": "137,400", "Treasury Shares Number": "10,000"}, "12/31/2018": {"Duration": "12/31/2018", "Total Assets": "2,789,800", "Total Liabilities Net Minority Interest": "3,513,200", "Total Equity Gross Minority Interest": "-723,400", "Total Capitalization": "1,051,500", "Common Stock Equity": "-723,400", "Capital Lease Obligations": "-", "Net Tangible Assets": "-1,126,400", "Working Capital": "216,200", "Invested Capital": "1,730,400", "Tangible Book Value": "-1,126,400", "Total Debt": "2,453,800", "Net Debt": "1,254,900", "Share Issued": "152,800", "Ordinary Shares Number": "142,800", "Treasury Shares Number": "10,000"}}, "cf": {"TTM": {"Duration": "TTM", "Operating Cash Flow": "628,600", "Investing Cash Flow": "-123,200", "Financing Cash Flow": "-320,900", "End Cash Position": "1,054,000", "Income Tax Paid Supplemental Data": "138,200", "Interest Paid Supplemental Data": "78,900", "Capital Expenditure": "-112,000", "Issuance of Debt": "631,500", "Repayment of Debt": "-24,500", "Repurchase of Capital Stock": "-923,500", "Free Cash Flow": "516,600"}, "12/31/2020": {"Duration": "12/31/2020", "Operating Cash Flow": "628,600", "Investing Cash Flow": "-123,200", "Financing Cash Flow": "-320,900", "End Cash Position": "1,054,000", "Income Tax Paid Supplemental Data": "138,200", "Interest Paid Supplemental Data": "78,900", "Capital Expenditure": "-112,000", "Issuance of Debt": "631,500", "Repayment of Debt": "-24,500", "Repurchase of Capital Stock": "-923,500", "Free Cash Flow": "516,600"}, "12/31/2019": {"Duration": "12/31/2019", "Operating Cash Flow": "457,500", "Investing Cash Flow": "-108,000", "Financing Cash Flow": "-713,000", "End Cash Position": "847,500", "Income Tax Paid Supplemental Data": "147,900", "Interest Paid Supplemental Data": "114,300", "Capital Expenditure": "-106,100", "Issuance of Debt": "0", "Repayment of Debt": "-699,500", "Repurchase of Capital Stock": "-16,700", "Free Cash Flow": "351,400"}, "12/31/2018": {"Duration": "12/31/2018", "Operating Cash Flow": "648,400", "Investing Cash Flow": "-83,900", "Financing Cash Flow": "-593,100", "End Cash Position": "1,215,000", "Income Tax Paid Supplemental Data": "158,900", "Interest Paid Supplemental Data": "106,100", "Capital Expenditure": "-84,000", "Issuance of Debt": "1,948,100", "Repayment of Debt": "-1,819,900", "Repurchase of Capital Stock": "-750,300", "Free Cash Flow": "564,400"}}}}, {"REV": {"quote": {"05/11/2021": {"value": "10.04", "Market Cap": "537.003M", "Beta (5Y Monthly)": "2.86", "PE Ratio (TTM)": "N/A", "EPS (TTM)": "-11.59", "Earnings Date": "Aug 04, 2021 - Aug 09, 2021", "Forward Dividend & Yield": "N/A (N/A)", "Ex-Dividend Date": "N/A", "1y Target Est": "12.00"}}, "fin": {"TTM": {"Duration": "TTM", "Total Revenue": "1,904,300", "Cost of Revenue": "860,500", "Gross Profit": "1,043,800", "Operating Expense": "1,071,800", "Operating Income": "-28,000", "Net Non Operating Interest Income Expense": "-270,100", "Other Income Expense": "-162,100", "Pretax Income": "-460,200", "Tax Provision": "158,800", "Net Income Common Stockholders": "-619,000", "Diluted NI Available to Com Stockholders": "-619,000", "Basic EPS": "-", "Diluted EPS": "-", "Basic Average Shares": "-", "Diluted Average Shares": "-", "Total Operating Income as Reported": "-226,300", "Total Expenses": "1,932,300", "Net Income from Continuing & Discontinued Operation": "-619,000", "Normalized Income": "-510,084", "Interest Expense": "243,300", "Net Interest Income": "-270,100", "EBIT": "-216,900", "EBITDA": "-73,600", "Reconciled Cost of Revenue": "860,500", "Reconciled Depreciation": "143,300", "Net Income from Continuing Operation Net Minority Interest": "-619,000", "Total Unusual Items Excluding Goodwill": "-149,200", "Total Unusual Items": "-149,200", "Normalized EBITDA": "75,600", "Tax Rate for Calcs": "0", "Tax Effect of Unusual Items": "-40,284"}, "12/31/2020": {"Duration": "12/31/2020", "Total Revenue": "1,904,300", "Cost of Revenue": "860,500", "Gross Profit": "1,043,800", "Operating Expense": "1,071,800", "Operating Income": "-28,000", "Net Non Operating Interest Income Expense": "-270,100", "Other Income Expense": "-162,100", "Pretax Income": "-460,200", "Tax Provision": "158,800", "Net Income Common Stockholders": "-619,000", "Diluted NI Available to Com Stockholders": "-619,000", "Basic EPS": "-", "Diluted EPS": "-", "Basic Average Shares": "-", "Diluted Average Shares": "-", "Total Operating Income as Reported": "-226,300", "Total Expenses": "1,932,300", "Net Income from Continuing & Discontinued Operation": "-619,000", "Normalized Income": "-510,084", "Interest Expense": "243,300", "Net Interest Income": "-270,100", "EBIT": "-216,900", "EBITDA": "-", "Reconciled Cost of Revenue": "860,500", "Reconciled Depreciation": "143,300", "Net Income from Continuing Operation Net Minority Interest": "-619,000", "Total Unusual Items Excluding Goodwill": "-149,200", "Total Unusual Items": "-149,200", "Normalized EBITDA": "75,600", "Tax Rate for Calcs": "0", "Tax Effect of Unusual Items": "-40,284"}, "12/31/2019": {"Duration": "12/31/2019", "Total Revenue": "2,419,600", "Cost of Revenue": "1,052,200", "Gross Profit": "1,367,400", "Operating Expense": "1,316,600", "Operating Income": "50,800", "Net Non Operating Interest Income Expense": "-211,200", "Other Income Expense": "-4,600", "Pretax Income": "-165,000", "Tax Provision": "200", "Net Income Common Stockholders": "-157,700", "Diluted NI Available to Com Stockholders": "-157,700", "Basic EPS": "-2.97", "Diluted EPS": "-2.97", "Basic Average Shares": "53,081", "Diluted Average Shares": "53,081", "Total Operating Income as Reported": "60,700", "Total Expenses": "2,368,800", "Net Income from Continuing & Discontinued Operation": "-157,700", "Normalized Income": "-173,814", "Interest Expense": "196,600", "Net Interest Income": "-211,200", "EBIT": "31,600", "EBITDA": "-", "Reconciled Cost of Revenue": "1,052,200", "Reconciled Depreciation": "162,900", "Net Income from Continuing Operation Net Minority Interest": "-165,200", "Total Unusual Items Excluding Goodwill": "11,800", "Total Unusual Items": "11,800", "Normalized EBITDA": "182,700", "Tax Rate for Calcs": "0", "Tax Effect of Unusual Items": "3,186"}, "12/31/2018": {"Duration": "12/31/2018", "Total Revenue": "2,564,500", "Cost of Revenue": "1,117,000", "Gross Profit": "1,447,500", "Operating Expense": "1,460,500", "Operating Income": "-13,000", "Net Non Operating Interest Income Expense": "-189,600", "Other Income Expense": "-89,300", "Pretax Income": "-291,900", "Tax Provision": "2,200", "Net Income Common Stockholders": "-294,200", "Diluted NI Available to Com Stockholders": "-294,200", "Basic EPS": "-5.57", "Diluted EPS": "-5.57", "Basic Average Shares": "52,798", "Diluted Average Shares": "52,798", "Total Operating Income as Reported": "-85,200", "Total Expenses": "2,577,500", "Net Income from Continuing & Discontinued Operation": "-294,200", "Normalized Income": "-229,860", "Interest Expense": "176,600", "Net Interest Income": "-189,600", "EBIT": "-115,300", "EBITDA": "-", "Reconciled Cost of Revenue": "1,117,000", "Reconciled Depreciation": "177,200", "Net Income from Continuing Operation Net Minority Interest": "-294,100", "Total Unusual Items Excluding Goodwill": "-88,000", "Total Unusual Items": "-88,000", "Normalized EBITDA": "149,900", "Tax Rate for Calcs": "0", "Tax Effect of Unusual Items": "-23,760"}}, "bs": {"12/31/2020": {"Duration": "12/31/2020", "Total Assets": "2,527,700", "Total Liabilities Net Minority Interest": "4,389,700", "Total Equity Gross Minority Interest": "-1,862,000", "Total Capitalization": "1,243,000", "Common Stock Equity": "-1,862,000", "Capital Lease Obligations": "16,600", "Net Tangible Assets": "-2,856,500", "Working Capital": "202,200", "Invested Capital": "1,463,000", "Tangible Book Value": "-2,856,500", "Total Debt": "3,341,600", "Net Debt": "3,227,900", "Share Issued": "55,113", "Ordinary Shares Number": "53,338", "Treasury Shares Number": "1,774"}, "12/31/2019": {"Duration": "12/31/2019", "Total Assets": "2,980,600", "Total Liabilities Net Minority Interest": "4,201,800", "Total Equity Gross Minority Interest": "-1,221,200", "Total Capitalization": "1,685,000", "Common Stock Equity": "-1,221,200", "Capital Lease Obligations": "14,500", "Net Tangible Assets": "-2,385,600", "Working Capital": "154,500", "Invested Capital": "1,975,200", "Tangible Book Value": "-2,385,600", "Total Debt": "3,210,900", "Net Debt": "3,092,100", "Share Issued": "54,695", "Ordinary Shares Number": "53,070", "Treasury Shares Number": "1,626"}, "12/31/2018": {"Duration": "12/31/2018", "Total Assets": "3,016,800", "Total Liabilities Net Minority Interest": "4,073,600", "Total Equity Gross Minority Interest": "-1,056,800", "Total Capitalization": "1,670,900", "Common Stock Equity": "-1,056,800", "Capital Lease Obligations": "-", "Net Tangible Assets": "-2,262,700", "Working Capital": "73,400", "Invested Capital": "2,028,300", "Tangible Book Value": "-2,262,700", "Total Debt": "3,085,100", "Net Debt": "2,997,800", "Share Issued": "54,401", "Ordinary Shares Number": "52,868", "Treasury Shares Number": "1,533"}}, "cf": {"TTM": {"Duration": "TTM", "Operating Cash Flow": "-97,300", "Investing Cash Flow": "-10,300", "Financing Cash Flow": "102,500", "End Cash Position": "102,500", "Income Tax Paid Supplemental Data": "18,600", "Interest Paid Supplemental Data": "238,600", "Capital Expenditure": "-10,300", "Issuance of Debt": "680,000", "Repayment of Debt": "-457,800", "Repurchase of Capital Stock": "-", "Free Cash Flow": "-107,600"}, "12/31/2020": {"Duration": "12/31/2020", "Operating Cash Flow": "-97,300", "Investing Cash Flow": "-10,300", "Financing Cash Flow": "102,500", "End Cash Position": "102,500", "Income Tax Paid Supplemental Data": "18,600", "Interest Paid Supplemental Data": "238,600", "Capital Expenditure": "-10,300", "Issuance of Debt": "680,000", "Repayment of Debt": "-457,800", "Repurchase of Capital Stock": "-", "Free Cash Flow": "-107,600"}, "12/31/2019": {"Duration": "12/31/2019", "Operating Cash Flow": "-68,300", "Investing Cash Flow": "2,100", "Financing Cash Flow": "84,300", "End Cash Position": "104,500", "Income Tax Paid Supplemental Data": "9,900", "Interest Paid Supplemental Data": "194,600", "Capital Expenditure": "-29,000", "Issuance of Debt": "200,000", "Repayment of Debt": "-80,600", "Repurchase of Capital Stock": "-", "Free Cash Flow": "-97,300"}, "12/31/2018": {"Duration": "12/31/2018", "Operating Cash Flow": "-170,800", "Investing Cash Flow": "-57,200", "Financing Cash Flow": "233,100", "End Cash Position": "87,500", "Income Tax Paid Supplemental Data": "16,000", "Interest Paid Supplemental Data": "163,700", "Capital Expenditure": "-57,200", "Issuance of Debt": "266,900", "Repayment of Debt": "-18,000", "Repurchase of Capital Stock": "-", "Free Cash Flow": "-228,000"}}}}, {"SUMR": {"quote": {"05/11/2021": {"value": "18.32", "Market Cap": "39.081M", "Beta (5Y Monthly)": "1.82", "PE Ratio (TTM)": "N/A", "EPS (TTM)": "-0.52", "Earnings Date": "May 19, 2021", "Forward Dividend & Yield": "N/A (N/A)", "Ex-Dividend Date": "N/A", "1y Target Est": "N/A"}}, "fin": {"TTM": {"Duration": "TTM", "Total Revenue": "155,299", "Cost of Revenue": "104,448", "Gross Profit": "50,851", "Operating Expense": "45,282", "Operating Income": "5,569", "Net Non Operating Interest Income Expense": "-4,078", "Other Income Expense": "-2,476", "Pretax Income": "-985", "Tax Provision": "117", "Net Income Common Stockholders": "-1,102", "Diluted NI Available to Com Stockholders": "-1,102", "Basic EPS": "-", "Diluted EPS": "-", "Basic Average Shares": "-", "Diluted Average Shares": "-", "Total Operating Income as Reported": "4,893", "Total Expenses": "149,730", "Net Income from Continuing & Discontinued Operation": "-1,102", "Normalized Income": "383.6", "Interest Expense": "4,078", "Net Interest Income": "-4,078", "EBIT": "3,093", "EBITDA": "8,872", "Reconciled Cost of Revenue": "102,017", "Reconciled Depreciation": "5,779", "Net Income from Continuing Operation Net Minority Interest": "-1,102", "Total Unusual Items Excluding Goodwill": "-2,476", "Total Unusual Items": "-2,476", "Normalized EBITDA": "11,348", "Tax Rate for Calcs": "0", "Tax Effect of Unusual Items": "-990.4"}, "12/31/2020": {"Duration": "12/31/2020", "Total Revenue": "155,299", "Cost of Revenue": "104,448", "Gross Profit": "50,851", "Operating Expense": "45,282", "Operating Income": "5,569", "Net Non Operating Interest Income Expense": "-4,078", "Other Income Expense": "-2,476", "Pretax Income": "-985", "Tax Provision": "117", "Net Income Common Stockholders": "-1,102", "Diluted NI Available to Com Stockholders": "-1,102", "Basic EPS": "-0.52", "Diluted EPS": "-0.52", "Basic Average Shares": "2,132", "Diluted Average Shares": "2,133", "Total Operating Income as Reported": "4,893", "Total Expenses": "149,730", "Net Income from Continuing & Discontinued Operation": "-1,102", "Normalized Income": "383.6", "Interest Expense": "4,078", "Net Interest Income": "-4,078", "EBIT": "3,093", "EBITDA": "-", "Reconciled Cost of Revenue": "102,017", "Reconciled Depreciation": "5,779", "Net Income from Continuing Operation Net Minority Interest": "-1,102", "Total Unusual Items Excluding Goodwill": "-2,476", "Total Unusual Items": "-2,476", "Normalized EBITDA": "11,348", "Tax Rate for Calcs": "0", "Tax Effect of Unusual Items": "-990.4"}, "12/31/2019": {"Duration": "12/31/2019", "Total Revenue": "173,181", "Cost of Revenue": "118,296", "Gross Profit": "54,885", "Operating Expense": "53,083", "Operating Income": "1,802", "Net Non Operating Interest Income Expense": "-4,871", "Other Income Expense": "-", "Pretax Income": "-3,069", "Tax Provision": "1,095", "Net Income Common Stockholders": "-4,164", "Diluted NI Available to Com Stockholders": "-4,164", "Basic EPS": "-1.97", "Diluted EPS": "-1.98", "Basic Average Shares": "2,109", "Diluted Average Shares": "2,109", "Total Operating Income as Reported": "1,802", "Total Expenses": "171,379", "Net Income from Continuing & Discontinued Operation": "-4,164", "Normalized Income": "-4,164", "Interest Expense": "4,871", "Net Interest Income": "-4,871", "EBIT": "1,802", "EBITDA": "-", "Reconciled Cost of Revenue": "116,463", "Reconciled Depreciation": "5,553", "Net Income from Continuing Operation Net Minority Interest": "-4,164", "Total Unusual Items Excluding Goodwill": "-", "Total Unusual Items": "-", "Normalized EBITDA": "7,355", "Tax Rate for Calcs": "0", "Tax Effect of Unusual Items": "0"}, "12/31/2018": {"Duration": "12/31/2018", "Total Revenue": "173,619", "Cost of Revenue": "118,500", "Gross Profit": "55,119", "Operating Expense": "55,492", "Operating Income": "-373", "Net Non Operating Interest Income Expense": "-4,442", "Other Income Expense": "-", "Pretax Income": "-4,815", "Tax Provision": "-564", "Net Income Common Stockholders": "-4,251", "Diluted NI Available to Com Stockholders": "-4,251", "Basic EPS": "-2.03", "Diluted EPS": "-2.07", "Basic Average Shares": "2,091", "Diluted Average Shares": "2,091", "Total Operating Income as Reported": "-373", "Total Expenses": "173,992", "Net Income from Continuing & Discontinued Operation": "-4,251", "Normalized Income": "-4,251", "Interest Expense": "4,442", "Net Interest Income": "-4,442", "EBIT": "-373", "EBITDA": "-", "Reconciled Cost of Revenue": "118,500", "Reconciled Depreciation": "4,182", "Net Income from Continuing Operation Net Minority Interest": "-4,251", "Total Unusual Items Excluding Goodwill": "-", "Total Unusual Items": "-", "Normalized EBITDA": "3,809", "Tax Rate for Calcs": "0", "Tax Effect of Unusual Items": "0"}}, "bs": {"12/31/2020": {"Duration": "12/31/2020", "Total Assets": "74,737", "Total Liabilities Net Minority Interest": "69,617", "Total Equity Gross Minority Interest": "5,120", "Total Capitalization": "32,656", "Common Stock Equity": "5,120", "Capital Lease Obligations": "3,842", "Net Tangible Assets": "-6,619", "Working Capital": "14,954", "Invested Capital": "34,781", "Tangible Book Value": "-6,619", "Total Debt": "33,503", "Net Debt": "29,151", "Share Issued": "2,162", "Ordinary Shares Number": "2,132", "Treasury Shares Number": "30.184"}, "12/31/2019": {"Duration": "12/31/2019", "Total Assets": "91,543", "Total Liabilities Net Minority Interest": "85,960", "Total Equity Gross Minority Interest": "5,583", "Total Capitalization": "50,942", "Common Stock Equity": "5,583", "Capital Lease Obligations": "5,041", "Net Tangible Assets": "-7,313", "Working Capital": "28,129", "Invested Capital": "51,817", "Tangible Book Value": "-7,313", "Total Debt": "51,275", "Net Debt": "45,839", "Share Issued": "2,139", "Ordinary Shares Number": "2,109", "Treasury Shares Number": "30.183"}, "12/31/2018": {"Duration": "12/31/2018", "Total Assets": "94,216", "Total Liabilities Net Minority Interest": "84,946", "Total Equity Gross Minority Interest": "9,270", "Total Capitalization": "53,911", "Common Stock Equity": "9,270", "Capital Lease Obligations": "-", "Net Tangible Assets": "-4,030", "Working Capital": "31,073", "Invested Capital": "54,786", "Tangible Book Value": "-4,030", "Total Debt": "45,516", "Net Debt": "44,795", "Share Issued": "2,121", "Ordinary Shares Number": "2,091", "Treasury Shares Number": "30.183"}}, "cf": {"TTM": {"Duration": "TTM", "Operating Cash Flow": "17,607", "Investing Cash Flow": "-1,278", "Financing Cash Flow": "-16,644", "End Cash Position": "510", "Income Tax Paid Supplemental Data": "199", "Interest Paid Supplemental Data": "2,777", "Capital Expenditure": "-1,278", "Issuance of Debt": "11,956", "Repayment of Debt": "-27,089", "Free Cash Flow": "16,329"}, "12/31/2020": {"Duration": "12/31/2020", "Operating Cash Flow": "17,607", "Investing Cash Flow": "-1,278", "Financing Cash Flow": "-16,644", "End Cash Position": "510", "Income Tax Paid Supplemental Data": "199", "Interest Paid Supplemental Data": "2,777", "Capital Expenditure": "-1,278", "Issuance of Debt": "11,956", "Repayment of Debt": "-27,089", "Free Cash Flow": "16,329"}, "12/31/2019": {"Duration": "12/31/2019", "Operating Cash Flow": "1,535", "Investing Cash Flow": "-2,326", "Financing Cash Flow": "719", "End Cash Position": "395", "Income Tax Paid Supplemental Data": "7", "Interest Paid Supplemental Data": "3,781", "Capital Expenditure": "-2,326", "Issuance of Debt": "1,594", "Repayment of Debt": "-875", "Free Cash Flow": "-791"}, "12/31/2018": {"Duration": "12/31/2018", "Operating Cash Flow": "5,546", "Investing Cash Flow": "-3,472", "Financing Cash Flow": "-1,999", "End Cash Position": "721", "Income Tax Paid Supplemental Data": "280", "Interest Paid Supplemental Data": "2,944", "Capital Expenditure": "-3,472", "Issuance of Debt": "17,500", "Repayment of Debt": "-17,566", "Free Cash Flow": "2,074"}}}}, {"MTEX": {"quote": {"05/11/2021": {"value": "20.15", "Market Cap": "41.575M", "Beta (5Y Monthly)": "0.98", "PE Ratio (TTM)": "7.27", "EPS (TTM)": "2.77", "Earnings Date": "Mar 19, 2021", "Forward Dividend & Yield": "0.64 (3.20%)", "Ex-Dividend Date": "Mar 15, 2021", "1y Target Est": "N/A"}}, "fin": {"TTM": {"Duration": "TTM", "Total Revenue": "151,407", "Cost of Revenue": "35,505", "Gross Profit": "115,902", "Operating Expense": "111,411", "Operating Income": "4,491", "Net Non Operating Interest Income Expense": "83", "Other Income Expense": "1,151", "Pretax Income": "5,725", "Tax Provision": "-536", "Net Income Common Stockholders": "6,261", "Diluted NI Available to Com Stockholders": "6,261", "Basic EPS": "-", "Diluted EPS": "-", "Basic Average Shares": "-", "Diluted Average Shares": "-", "Total Operating Income as Reported": "4,491", "Total Expenses": "146,916", "Net Income from Continuing & Discontinued Operation": "6,261", "Normalized Income": "6,261", "Interest Income": "83", "Net Interest Income": "83", "EBIT": "4,491", "EBITDA": "6,481", "Reconciled Cost of Revenue": "35,505", "Reconciled Depreciation": "1,990", "Net Income from Continuing Operation Net Minority Interest": "6,261", "Total Unusual Items Excluding Goodwill": "-", "Total Unusual Items": "-", "Normalized EBITDA": "6,481", "Tax Rate for Calcs": "0", "Tax Effect of Unusual Items": "0"}, "12/31/2020": {"Duration": "12/31/2020", "Total Revenue": "151,407", "Cost of Revenue": "35,505", "Gross Profit": "115,902", "Operating Expense": "111,411", "Operating Income": "4,491", "Net Non Operating Interest Income Expense": "83", "Other Income Expense": "1,151", "Pretax Income": "5,725", "Tax Provision": "-536", "Net Income Common Stockholders": "6,261", "Diluted NI Available to Com Stockholders": "6,261", "Basic EPS": "-", "Diluted EPS": "-", "Basic Average Shares": "-", "Diluted Average Shares": "-", "Total Operating Income as Reported": "4,491", "Total Expenses": "146,916", "Net Income from Continuing & Discontinued Operation": "6,261", "Normalized Income": "6,261", "Interest Income": "83", "Net Interest Income": "83", "EBIT": "4,491", "EBITDA": "-", "Reconciled Cost of Revenue": "35,505", "Reconciled Depreciation": "1,990", "Net Income from Continuing Operation Net Minority Interest": "6,261", "Total Unusual Items Excluding Goodwill": "-", "Total Unusual Items": "-", "Normalized EBITDA": "6,481", "Tax Rate for Calcs": "0", "Tax Effect of Unusual Items": "0"}, "12/31/2019": {"Duration": "12/31/2019", "Total Revenue": "157,728", "Cost of Revenue": "31,550", "Gross Profit": "126,178", "Operating Expense": "119,745", "Operating Income": "6,433", "Net Non Operating Interest Income Expense": "-16", "Other Income Expense": "-681", "Pretax Income": "5,736", "Tax Provision": "2,447", "Net Income Common Stockholders": "3,289", "Diluted NI Available to Com Stockholders": "3,289", "Basic EPS": "1.38", "Diluted EPS": "1.35", "Basic Average Shares": "2,391", "Diluted Average Shares": "2,441", "Total Operating Income as Reported": "6,433", "Total Expenses": "151,295", "Net Income from Continuing & Discontinued Operation": "3,289", "Normalized Income": "3,786", "Interest Income": "-16", "Net Interest Income": "-16", "EBIT": "6,433", "EBITDA": "-", "Reconciled Cost of Revenue": "31,550", "Reconciled Depreciation": "2,088", "Net Income from Continuing Operation Net Minority Interest": "3,289", "Total Unusual Items Excluding Goodwill": "-681", "Total Unusual Items": "-681", "Normalized EBITDA": "9,202", "Tax Rate for Calcs": "0", "Tax Effect of Unusual Items": "-183.87"}, "12/31/2018": {"Duration": "12/31/2018", "Total Revenue": "173,558", "Cost of Revenue": "34,476", "Gross Profit": "139,082", "Operating Expense": "139,172", "Operating Income": "-90", "Net Non Operating Interest Income Expense": "288", "Other Income Expense": "291", "Pretax Income": "489", "Tax Provision": "4,375", "Net Income Common Stockholders": "-3,886", "Diluted NI Available to Com Stockholders": "-3,886", "Basic EPS": "-1.53", "Diluted EPS": "-1.53", "Basic Average Shares": "2,541", "Diluted Average Shares": "2,541", "Total Operating Income as Reported": "-90", "Total Expenses": "173,648", "Net Income from Continuing & Discontinued Operation": "-3,886", "Normalized Income": "-4,098", "Interest Income": "288", "Net Interest Income": "288", "EBIT": "-90", "EBITDA": "-", "Reconciled Cost of Revenue": "34,476", "Reconciled Depreciation": "2,064", "Net Income from Continuing Operation Net Minority Interest": "-3,886", "Total Unusual Items Excluding Goodwill": "291", "Total Unusual Items": "291", "Normalized EBITDA": "1,683", "Tax Rate for Calcs": "0", "Tax Effect of Unusual Items": "78.57"}}, "bs": {"12/31/2020": {"Duration": "12/31/2020", "Total Assets": "65,336", "Total Liabilities Net Minority Interest": "39,364", "Total Equity Gross Minority Interest": "25,972", "Total Capitalization": "25,972", "Common Stock Equity": "25,972", "Capital Lease Obligations": "2,272", "Net Tangible Assets": "25,972", "Working Capital": "10,490", "Invested Capital": "26,525", "Tangible Book Value": "25,972", "Total Debt": "2,825", "Share Issued": "2,743", "Ordinary Shares Number": "2,071", "Treasury Shares Number": "671.776"}, "12/31/2019": {"Duration": "12/31/2019", "Total Assets": "62,923", "Total Liabilities Net Minority Interest": "35,648", "Total Equity Gross Minority Interest": "27,275", "Total Capitalization": "27,638", "Common Stock Equity": "27,275", "Capital Lease Obligations": "1,885", "Net Tangible Assets": "27,275", "Working Capital": "12,137", "Invested Capital": "28,377", "Tangible Book Value": "27,275", "Total Debt": "2,987", "Share Issued": "2,743", "Ordinary Shares Number": "2,381", "Treasury Shares Number": "361.726"}, "12/31/2018": {"Duration": "12/31/2018", "Total Assets": "62,198", "Total Liabilities Net Minority Interest": "36,874", "Total Equity Gross Minority Interest": "25,324", "Total Capitalization": "26,207", "Common Stock Equity": "25,324", "Capital Lease Obligations": "147", "Net Tangible Assets": "25,324", "Working Capital": "8,773", "Invested Capital": "26,909", "Tangible Book Value": "25,324", "Total Debt": "1,732", "Share Issued": "2,743", "Ordinary Shares Number": "2,381", "Treasury Shares Number": "361.708"}}, "cf": {"TTM": {"Duration": "TTM", "Operating Cash Flow": "3,586", "Investing Cash Flow": "-1,014", "Financing Cash Flow": "-7,413", "End Cash Position": "26,929", "Income Tax Paid Supplemental Data": "989", "Interest Paid Supplemental Data": "71", "Capital Expenditure": "-1,014", "Issuance of Debt": "2,244", "Repayment of Debt": "-3,038", "Repurchase of Capital Stock": "-5,422", "Free Cash Flow": "2,572"}, "12/31/2020": {"Duration": "12/31/2020", "Operating Cash Flow": "6,030", "Investing Cash Flow": "-947", "Financing Cash Flow": "-9,919", "End Cash Position": "27,497", "Income Tax Paid Supplemental Data": "989", "Interest Paid Supplemental Data": "71", "Capital Expenditure": "-949", "Issuance of Debt": "2,244", "Repayment of Debt": "-2,872", "Repurchase of Capital Stock": "-5,933", "Free Cash Flow": "5,081"}, "12/31/2019": {"Duration": "12/31/2019", "Operating Cash Flow": "4,917", "Investing Cash Flow": "-1,220", "Financing Cash Flow": "-2,714", "End Cash Position": "31,000", "Income Tax Paid Supplemental Data": "-", "Interest Paid Supplemental Data": "-", "Capital Expenditure": "-1,220", "Issuance of Debt": "-", "Repayment of Debt": "-1,220", "Repurchase of Capital Stock": "-294", "Free Cash Flow": "3,697"}, "12/31/2018": {"Duration": "12/31/2018", "Operating Cash Flow": "-222", "Investing Cash Flow": "-2,276", "Financing Cash Flow": "-12,055", "End Cash Position": "30,584", "Income Tax Paid Supplemental Data": "800", "Interest Paid Supplemental Data": "64", "Capital Expenditure": "-2,338", "Issuance of Debt": "-", "Repayment of Debt": "-1,540", "Repurchase of Capital Stock": "-7,543", "Free Cash Flow": "-2,560"}}}}, {"UG": {"quote": {"05/11/2021": {"value": "14.60", "Market Cap": "67.077M", "Beta (5Y Monthly)": "0.11", "PE Ratio (TTM)": "20.31", "EPS (TTM)": "0.72", "Earnings Date": "Mar 19, 2021", "Forward Dividend & Yield": "0.78 (5.38%)", "Ex-Dividend Date": "Nov 30, 2020", "1y Target Est": "N/A"}}, "fin": {"TTM": {"Duration": "TTM", "Total Revenue": "12,436", "Cost of Revenue": "5,149", "Gross Profit": "7,287", "Operating Expense": "2,506", "Operating Income": "4,780", "Other Income Expense": "398.585", "Pretax Income": "5,179", "Tax Provision": "1,094", "Net Income Common Stockholders": "4,085", "Diluted NI Available to Com Stockholders": "4,085", "Basic EPS": "-", "Diluted EPS": "-", "Basic Average Shares": "-", "Diluted Average Shares": "-", "Total Operating Income as Reported": "4,780", "Total Expenses": "7,656", "Net Income from Continuing & Discontinued Operation": "4,085", "Normalized Income": "3,770", "EBIT": "4,780", "EBITDA": "4,948", "Reconciled Cost of Revenue": "5,149", "Reconciled Depreciation": "167.854", "Net Income from Continuing Operation Net Minority Interest": "4,085", "Total Unusual Items Excluding Goodwill": "398.585", "Total Unusual Items": "398.585", "Normalized EBITDA": "4,549", "Tax Rate for Calcs": "0", "Tax Effect of Unusual Items": "84.198"}, "12/31/2020": {"Duration": "12/31/2020", "Total Revenue": "10,986", "Cost of Revenue": "4,872", "Gross Profit": "6,114", "Operating Expense": "2,478", "Operating Income": "3,636", "Other Income Expense": "524.83", "Pretax Income": "4,161", "Tax Provision": "856.022", "Net Income Common Stockholders": "3,305", "Diluted NI Available to Com Stockholders": "3,305", "Basic EPS": "0.72", "Diluted EPS": "0.72", "Basic Average Shares": "4,594", "Diluted Average Shares": "4,594", "Total Operating Income as Reported": "3,636", "Total Expenses": "7,350", "Net Income from Continuing & Discontinued Operation": "3,305", "Normalized Income": "2,888", "EBIT": "3,636", "EBITDA": "-", "Reconciled Cost of Revenue": "4,872", "Reconciled Depreciation": "165.261", "Net Income from Continuing Operation Net Minority Interest": "3,305", "Total Unusual Items Excluding Goodwill": "524.83", "Total Unusual Items": "524.83", "Normalized EBITDA": "3,277", "Tax Rate for Calcs": "0", "Tax Effect of Unusual Items": "107.9707"}, "12/31/2019": {"Duration": "12/31/2019", "Total Revenue": "13,599", "Cost of Revenue": "5,657", "Gross Profit": "7,942", "Operating Expense": "2,546", "Operating Income": "5,396", "Other Income Expense": "634.405", "Pretax Income": "6,030", "Tax Provision": "1,269", "Net Income Common Stockholders": "4,762", "Diluted NI Available to Com Stockholders": "4,762", "Basic EPS": "1.04", "Diluted EPS": "1.04", "Basic Average Shares": "4,594", "Diluted Average Shares": "4,594", "Total Operating Income as Reported": "5,396", "Total Expenses": "8,203", "Net Income from Continuing & Discontinued Operation": "4,762", "Normalized Income": "4,261", "EBIT": "5,396", "EBITDA": "-", "Reconciled Cost of Revenue": "5,657", "Reconciled Depreciation": "175.81", "Net Income from Continuing Operation Net Minority Interest": "4,762", "Total Unusual Items Excluding Goodwill": "634.405", "Total Unusual Items": "634.405", "Normalized EBITDA": "4,937", "Tax Rate for Calcs": "0", "Tax Effect of Unusual Items": "133.8595"}, "12/31/2018": {"Duration": "12/31/2018", "Total Revenue": "13,769", "Cost of Revenue": "5,667", "Gross Profit": "8,102", "Operating Expense": "2,522", "Operating Income": "5,580", "Other Income Expense": "-113.989", "Pretax Income": "5,466", "Tax Provision": "1,114", "Net Income Common Stockholders": "4,352", "Diluted NI Available to Com Stockholders": "4,352", "Basic EPS": "0.95", "Diluted EPS": "0.95", "Basic Average Shares": "4,581", "Diluted Average Shares": "4,581", "Total Operating Income as Reported": "5,580", "Total Expenses": "8,190", "Net Income from Continuing & Discontinued Operation": "4,352", "Normalized Income": "4,443", "EBIT": "5,580", "EBITDA": "-", "Reconciled Cost of Revenue": "5,667", "Reconciled Depreciation": "191.942", "Net Income from Continuing Operation Net Minority Interest": "4,352", "Total Unusual Items Excluding Goodwill": "-113.989", "Total Unusual Items": "-113.989", "Normalized EBITDA": "5,886", "Tax Rate for Calcs": "0", "Tax Effect of Unusual Items": "-23.2538"}}, "bs": {"12/31/2020": {"Duration": "12/31/2020", "Total Assets": "11,920", "Total Liabilities Net Minority Interest": "1,566", "Total Equity Gross Minority Interest": "10,354", "Total Capitalization": "10,354", "Common Stock Equity": "10,354", "Net Tangible Assets": "10,354", "Working Capital": "9,832", "Invested Capital": "10,354", "Tangible Book Value": "10,354", "Share Issued": "4,594", "Ordinary Shares Number": "4,594"}, "12/31/2019": {"Duration": "12/31/2019", "Total Assets": "12,363", "Total Liabilities Net Minority Interest": "1,730", "Total Equity Gross Minority Interest": "10,633", "Total Capitalization": "10,633", "Common Stock Equity": "10,633", "Net Tangible Assets": "10,618", "Working Capital": "10,224", "Invested Capital": "10,633", "Tangible Book Value": "10,618", "Share Issued": "4,594", "Ordinary Shares Number": "4,594"}, "12/31/2018": {"Duration": "12/31/2018", "Total Assets": "12,545", "Total Liabilities Net Minority Interest": "1,620", "Total Equity Gross Minority Interest": "10,925", "Total Capitalization": "10,925", "Common Stock Equity": "10,925", "Net Tangible Assets": "10,925", "Working Capital": "10,321", "Invested Capital": "10,925", "Tangible Book Value": "10,925", "Share Issued": "4,594", "Ordinary Shares Number": "4,594"}}, "cf": {"TTM": {"Duration": "TTM", "Operating Cash Flow": "3,771", "Investing Cash Flow": "-226.38", "Financing Cash Flow": "-4,454", "End Cash Position": "885.06", "Income Tax Paid Supplemental Data": "1,125", "Capital Expenditure": "-34.544", "Free Cash Flow": "3,736"}, "12/31/2020": {"Duration": "12/31/2020", "Operating Cash Flow": "3,594", "Investing Cash Flow": "-468.676", "Financing Cash Flow": "-3,582", "End Cash Position": "591.444", "Income Tax Paid Supplemental Data": "1,025", "Capital Expenditure": "-43.395", "Free Cash Flow": "3,551"}, "12/31/2019": {"Duration": "12/31/2019", "Operating Cash Flow": "4,476", "Investing Cash Flow": "1,072", "Financing Cash Flow": "-5,050", "End Cash Position": "1,048", "Income Tax Paid Supplemental Data": "1,100", "Capital Expenditure": "-113.769", "Free Cash Flow": "4,362"}, "12/31/2018": {"Duration": "12/31/2018", "Operating Cash Flow": "4,950", "Investing Cash Flow": "-308.759", "Financing Cash Flow": "-4,816", "End Cash Position": "550.135", "Income Tax Paid Supplemental Data": "1,150", "Capital Expenditure": "-74.993", "Free Cash Flow": "4,875"}}}}, {"UN": {"quote": {"05/11/2021": {"value": "60.50", "Market Cap": "158.84B", "Beta (5Y Monthly)": "N/A", "PE Ratio (TTM)": "23.94", "EPS (TTM)": "N/A", "Earnings Date": "N/A", "Forward Dividend & Yield": "N/A (N/A)", "Ex-Dividend Date": "N/A", "1y Target Est": "68.00"}}, "fin": {"TTM": {"Duration": "TTM", "Total Revenue": "51,568,000", "Cost of Revenue": "-", "Gross Profit": "-", "Operating Expense": "-", "Operating Income": "8,791,000", "Net Non Operating Interest Income Expense": "-467,000", "Other Income Expense": "144,000", "Pretax Income": "8,468,000", "Tax Provision": "2,109,000", "Net Income Common Stockholders": "5,903,000", "Diluted NI Available to Com Stockholders": "5,903,000", "Basic EPS": "-", "Diluted EPS": "-", "Basic Average Shares": "-", "Diluted Average Shares": "-", "Total Operating Income as Reported": "8,791,000", "Total Expenses": "-", "Net Income from Continuing & Discontinued Operation": "5,890,000", "Normalized Income": "5,890,000", "Interest Income": "277,000", "Interest Expense": "675,000", "Net Interest Income": "-467,000", "EBIT": "9,143,000", "EBITDA": "11,147,000", "Reconciled Cost of Revenue": "-", "Reconciled Depreciation": "2,004,000", "Net Income from Continuing Operation Net Minority Interest": "5,890,000", "Total Unusual Items Excluding Goodwill": "24,000", "Total Unusual Items": "24,000", "Normalized EBITDA": "11,147,000", "Tax Rate for Calcs": "0", "Tax Effect of Unusual Items": "0"}, "12/31/2019": {"Duration": "12/31/2019", "Total Revenue": "51,980,000", "Cost of Revenue": "-", "Gross Profit": "-", "Operating Expense": "-", "Operating Income": "8,708,000", "Net Non Operating Interest Income Expense": "-569,000", "Other Income Expense": "150,000", "Pretax Income": "8,289,000", "Tax Provision": "2,263,000", "Net Income Common Stockholders": "5,625,000", "Diluted NI Available to Com Stockholders": "5,625,000", "Basic EPS": "2.15", "Diluted EPS": "2.14", "Basic Average Shares": "2,616,800", "Diluted Average Shares": "2,626,700", "Total Operating Income as Reported": "8,708,000", "Total Expenses": "-", "Net Income from Continuing & Discontinued Operation": "5,625,000", "Normalized Income": "5,643,720", "Interest Income": "224,000", "Interest Expense": "717,000", "Net Interest Income": "-569,000", "EBIT": "9,006,000", "EBITDA": "-", "Reconciled Cost of Revenue": "-", "Reconciled Depreciation": "1,982,000", "Net Income from Continuing Operation Net Minority Interest": "5,625,000", "Total Unusual Items Excluding Goodwill": "-26,000", "Total Unusual Items": "-26,000", "Normalized EBITDA": "11,014,000", "Tax Rate for Calcs": "0", "Tax Effect of Unusual Items": "-7,280"}, "12/31/2018": {"Duration": "12/31/2018", "Total Revenue": "50,982,000", "Cost of Revenue": "28,769,000", "Gross Profit": "22,213,000", "Operating Expense": "9,678,000", "Operating Income": "12,535,000", "Net Non Operating Interest Income Expense": "-494,000", "Other Income Expense": "342,000", "Pretax Income": "12,383,000", "Tax Provision": "2,575,000", "Net Income Common Stockholders": "9,389,000", "Diluted NI Available to Com Stockholders": "9,389,000", "Basic EPS": "3.50", "Diluted EPS": "3.48", "Basic Average Shares": "2,683,400", "Diluted Average Shares": "2,694,800", "Total Operating Income as Reported": "12,535,000", "Total Expenses": "38,447,000", "Net Income from Continuing & Discontinued Operation": "9,389,000", "Normalized Income": "9,264,970", "Interest Income": "135,000", "Interest Expense": "560,000", "Net Interest Income": "-494,000", "EBIT": "12,943,000", "EBITDA": "-", "Reconciled Cost of Revenue": "28,769,000", "Reconciled Depreciation": "1,747,000", "Net Income from Continuing Operation Net Minority Interest": "9,389,000", "Total Unusual Items Excluding Goodwill": "157,000", "Total Unusual Items": "157,000", "Normalized EBITDA": "14,533,000", "Tax Rate for Calcs": "0", "Tax Effect of Unusual Items": "32,970"}}, "bs": {"12/31/2019": {"Duration": "12/31/2019", "Total Assets": "64,806,000", "Total Liabilities Net Minority Interest": "50,920,000", "Total Equity Gross Minority Interest": "13,886,000", "Total Capitalization": "35,010,000", "Common Stock Equity": "13,192,000", "Capital Lease Obligations": "1,919,000", "Net Tangible Assets": "-17,837,000", "Working Capital": "-4,548,000", "Invested Capital": "39,077,000", "Tangible Book Value": "-17,837,000", "Total Debt": "27,804,000", "Net Debt": "21,700,000", "Share Issued": "2,624,854", "Ordinary Shares Number": "2,616,826", "Treasury Shares Number": "12,419"}, "12/31/2018": {"Duration": "12/31/2018", "Total Assets": "59,456,000", "Total Liabilities Net Minority Interest": "47,164,000", "Total Equity Gross Minority Interest": "12,292,000", "Total Capitalization": "32,830,000", "Common Stock Equity": "11,572,000", "Capital Lease Obligations": "128,000", "Net Tangible Assets": "-17,921,000", "Working Capital": "-4,291,000", "Invested Capital": "35,777,000", "Tangible Book Value": "-17,921,000", "Total Debt": "24,333,000", "Net Debt": "20,975,000", "Share Issued": "2,868,248", "Ordinary Shares Number": "2,614,235", "Treasury Shares Number": "272,674"}}, "cf": {"TTM": {"Duration": "TTM", "Operating Cash Flow": "9,245,000", "Investing Cash Flow": "-2,102,000", "Financing Cash Flow": "-5,899,000", "End Cash Position": "5,033,000", "Capital Expenditure": "-1,390,000", "Issuance of Debt": "5,911,000", "Repayment of Debt": "-5,347,000", "Repurchase of Capital Stock": "4,000", "Free Cash Flow": "7,855,000"}, "12/31/2019": {"Duration": "12/31/2019", "Operating Cash Flow": "8,109,000", "Investing Cash Flow": "-2,237,000", "Financing Cash Flow": "-4,667,000", "End Cash Position": "4,116,000", "Capital Expenditure": "-1,526,000", "Issuance of Debt": "5,911,000", "Repayment of Debt": "-5,347,000", "Repurchase of Capital Stock": "-201,000", "Free Cash Flow": "6,583,000"}, "12/31/2018": {"Duration": "12/31/2018", "Operating Cash Flow": "6,753,000", "Investing Cash Flow": "4,644,000", "Financing Cash Flow": "-11,548,000", "End Cash Position": "3,090,000", "Capital Expenditure": "-1,532,000", "Issuance of Debt": "10,595,000", "Repayment of Debt": "-6,604,000", "Repurchase of Capital Stock": "-6,277,000", "Free Cash Flow": "5,221,000"}}}}, {"NUGN": {"quote": {"05/11/2021": {"value": "0.0145", "Market Cap": "88,745", "Beta (5Y Monthly)": "6.89", "PE Ratio (TTM)": "N/A", "EPS (TTM)": "-0.2940", "Earnings Date": "N/A", "Forward Dividend & Yield": "N/A (N/A)", "Ex-Dividend Date": "N/A", "1y Target Est": "N/A"}}, "fin": {}, "bs": {}, "cf": {}}}, {"UL": {"quote": {"05/11/2021": {"value": "60.03", "Market Cap": "156.804B", "Beta (5Y Monthly)": "0.14", "PE Ratio (TTM)": "23.29", "EPS (TTM)": "2.58", "Earnings Date": "N/A", "Forward Dividend & Yield": "1.98 (3.28%)", "Ex-Dividend Date": "May 20, 2021", "1y Target Est": "70.00"}}, "fin": {"TTM": {"Duration": "TTM", "Total Revenue": "50,724,000", "Cost of Revenue": "28,684,000", "Gross Profit": "22,040,000", "Operating Expense": "12,673,000", "Operating Income": "8,303,000", "Net Non Operating Interest Income Expense": "-480,000", "Pretax Income": "7,996,000", "Tax Provision": "1,923,000", "Net Income Common Stockholders": "5,581,000", "Diluted NI Available to Com Stockholders": "5,581,000", "Basic EPS": "-", "Diluted EPS": "-", "Basic Average Shares": "-", "Diluted Average Shares": "-", "Total Operating Income as Reported": "8,303,000", "Rent Expense Supplemental": "-", "Total Expenses": "41,357,000", "Net Income from Continuing & Discontinued Operation": "5,581,000", "Normalized Income": "5,581,000", "Interest Income": "232,000", "Interest Expense": "728,000", "Net Interest Income": "-480,000", "EBIT": "8,724,000", "EBITDA": "10,742,000", "Reconciled Cost of Revenue": "28,684,000", "Reconciled Depreciation": "2,018,000", "Net Income from Continuing Operation Net Minority Interest": "5,581,000", "Total Unusual Items Excluding Goodwill": "-1,064,000", "Total Unusual Items": "-1,064,000", "Normalized EBITDA": "10,742,000", "Tax Rate for Calcs": "0", "Tax Effect of Unusual Items": "0"}, "12/31/2020": {"Duration": "12/31/2020", "Total Revenue": "50,724,000", "Cost of Revenue": "28,684,000", "Gross Profit": "22,040,000", "Operating Expense": "12,673,000", "Operating Income": "9,367,000", "Net Non Operating Interest Income Expense": "-480,000", "Pretax Income": "7,996,000", "Tax Provision": "1,923,000", "Net Income Common Stockholders": "5,581,000", "Diluted NI Available to Com Stockholders": "5,581,000", "Basic EPS": "-", "Diluted EPS": "-", "Basic Average Shares": "-", "Diluted Average Shares": "-", "Total Operating Income as Reported": "8,303,000", "Rent Expense Supplemental": "-", "Total Expenses": "41,357,000", "Net Income from Continuing & Discontinued Operation": "5,581,000", "Normalized Income": "6,379,000", "Interest Income": "232,000", "Interest Expense": "712,000", "Net Interest Income": "-480,000", "EBIT": "8,708,000", "EBITDA": "-", "Reconciled Cost of Revenue": "28,684,000", "Reconciled Depreciation": "2,018,000", "Net Income from Continuing Operation Net Minority Interest": "5,581,000", "Total Unusual Items Excluding Goodwill": "-1,064,000", "Total Unusual Items": "-1,064,000", "Normalized EBITDA": "11,790,000", "Tax Rate for Calcs": "0", "Tax Effect of Unusual Items": "-266,000"}, "12/31/2019": {"Duration": "12/31/2019", "Total Revenue": "51,980,000", "Cost of Revenue": "29,102,000", "Gross Profit": "22,878,000", "Operating Expense": "14,170,000", "Operating Income": "8,708,000", "Net Non Operating Interest Income Expense": "-569,000", "Pretax Income": "8,289,000", "Tax Provision": "2,263,000", "Net Income Common Stockholders": "5,625,000", "Diluted NI Available to Com Stockholders": "5,625,000", "Basic EPS": "2.15", "Diluted EPS": "2.14", "Basic Average Shares": "2,616,800", "Diluted Average Shares": "2,626,700", "Total Operating Income as Reported": "8,708,000", "Rent Expense Supplemental": "-", "Total Expenses": "43,272,000", "Net Income from Continuing & Discontinued Operation": "5,625,000", "Normalized Income": "5,625,000", "Interest Income": "224,000", "Interest Expense": "793,000", "Net Interest Income": "-569,000", "EBIT": "9,082,000", "EBITDA": "-", "Reconciled Cost of Revenue": "29,102,000", "Reconciled Depreciation": "1,982,000", "Net Income from Continuing Operation Net Minority Interest": "5,625,000", "Total Unusual Items Excluding Goodwill": "0", "Total Unusual Items": "0", "Normalized EBITDA": "11,064,000", "Tax Rate for Calcs": "0", "Tax Effect of Unusual Items": "0"}, "12/31/2018": {"Duration": "12/31/2018", "Total Revenue": "50,982,000", "Cost of Revenue": "28,769,000", "Gross Profit": "22,213,000", "Operating Expense": "9,678,000", "Operating Income": "12,535,000", "Net Non Operating Interest Income Expense": "-494,000", "Pretax Income": "12,383,000", "Tax Provision": "2,575,000", "Net Income Common Stockholders": "9,389,000", "Diluted NI Available to Com Stockholders": "9,389,000", "Basic EPS": "3.50", "Diluted EPS": "3.48", "Basic Average Shares": "2,683,400", "Diluted Average Shares": "2,694,800", "Total Operating Income as Reported": "12,535,000", "Rent Expense Supplemental": "568,000", "Total Expenses": "38,447,000", "Net Income from Continuing & Discontinued Operation": "9,389,000", "Normalized Income": "9,389,000", "Interest Income": "135,000", "Interest Expense": "629,000", "Net Interest Income": "-494,000", "EBIT": "13,012,000", "EBITDA": "-", "Reconciled Cost of Revenue": "28,769,000", "Reconciled Depreciation": "1,747,000", "Net Income from Continuing Operation Net Minority Interest": "9,389,000", "Total Unusual Items Excluding Goodwill": "0", "Total Unusual Items": "0", "Normalized EBITDA": "14,759,000", "Tax Rate for Calcs": "0", "Tax Effect of Unusual Items": "0"}}, "bs": {"12/31/2020": {"Duration": "12/31/2020", "Total Assets": "67,659,000", "Total Liabilities Net Minority Interest": "50,004,000", "Total Equity Gross Minority Interest": "17,655,000", "Total Capitalization": "36,356,000", "Common Stock Equity": "15,266,000", "Capital Lease Obligations": "1,771,000", "Net Tangible Assets": "-19,675,000", "Working Capital": "-4,435,000", "Invested Capital": "40,262,000", "Tangible Book Value": "-19,675,000", "Total Debt": "26,767,000", "Net Debt": "19,448,000", "Share Issued": "2,629,244", "Ordinary Shares Number": "2,627,862", "Treasury Shares Number": "1,382"}, "12/31/2019": {"Duration": "12/31/2019", "Total Assets": "64,806,000", "Total Liabilities Net Minority Interest": "50,920,000", "Total Equity Gross Minority Interest": "13,886,000", "Total Capitalization": "35,010,000", "Common Stock Equity": "13,192,000", "Capital Lease Obligations": "1,919,000", "Net Tangible Assets": "-17,837,000", "Working Capital": "-4,548,000", "Invested Capital": "39,077,000", "Tangible Book Value": "-17,837,000", "Total Debt": "27,804,000", "Net Debt": "21,700,000", "Share Issued": "2,621,218", "Ordinary Shares Number": "2,616,826", "Treasury Shares Number": "12,419"}, "12/31/2018": {"Duration": "12/31/2018", "Total Assets": "59,456,000", "Total Liabilities Net Minority Interest": "47,164,000", "Total Equity Gross Minority Interest": "12,292,000", "Total Capitalization": "32,830,000", "Common Stock Equity": "11,572,000", "Capital Lease Obligations": "128,000", "Net Tangible Assets": "-17,921,000", "Working Capital": "-4,291,000", "Invested Capital": "35,777,000", "Tangible Book Value": "-17,921,000", "Total Debt": "24,333,000", "Net Debt": "20,975,000", "Share Issued": "2,647,906", "Ordinary Shares Number": "2,629,245", "Treasury Shares Number": "272,674"}}, "cf": {"TTM": {"Duration": "TTM", "Operating Cash Flow": "9,058,000", "Investing Cash Flow": "-1,481,000", "Financing Cash Flow": "-5,804,000", "End Cash Position": "5,475,000", "Capital Expenditure": "-932,000", "Issuance of Debt": "3,117,000", "Repayment of Debt": "-3,577,000", "Repurchase of Capital Stock": "0", "Free Cash Flow": "8,126,000"}, "12/31/2020": {"Duration": "12/31/2020", "Operating Cash Flow": "9,058,000", "Investing Cash Flow": "-1,481,000", "Financing Cash Flow": "-5,804,000", "End Cash Position": "5,475,000", "Capital Expenditure": "-1,021,000", "Issuance of Debt": "3,117,000", "Repayment of Debt": "-3,577,000", "Repurchase of Capital Stock": "0", "Free Cash Flow": "8,037,000"}, "12/31/2019": {"Duration": "12/31/2019", "Operating Cash Flow": "8,109,000", "Investing Cash Flow": "-2,237,000", "Financing Cash Flow": "-4,667,000", "End Cash Position": "4,116,000", "Capital Expenditure": "-1,526,000", "Issuance of Debt": "5,911,000", "Repayment of Debt": "-4,912,000", "Repurchase of Capital Stock": "-201,000", "Free Cash Flow": "6,583,000"}, "12/31/2018": {"Duration": "12/31/2018", "Operating Cash Flow": "6,753,000", "Investing Cash Flow": "4,644,000", "Financing Cash Flow": "-11,548,000", "End Cash Position": "3,090,000", "Capital Expenditure": "-1,532,000", "Issuance of Debt": "10,595,000", "Repayment of Debt": "-6,594,000", "Repurchase of Capital Stock": "-6,277,000", "Free Cash Flow": "5,221,000"}}}}, {"IPAR": {"quote": {"05/11/2021": {"value": "70.56", "Market Cap": "2.232B", "Beta (5Y Monthly)": "N/A", "PE Ratio (TTM)": "40.05", "EPS (TTM)": "1.76", "Earnings Date": "Aug 09, 2021 - Aug 13, 2021", "Forward Dividend & Yield": "1.00 (1.38%)", "Ex-Dividend Date": "Mar 12, 2021", "1y Target Est": "77.50"}}, "fin": {"TTM": {"Duration": "TTM", "Total Revenue": "539,009", "Cost of Revenue": "208,278", "Gross Profit": "330,731", "Operating Expense": "260,648", "Operating Income": "70,083", "Net Non Operating Interest Income Expense": "895", "Other Income Expense": "-1,629", "Pretax Income": "69,349", "Tax Provision": "19,381", "Net Income Common Stockholders": "38,219", "Diluted NI Available to Com Stockholders": "38,219", "Basic EPS": "-", "Diluted EPS": "-", "Basic Average Shares": "-", "Diluted Average Shares": "-", "Total Operating Income as Reported": "70,083", "Total Expenses": "468,926", "Net Income from Continuing & Discontinued Operation": "38,219", "Normalized Income": "39,788", "Interest Income": "2,865", "Interest Expense": "1,970", "Net Interest Income": "895", "EBIT": "71,319", "EBITDA": "80,386", "Reconciled Cost of Revenue": "208,278", "Reconciled Depreciation": "9,067", "Net Income from Continuing Operation Net Minority Interest": "38,219", "Total Unusual Items Excluding Goodwill": "-2,178", "Total Unusual Items": "-2,178", "Normalized EBITDA": "82,564", "Tax Rate for Calcs": "0", "Tax Effect of Unusual Items": "-608.6868"}, "12/31/2020": {"Duration": "12/31/2020", "Total Revenue": "539,009", "Cost of Revenue": "208,278", "Gross Profit": "330,731", "Operating Expense": "260,648", "Operating Income": "70,083", "Net Non Operating Interest Income Expense": "895", "Other Income Expense": "-1,629", "Pretax Income": "69,349", "Tax Provision": "19,381", "Net Income Common Stockholders": "38,219", "Diluted NI Available to Com Stockholders": "38,219", "Basic EPS": "1.21", "Diluted EPS": "1.21", "Basic Average Shares": "31,537", "Diluted Average Shares": "31,655", "Total Operating Income as Reported": "70,083", "Total Expenses": "468,926", "Net Income from Continuing & Discontinued Operation": "38,219", "Normalized Income": "39,788", "Interest Income": "2,865", "Interest Expense": "1,970", "Net Interest Income": "895", "EBIT": "71,319", "EBITDA": "-", "Reconciled Cost of Revenue": "208,278", "Reconciled Depreciation": "9,067", "Net Income from Continuing Operation Net Minority Interest": "38,219", "Total Unusual Items Excluding Goodwill": "-2,178", "Total Unusual Items": "-2,178", "Normalized EBITDA": "82,564", "Tax Rate for Calcs": "0", "Tax Effect of Unusual Items": "-608.6868"}, "12/31/2019": {"Duration": "12/31/2019", "Total Revenue": "713,514", "Cost of Revenue": "267,578", "Gross Profit": "445,936", "Operating Expense": "341,209", "Operating Income": "104,727", "Net Non Operating Interest Income Expense": "1,547", "Other Income Expense": "-1,128", "Pretax Income": "105,146", "Tax Provision": "29,076", "Net Income Common Stockholders": "60,249", "Diluted NI Available to Com Stockholders": "60,249", "Basic EPS": "1.92", "Diluted EPS": "1.90", "Basic Average Shares": "31,451", "Diluted Average Shares": "31,689", "Total Operating Income as Reported": "104,727", "Total Expenses": "608,787", "Net Income from Continuing & Discontinued Operation": "60,249", "Normalized Income": "61,065", "Interest Income": "3,693", "Interest Expense": "2,146", "Net Interest Income": "1,547", "EBIT": "107,292", "EBITDA": "-", "Reconciled Cost of Revenue": "267,578", "Reconciled Depreciation": "8,729", "Net Income from Continuing Operation Net Minority Interest": "60,249", "Total Unusual Items Excluding Goodwill": "-1,128", "Total Unusual Items": "-1,128", "Normalized EBITDA": "117,149", "Tax Rate for Calcs": "0", "Tax Effect of Unusual Items": "-312.456"}, "12/31/2018": {"Duration": "12/31/2018", "Total Revenue": "675,574", "Cost of Revenue": "248,012", "Gross Profit": "427,562", "Operating Expense": "332,831", "Operating Income": "94,731", "Net Non Operating Interest Income Expense": "1,379", "Other Income Expense": "-251", "Pretax Income": "95,859", "Tax Provision": "26,144", "Net Income Common Stockholders": "53,793", "Diluted NI Available to Com Stockholders": "53,793", "Basic EPS": "1.72", "Diluted EPS": "1.71", "Basic Average Shares": "31,308", "Diluted Average Shares": "31,522", "Total Operating Income as Reported": "94,731", "Total Expenses": "580,843", "Net Income from Continuing & Discontinued Operation": "53,793", "Normalized Income": "53,975", "Interest Income": "3,957", "Interest Expense": "2,578", "Net Interest Income": "1,379", "EBIT": "98,437", "EBITDA": "-", "Reconciled Cost of Revenue": "248,012", "Reconciled Depreciation": "11,031", "Net Income from Continuing Operation Net Minority Interest": "53,793", "Total Unusual Items Excluding Goodwill": "-251", "Total Unusual Items": "-251", "Normalized EBITDA": "109,719", "Tax Rate for Calcs": "0", "Tax Effect of Unusual Items": "-68.523"}}, "bs": {"12/31/2020": {"Duration": "12/31/2020", "Total Assets": "890,145", "Total Liabilities Net Minority Interest": "187,695", "Total Equity Gross Minority Interest": "702,450", "Total Capitalization": "545,971", "Common Stock Equity": "535,835", "Capital Lease Obligations": "26,487", "Net Tangible Assets": "321,727", "Working Capital": "444,515", "Invested Capital": "560,541", "Tangible Book Value": "321,727", "Total Debt": "51,193", "Share Issued": "31,538", "Ordinary Shares Number": "31,538", "Treasury Shares Number": "9,865"}, "12/31/2019": {"Duration": "12/31/2019", "Total Assets": "828,832", "Total Liabilities Net Minority Interest": "219,834", "Total Equity Gross Minority Interest": "608,998", "Total Capitalization": "478,738", "Common Stock Equity": "468,004", "Capital Lease Obligations": "29,991", "Net Tangible Assets": "266,021", "Working Capital": "388,831", "Invested Capital": "491,064", "Tangible Book Value": "266,021", "Total Debt": "53,051", "Share Issued": "41,378", "Ordinary Shares Number": "31,513", "Treasury Shares Number": "9,865"}, "12/31/2018": {"Duration": "12/31/2018", "Total Assets": "799,167", "Total Liabilities Net Minority Interest": "213,421", "Total Equity Gross Minority Interest": "585,746", "Total Capitalization": "470,513", "Common Stock Equity": "447,607", "Capital Lease Obligations": "-", "Net Tangible Assets": "243,282", "Working Capital": "382,425", "Invested Capital": "493,668", "Tangible Book Value": "243,282", "Total Debt": "46,061", "Share Issued": "41,247", "Ordinary Shares Number": "31,382", "Treasury Shares Number": "9,865"}}, "cf": {"TTM": {"Duration": "TTM", "Operating Cash Flow": "64,993", "Investing Cash Flow": "-22,329", "Financing Cash Flow": "-18,645", "End Cash Position": "169,681", "Income Tax Paid Supplemental Data": "21,772", "Interest Paid Supplemental Data": "1,105", "Capital Expenditure": "-12,262", "Issuance of Capital Stock": "-", "Issuance of Debt": "13,438", "Repayment of Debt": "-13,725", "Repurchase of Capital Stock": "-", "Free Cash Flow": "52,731"}, "12/31/2020": {"Duration": "12/31/2020", "Operating Cash Flow": "64,993", "Investing Cash Flow": "-22,329", "Financing Cash Flow": "-18,645", "End Cash Position": "169,681", "Income Tax Paid Supplemental Data": "21,772", "Interest Paid Supplemental Data": "1,105", "Capital Expenditure": "-12,262", "Issuance of Capital Stock": "-", "Issuance of Debt": "13,438", "Repayment of Debt": "-13,725", "Repurchase of Capital Stock": "-", "Free Cash Flow": "52,731"}, "12/31/2019": {"Duration": "12/31/2019", "Operating Cash Flow": "76,452", "Investing Cash Flow": "-5,638", "Financing Cash Flow": "-68,183", "End Cash Position": "192,417", "Income Tax Paid Supplemental Data": "26,332", "Interest Paid Supplemental Data": "1,764", "Capital Expenditure": "-11,494", "Issuance of Capital Stock": "-", "Issuance of Debt": "-", "Repayment of Debt": "-22,321", "Repurchase of Capital Stock": "-", "Free Cash Flow": "64,958"}, "12/31/2018": {"Duration": "12/31/2018", "Operating Cash Flow": "63,041", "Investing Cash Flow": "-13,636", "Financing Cash Flow": "-55,882", "End Cash Position": "193,136", "Income Tax Paid Supplemental Data": "24,995", "Interest Paid Supplemental Data": "1,745", "Capital Expenditure": "-12,465", "Issuance of Capital Stock": "0", "Issuance of Debt": "-", "Repayment of Debt": "-23,487", "Repurchase of Capital Stock": "0", "Free Cash Flow": "50,576"}}}}, {"QEBR": {"quote": {"05/11/2021": {"value": "0.0433", "Market Cap": "16.359M", "Beta (5Y Monthly)": "N/A", "PE Ratio (TTM)": "N/A", "EPS (TTM)": "-0.2000", "Earnings Date": "N/A", "Forward Dividend & Yield": "N/A (N/A)", "Ex-Dividend Date": "N/A", "1y Target Est": "N/A"}}, "fin": {}, "bs": {}, "cf": {}}}, {"BEUT": {"quote": {"05/11/2021": {"value": "0.0200", "Market Cap": "1.133M", "Beta (5Y Monthly)": "4.36", "PE Ratio (TTM)": "N/A", "EPS (TTM)": "-0.0020", "Earnings Date": "N/A", "Forward Dividend & Yield": "N/A (N/A)", "Ex-Dividend Date": "N/A", "1y Target Est": "N/A"}}, "fin": {}, "bs": {}, "cf": {}}}, {"SNNC": {"quote": {"05/11/2021": {"value": "0.1650", "Market Cap": "599,999", "Beta (5Y Monthly)": "N/A", "PE Ratio (TTM)": "N/A", "EPS (TTM)": "N/A", "Earnings Date": "N/A", "Forward Dividend & Yield": "N/A (N/A)", "Ex-Dividend Date": "N/A", "1y Target Est": "N/A"}}, "fin": {}, "bs": {}, "cf": {}}}, {"AVP": {"fin": {}, "bs": {}, "cf": {}}}, {"CAW": {"fin": {}, "bs": {}, "cf": {}}}, {"EHSK": {"fin": {}, "bs": {}, "cf": {}}}, {"RCGP": {"fin": {}, "bs": {}, "cf": {}}}, {"TRHF": {"fin": {}, "bs": {}, "cf": {}}}]