[{"ALN": {"quote": {"05/11/2021": {"value": "", "Net Assets": "N/A", "Beta (5Y Monthly)": "N/A", "Yield": "N/A", "5y Average Return": "N/A", "Holdings Turnover": "N/A", "Last Dividend": "N/A", "Average for Category": "N/A", "Inception Date": "N/A"}}, "fin": {}, "bs": {}, "cf": {}}}, {"BGS": {"quote": {"05/11/2021": {"value": "28.63", "Market Cap": "1.853B", "Beta (5Y Monthly)": "0.46", "PE Ratio (TTM)": "14.03", "EPS (TTM)": "2.04", "Earnings Date": "Jul 28, 2021 - Aug 02, 2021", "Forward Dividend & Yield": "1.90 (6.53%)", "Ex-Dividend Date": "Mar 30, 2021", "1y Target Est": "28.00"}}, "fin": {"TTM": {"Duration": "TTM", "Total Revenue": "1,967,909", "Cost of Revenue": "1,486,169", "Gross Profit": "481,740", "Operating Expense": "205,302", "Operating Income": "276,438", "Net Non Operating Interest Income Expense": "-101,634", "Other Income Expense": "2,558", "Pretax Income": "177,362", "Tax Provision": "45,374", "Net Income Common Stockholders": "131,988", "Diluted NI Available to Com Stockholders": "131,988", "Basic EPS": "-", "Diluted EPS": "-", "Basic Average Shares": "-", "Diluted Average Shares": "-", "Total Operating Income as Reported": "276,438", "Total Expenses": "1,691,471", "Net Income from Continuing & Discontinued Operation": "131,988", "Normalized Income": "131,988", "Interest Expense": "101,634", "Net Interest Income": "-101,634", "EBIT": "278,996", "EBITDA": "354,656", "Reconciled Cost of Revenue": "1,429,620", "Reconciled Depreciation": "75,660", "Net Income from Continuing Operation Net Minority Interest": "131,988", "Total Unusual Items Excluding Goodwill": "0", "Total Unusual Items": "0", "Normalized EBITDA": "354,656", "Tax Rate for Calcs": "0", "Tax Effect of Unusual Items": "0"}, "12/31/2020": {"Duration": "12/31/2020", "Total Revenue": "1,967,909", "Cost of Revenue": "1,486,169", "Gross Profit": "481,740", "Operating Expense": "205,302", "Operating Income": "276,438", "Net Non Operating Interest Income Expense": "-101,634", "Other Income Expense": "2,558", "Pretax Income": "177,362", "Tax Provision": "45,374", "Net Income Common Stockholders": "131,988", "Diluted NI Available to Com Stockholders": "131,988", "Basic EPS": "2.06", "Diluted EPS": "2.04", "Basic Average Shares": "64,163", "Diluted Average Shares": "64,557", "Total Operating Income as Reported": "276,438", "Total Expenses": "1,691,471", "Net Income from Continuing & Discontinued Operation": "131,988", "Normalized Income": "131,988", "Interest Expense": "101,634", "Net Interest Income": "-101,634", "EBIT": "278,996", "EBITDA": "-", "Reconciled Cost of Revenue": "1,429,620", "Reconciled Depreciation": "75,660", "Net Income from Continuing Operation Net Minority Interest": "131,988", "Total Unusual Items Excluding Goodwill": "0", "Total Unusual Items": "0", "Normalized EBITDA": "354,656", "Tax Rate for Calcs": "0", "Tax Effect of Unusual Items": "0"}, "12/31/2019": {"Duration": "12/31/2019", "Total Revenue": "1,660,414", "Cost of Revenue": "1,277,290", "Gross Profit": "383,124", "Operating Expense": "179,288", "Operating Income": "203,836", "Net Non Operating Interest Income Expense": "-98,126", "Other Income Expense": "-18", "Pretax Income": "105,692", "Tax Provision": "29,303", "Net Income Common Stockholders": "76,389", "Diluted NI Available to Com Stockholders": "76,389", "Basic EPS": "1.17", "Diluted EPS": "1.17", "Basic Average Shares": "65,013", "Diluted Average Shares": "65,039", "Total Operating Income as Reported": "203,836", "Total Expenses": "1,456,578", "Net Income from Continuing & Discontinued Operation": "76,389", "Normalized Income": "77,240", "Interest Expense": "98,126", "Net Interest Income": "-98,126", "EBIT": "203,818", "EBITDA": "-", "Reconciled Cost of Revenue": "1,225,703", "Reconciled Depreciation": "70,130", "Net Income from Continuing Operation Net Minority Interest": "76,389", "Total Unusual Items Excluding Goodwill": "-1,177", "Total Unusual Items": "-1,177", "Normalized EBITDA": "275,125", "Tax Rate for Calcs": "0", "Tax Effect of Unusual Items": "-326.029"}, "12/31/2018": {"Duration": "12/31/2018", "Total Revenue": "1,700,764", "Cost of Revenue": "1,351,264", "Gross Profit": "349,500", "Operating Expense": "185,732", "Operating Income": "163,768", "Net Non Operating Interest Income Expense": "-108,334", "Other Income Expense": "166,843", "Pretax Income": "222,277", "Tax Provision": "49,842", "Net Income Common Stockholders": "172,435", "Diluted NI Available to Com Stockholders": "172,435", "Basic EPS": "2.61", "Diluted EPS": "2.60", "Basic Average Shares": "66,145", "Diluted Average Shares": "66,255", "Total Operating Income as Reported": "340,154", "Total Expenses": "1,536,996", "Net Income from Continuing & Discontinued Operation": "172,435", "Normalized Income": "45,752", "Interest Expense": "108,334", "Net Interest Income": "-108,334", "EBIT": "330,611", "EBITDA": "-", "Reconciled Cost of Revenue": "1,315,968", "Reconciled Depreciation": "53,639", "Net Income from Continuing Operation Net Minority Interest": "172,435", "Total Unusual Items Excluding Goodwill": "163,251", "Total Unusual Items": "163,251", "Normalized EBITDA": "220,999", "Tax Rate for Calcs": "0", "Tax Effect of Unusual Items": "36,568"}}, "bs": {"12/31/2020": {"Duration": "12/31/2020", "Total Assets": "3,767,570", "Total Liabilities Net Minority Interest": "2,935,693", "Total Equity Gross Minority Interest": "831,877", "Total Capitalization": "3,165,963", "Common Stock Equity": "831,877", "Capital Lease Obligations": "34,993", "Net Tangible Assets": "-1,784,196", "Working Capital": "491,649", "Invested Capital": "3,165,963", "Tangible Book Value": "-1,784,196", "Total Debt": "2,369,079", "Net Debt": "2,281,904", "Share Issued": "64,253", "Ordinary Shares Number": "64,253"}, "12/31/2019": {"Duration": "12/31/2019", "Total Assets": "3,227,590", "Total Liabilities Net Minority Interest": "2,415,048", "Total Equity Gross Minority Interest": "812,542", "Total Capitalization": "2,686,700", "Common Stock Equity": "812,542", "Capital Lease Obligations": "41,810", "Net Tangible Assets": "-1,398,975", "Working Capital": "444,885", "Invested Capital": "2,692,325", "Tangible Book Value": "-1,398,975", "Total Debt": "1,921,593", "Net Debt": "1,868,468", "Share Issued": "64,045", "Ordinary Shares Number": "64,045"}, "12/31/2018": {"Duration": "12/31/2018", "Total Assets": "3,054,799", "Total Liabilities Net Minority Interest": "2,154,750", "Total Equity Gross Minority Interest": "900,049", "Total Capitalization": "2,535,930", "Common Stock Equity": "900,049", "Capital Lease Obligations": "-", "Net Tangible Assets": "-1,279,955", "Working Capital": "327,634", "Invested Capital": "2,535,930", "Tangible Book Value": "-1,279,955", "Total Debt": "1,635,881", "Net Debt": "1,624,233", "Share Issued": "65,639", "Ordinary Shares Number": "65,639"}}, "cf": {"TTM": {"Duration": "TTM", "Operating Cash Flow": "281,477", "Investing Cash Flow": "-568,893", "Financing Cash Flow": "327,952", "End Cash Position": "52,182", "Income Tax Paid Supplemental Data": "9,812", "Interest Paid Supplemental Data": "97,449", "Capital Expenditure": "-26,748", "Issuance of Capital Stock": "0", "Issuance of Debt": "1,055,000", "Repayment of Debt": "-598,375", "Repurchase of Capital Stock": "0", "Free Cash Flow": "254,729"}, "12/31/2020": {"Duration": "12/31/2020", "Operating Cash Flow": "281,477", "Investing Cash Flow": "-568,893", "Financing Cash Flow": "327,952", "End Cash Position": "52,182", "Income Tax Paid Supplemental Data": "9,812", "Interest Paid Supplemental Data": "97,449", "Capital Expenditure": "-26,748", "Issuance of Capital Stock": "0", "Issuance of Debt": "1,055,000", "Repayment of Debt": "-598,375", "Repurchase of Capital Stock": "0", "Free Cash Flow": "254,729"}, "12/31/2019": {"Duration": "12/31/2019", "Operating Cash Flow": "46,504", "Investing Cash Flow": "-124,739", "Financing Cash Flow": "77,713", "End Cash Position": "11,315", "Income Tax Paid Supplemental Data": "47,506", "Interest Paid Supplemental Data": "87,982", "Capital Expenditure": "-42,355", "Issuance of Capital Stock": "-", "Issuance of Debt": "1,595,000", "Repayment of Debt": "-1,345,000", "Repurchase of Capital Stock": "-34,713", "Free Cash Flow": "4,149"}, "12/31/2018": {"Duration": "12/31/2018", "Operating Cash Flow": "209,456", "Investing Cash Flow": "347,588", "Financing Cash Flow": "-753,327", "End Cash Position": "11,648", "Income Tax Paid Supplemental Data": "4,669", "Interest Paid Supplemental Data": "102,114", "Capital Expenditure": "-41,627", "Issuance of Capital Stock": "60", "Issuance of Debt": "220,000", "Repayment of Debt": "-820,110", "Repurchase of Capital Stock": "-26,920", "Free Cash Flow": "167,829"}}}}, {"JBSS": {"quote": {"05/11/2021": {"value": "90.57", "Market Cap": "1.039B", "Beta (5Y Monthly)": "0.14", "PE Ratio (TTM)": "18.15", "EPS (TTM)": "4.99", "Earnings Date": "Apr 28, 2021", "Forward Dividend & Yield": "0.65 (0.71%)", "Ex-Dividend Date": "Feb 25, 2021", "1y Target Est": "107.00"}}, "fin": {"TTM": {"Duration": "TTM", "Total Revenue": "859,671", "Cost of Revenue": "683,997", "Gross Profit": "175,674", "Operating Expense": "95,670", "Operating Income": "80,004", "Net Non Operating Interest Income Expense": "-1,875", "Other Income Expense": "-2,392", "Pretax Income": "75,737", "Tax Provision": "19,317", "Net Income Common Stockholders": "56,420", "Diluted NI Available to Com Stockholders": "56,420", "Basic EPS": "-", "Diluted EPS": "-", "Basic Average Shares": "-", "Diluted Average Shares": "-", "Total Operating Income as Reported": "81,688", "Rent Expense Supplemental": "1,684", "Total Expenses": "779,667", "Net Income from Continuing & Discontinued Operation": "56,420", "Normalized Income": "56,420", "Interest Expense": "1,875", "Net Interest Income": "-1,875", "EBIT": "77,612", "EBITDA": "95,410", "Reconciled Cost of Revenue": "683,997", "Reconciled Depreciation": "17,798", "Net Income from Continuing Operation Net Minority Interest": "56,420", "Normalized EBITDA": "95,410", "Tax Rate for Calcs": "0", "Tax Effect of Unusual Items": "0"}, "6/30/2020": {"Duration": "6/30/2020", "Total Revenue": "880,092", "Cost of Revenue": "704,317", "Gross Profit": "175,775", "Operating Expense": "98,793", "Operating Income": "76,982", "Net Non Operating Interest Income Expense": "-2,005", "Other Income Expense": "-2,266", "Pretax Income": "72,711", "Tax Provision": "18,601", "Net Income Common Stockholders": "54,110", "Diluted NI Available to Com Stockholders": "54,110", "Basic EPS": "4.72", "Diluted EPS": "4.69", "Basic Average Shares": "11,464", "Diluted Average Shares": "11,537", "Total Operating Income as Reported": "78,547", "Rent Expense Supplemental": "1,565", "Total Expenses": "803,110", "Net Income from Continuing & Discontinued Operation": "54,110", "Normalized Income": "54,110", "Interest Expense": "2,005", "Net Interest Income": "-2,005", "EBIT": "74,716", "EBITDA": "-", "Reconciled Cost of Revenue": "704,317", "Reconciled Depreciation": "17,934", "Net Income from Continuing Operation Net Minority Interest": "54,110", "Normalized EBITDA": "92,650", "Tax Rate for Calcs": "0", "Tax Effect of Unusual Items": "0"}, "6/30/2019": {"Duration": "6/30/2019", "Total Revenue": "876,201", "Cost of Revenue": "717,931", "Gross Profit": "158,270", "Operating Expense": "100,835", "Operating Income": "57,435", "Net Non Operating Interest Income Expense": "-3,060", "Other Income Expense": "-1,947", "Pretax Income": "52,428", "Tax Provision": "12,962", "Net Income Common Stockholders": "39,466", "Diluted NI Available to Com Stockholders": "39,466", "Basic EPS": "3.45", "Diluted EPS": "3.43", "Basic Average Shares": "11,430", "Diluted Average Shares": "11,501", "Total Operating Income as Reported": "58,524", "Rent Expense Supplemental": "1,089", "Total Expenses": "818,766", "Net Income from Continuing & Discontinued Operation": "39,466", "Normalized Income": "39,466", "Interest Expense": "3,060", "Net Interest Income": "-3,060", "EBIT": "55,488", "EBITDA": "-", "Reconciled Cost of Revenue": "717,931", "Reconciled Depreciation": "17,045", "Net Income from Continuing Operation Net Minority Interest": "39,466", "Normalized EBITDA": "72,533", "Tax Rate for Calcs": "0", "Tax Effect of Unusual Items": "0"}, "6/30/2018": {"Duration": "6/30/2018", "Total Revenue": "888,595", "Cost of Revenue": "749,776", "Gross Profit": "138,819", "Operating Expense": "84,116", "Operating Income": "54,703", "Net Non Operating Interest Income Expense": "-3,463", "Other Income Expense": "-1,970", "Pretax Income": "49,270", "Tax Provision": "16,850", "Net Income Common Stockholders": "32,420", "Diluted NI Available to Com Stockholders": "32,420", "Basic EPS": "2.85", "Diluted EPS": "2.83", "Basic Average Shares": "11,383", "Diluted Average Shares": "11,449", "Total Operating Income as Reported": "56,109", "Rent Expense Supplemental": "1,406", "Total Expenses": "833,892", "Net Income from Continuing & Discontinued Operation": "32,420", "Normalized Income": "32,420", "Interest Expense": "3,463", "Net Interest Income": "-3,463", "EBIT": "52,733", "EBITDA": "-", "Reconciled Cost of Revenue": "749,776", "Reconciled Depreciation": "15,430", "Net Income from Continuing Operation Net Minority Interest": "32,420", "Normalized EBITDA": "68,163", "Tax Rate for Calcs": "0", "Tax Effect of Unusual Items": "0"}}, "bs": {"6/30/2020": {"Duration": "6/30/2020", "Total Assets": "407,457", "Total Liabilities Net Minority Interest": "169,219", "Total Equity Gross Minority Interest": "238,238", "Total Capitalization": "252,968", "Common Stock Equity": "238,238", "Capital Lease Obligations": "2,990", "Net Tangible Assets": "216,463", "Working Capital": "126,703", "Invested Capital": "287,302", "Tangible Book Value": "216,463", "Total Debt": "52,054", "Net Debt": "47,529", "Share Issued": "11,537", "Ordinary Shares Number": "11,419", "Treasury Shares Number": "117.9"}, "6/30/2019": {"Duration": "6/30/2019", "Total Assets": "391,304", "Total Liabilities Net Minority Interest": "136,749", "Total Equity Gross Minority Interest": "254,555", "Total Capitalization": "274,936", "Common Stock Equity": "254,555", "Capital Lease Obligations": "-", "Net Tangible Assets": "230,279", "Working Capital": "141,434", "Invested Capital": "283,175", "Tangible Book Value": "230,279", "Total Debt": "28,620", "Net Debt": "27,029", "Share Issued": "11,507", "Ordinary Shares Number": "11,389", "Treasury Shares Number": "117.9"}, "6/30/2018": {"Duration": "6/30/2018", "Total Assets": "415,773", "Total Liabilities Net Minority Interest": "172,851", "Total Equity Gross Minority Interest": "242,922", "Total Capitalization": "270,278", "Common Stock Equity": "242,922", "Capital Lease Obligations": "-", "Net Tangible Assets": "215,618", "Working Capital": "130,609", "Invested Capital": "310,787", "Tangible Book Value": "215,618", "Total Debt": "67,865", "Net Debt": "66,416", "Share Issued": "11,463", "Ordinary Shares Number": "11,345", "Treasury Shares Number": "117.9"}}, "cf": {"TTM": {"Duration": "TTM", "Operating Cash Flow": "71,263", "Investing Cash Flow": "-18,635", "Financing Cash Flow": "-52,258", "End Cash Position": "1,763", "Income Tax Paid Supplemental Data": "-", "Interest Paid Supplemental Data": "-", "Capital Expenditure": "-19,678", "Issuance of Debt": "-", "Repayment of Debt": "-25,510", "Free Cash Flow": "51,585"}, "6/30/2020": {"Duration": "6/30/2020", "Operating Cash Flow": "63,613", "Investing Cash Flow": "-14,049", "Financing Cash Flow": "-49,620", "End Cash Position": "1,535", "Income Tax Paid Supplemental Data": "14,415", "Interest Paid Supplemental Data": "1,954", "Capital Expenditure": "-15,022", "Issuance of Debt": "-", "Repayment of Debt": "-7,739", "Free Cash Flow": "48,591"}, "6/30/2019": {"Duration": "6/30/2019", "Operating Cash Flow": "83,459", "Investing Cash Flow": "-14,614", "Financing Cash Flow": "-68,703", "End Cash Position": "1,591", "Income Tax Paid Supplemental Data": "10,899", "Interest Paid Supplemental Data": "2,872", "Capital Expenditure": "-15,075", "Issuance of Debt": "-", "Repayment of Debt": "-6,851", "Free Cash Flow": "68,384"}, "6/30/2018": {"Duration": "6/30/2018", "Operating Cash Flow": "66,154", "Investing Cash Flow": "-34,968", "Financing Cash Flow": "-31,692", "End Cash Position": "1,449", "Income Tax Paid Supplemental Data": "15,886", "Interest Paid Supplemental Data": "3,357", "Capital Expenditure": "-13,229", "Issuance of Debt": "1,822", "Repayment of Debt": "-5,659", "Free Cash Flow": "52,925"}}}}, {"FARM": {"quote": {"05/11/2021": {"value": "8.40", "Market Cap": "149.711M", "Beta (5Y Monthly)": "1.66", "PE Ratio (TTM)": "N/A", "EPS (TTM)": "-2.74", "Earnings Date": "May 06, 2021", "Forward Dividend & Yield": "N/A (N/A)", "Ex-Dividend Date": "Jan 26, 2011", "1y Target Est": "9.75"}}, "fin": {"TTM": {"Duration": "TTM", "Total Revenue": "412,063", "Cost of Revenue": "309,899", "Gross Profit": "102,164", "Operating Expense": "141,389", "Operating Income": "-39,225", "Net Non Operating Interest Income Expense": "-11,257", "Other Income Expense": "-9,172", "Pretax Income": "-59,654", "Tax Provision": "13,838", "Net Income Common Stockholders": "-74,055", "Diluted NI Available to Com Stockholders": "-74,055", "Basic EPS": "-", "Diluted EPS": "-", "Basic Average Shares": "-", "Diluted Average Shares": "-", "Total Operating Income as Reported": "-80,374", "Total Expenses": "451,288", "Net Income from Continuing & Discontinued Operation": "-73,492", "Normalized Income": "-44,253", "Interest Income": "-", "Interest Expense": "11,257", "Net Interest Income": "-11,257", "EBIT": "-48,397", "EBITDA": "-19,363", "Reconciled Cost of Revenue": "309,899", "Reconciled Depreciation": "29,034", "Net Income from Continuing Operation Net Minority Interest": "-73,492", "Total Unusual Items Excluding Goodwill": "-40,053", "Total Unusual Items": "-40,053", "Normalized EBITDA": "20,690", "Tax Rate for Calcs": "0", "Tax Effect of Unusual Items": "-10,814"}, "6/30/2020": {"Duration": "6/30/2020", "Total Revenue": "501,320", "Cost of Revenue": "363,198", "Gross Profit": "138,122", "Operating Expense": "164,331", "Operating Income": "-26,209", "Net Non Operating Interest Income Expense": "-10,483", "Other Income Expense": "-590", "Pretax Income": "-37,282", "Tax Provision": "-195", "Net Income Common Stockholders": "-37,641", "Diluted NI Available to Com Stockholders": "-37,641", "Basic EPS": "-2.19", "Diluted EPS": "-2.19", "Basic Average Shares": "17,206", "Diluted Average Shares": "17,206", "Total Operating Income as Reported": "-43,002", "Total Expenses": "527,529", "Net Income from Continuing & Discontinued Operation": "-37,087", "Normalized Income": "-19,027", "Interest Income": "0", "Interest Expense": "10,483", "Net Interest Income": "-10,483", "EBIT": "-26,799", "EBITDA": "-", "Reconciled Cost of Revenue": "363,198", "Reconciled Depreciation": "29,896", "Net Income from Continuing Operation Net Minority Interest": "-37,087", "Total Unusual Items Excluding Goodwill": "-18,155", "Total Unusual Items": "-18,155", "Normalized EBITDA": "21,252", "Tax Rate for Calcs": "0", "Tax Effect of Unusual Items": "-94.958"}, "6/30/2019": {"Duration": "6/30/2019", "Total Revenue": "595,942", "Cost of Revenue": "416,840", "Gross Profit": "179,102", "Operating Expense": "188,606", "Operating Income": "-9,504", "Net Non Operating Interest Income Expense": "-12,000", "Other Income Expense": "-11,980", "Pretax Income": "-33,484", "Tax Provision": "40,111", "Net Income Common Stockholders": "-74,130", "Diluted NI Available to Com Stockholders": "-74,130", "Basic EPS": "-4.36", "Diluted EPS": "-4.36", "Basic Average Shares": "16,996", "Diluted Average Shares": "16,996", "Total Operating Income as Reported": "-14,702", "Total Expenses": "605,446", "Net Income from Continuing & Discontinued Operation": "-73,595", "Normalized Income": "-68,156", "Interest Income": "0", "Interest Expense": "12,000", "Net Interest Income": "-12,000", "EBIT": "-21,484", "EBITDA": "-", "Reconciled Cost of Revenue": "416,840", "Reconciled Depreciation": "31,065", "Net Income from Continuing Operation Net Minority Interest": "-73,595", "Total Unusual Items Excluding Goodwill": "-7,450", "Total Unusual Items": "-7,450", "Normalized EBITDA": "17,031", "Tax Rate for Calcs": "0", "Tax Effect of Unusual Items": "-2,011"}, "6/30/2018": {"Duration": "6/30/2018", "Total Revenue": "606,544", "Cost of Revenue": "399,502", "Gross Profit": "207,042", "Operating Expense": "202,402", "Operating Income": "4,640", "Net Non Operating Interest Income Expense": "-3,175", "Other Income Expense": "-2,433", "Pretax Income": "-968", "Tax Provision": "17,312", "Net Income Common Stockholders": "-18,669", "Diluted NI Available to Com Stockholders": "-18,669", "Basic EPS": "-1.11", "Diluted EPS": "-1.11", "Basic Average Shares": "16,815", "Diluted Average Shares": "16,815", "Total Operating Income as Reported": "1,124", "Total Expenses": "601,904", "Net Income from Continuing & Discontinued Operation": "-18,280", "Normalized Income": "-15,385", "Interest Income": "2", "Interest Expense": "3,177", "Net Interest Income": "-3,175", "EBIT": "2,209", "EBITDA": "-", "Reconciled Cost of Revenue": "399,502", "Reconciled Depreciation": "30,464", "Net Income from Continuing Operation Net Minority Interest": "-18,280", "Total Unusual Items Excluding Goodwill": "-3,966", "Total Unusual Items": "-3,966", "Normalized EBITDA": "36,639", "Tax Rate for Calcs": "0", "Tax Effect of Unusual Items": "-1,071"}}, "bs": {"6/30/2020": {"Duration": "6/30/2020", "Total Assets": "392,699", "Total Liabilities Net Minority Interest": "280,786", "Total Equity Gross Minority Interest": "111,913", "Total Capitalization": "233,913", "Preferred Stock Equity": "15", "Common Stock Equity": "111,898", "Capital Lease Obligations": "21,491", "Net Tangible Assets": "91,251", "Working Capital": "112,421", "Invested Capital": "233,898", "Tangible Book Value": "91,236", "Total Debt": "143,491", "Net Debt": "61,987", "Share Issued": "17,348", "Ordinary Shares Number": "17,348"}, "6/30/2019": {"Duration": "6/30/2019", "Total Assets": "424,610", "Total Liabilities Net Minority Interest": "267,116", "Total Equity Gross Minority Interest": "157,494", "Total Capitalization": "249,494", "Preferred Stock Equity": "15", "Common Stock Equity": "157,479", "Capital Lease Obligations": "32", "Net Tangible Assets": "92,392", "Working Capital": "63,802", "Invested Capital": "249,479", "Tangible Book Value": "92,377", "Total Debt": "92,032", "Net Debt": "85,017", "Share Issued": "17,042", "Ordinary Shares Number": "17,042"}, "6/30/2018": {"Duration": "6/30/2018", "Total Assets": "475,531", "Total Liabilities Net Minority Interest": "246,476", "Total Equity Gross Minority Interest": "229,055", "Total Capitalization": "229,055", "Preferred Stock Equity": "15", "Common Stock Equity": "229,040", "Capital Lease Obligations": "248", "Net Tangible Assets": "161,316", "Working Capital": "-4,943", "Invested Capital": "318,827", "Tangible Book Value": "161,301", "Total Debt": "90,035", "Net Debt": "87,349", "Share Issued": "16,952", "Ordinary Shares Number": "16,952"}}, "cf": {"TTM": {"Duration": "TTM", "Operating Cash Flow": "-173", "Investing Cash Flow": "-12,033", "Financing Cash Flow": "8,933", "End Cash Position": "5,857", "Income Tax Paid Supplemental Data": "-", "Interest Paid Supplemental Data": "-", "Capital Expenditure": "-18,189", "Issuance of Debt": "73,150", "Repayment of Debt": "-61,185", "Free Cash Flow": "-18,362"}, "6/30/2020": {"Duration": "6/30/2020", "Operating Cash Flow": "1,455", "Investing Cash Flow": "21,917", "Financing Cash Flow": "29,658", "End Cash Position": "60,013", "Income Tax Paid Supplemental Data": "21", "Interest Paid Supplemental Data": "4,426", "Capital Expenditure": "-17,560", "Issuance of Debt": "90,000", "Repayment of Debt": "-60,053", "Free Cash Flow": "-16,105"}, "6/30/2019": {"Duration": "6/30/2019", "Operating Cash Flow": "35,450", "Investing Cash Flow": "-32,361", "Financing Cash Flow": "1,456", "End Cash Position": "6,983", "Income Tax Paid Supplemental Data": "107", "Interest Paid Supplemental Data": "5,512", "Capital Expenditure": "-34,760", "Issuance of Debt": "50,642", "Repayment of Debt": "-48,644", "Free Cash Flow": "690"}, "6/30/2018": {"Duration": "6/30/2018", "Operating Cash Flow": "8,855", "Investing Cash Flow": "-74,640", "Financing Cash Flow": "61,982", "End Cash Position": "2,438", "Income Tax Paid Supplemental Data": "144", "Interest Paid Supplemental Data": "3,177", "Capital Expenditure": "-37,020", "Issuance of Debt": "85,315", "Repayment of Debt": "-24,096", "Free Cash Flow": "-28,165"}}}}, {"BABB": {"quote": {"05/11/2021": {"value": "0.7439", "Market Cap": "5.403M", "Beta (5Y Monthly)": "0.02", "PE Ratio (TTM)": "24.00", "EPS (TTM)": "0.0310", "Earnings Date": "Apr 12, 2021", "Forward Dividend & Yield": "0.04 (5.56%)", "Ex-Dividend Date": "Mar 31, 2021", "1y Target Est": "N/A"}}, "fin": {"TTM": {"Duration": "TTM", "Total Revenue": "2,372", "Cost of Revenue": "671.659", "Gross Profit": "1,700", "Operating Expense": "1,466", "Operating Income": "233.391", "Net Non Operating Interest Income Expense": "0.378", "Pretax Income": "233.769", "Tax Provision": "299.94", "Net Income Common Stockholders": "-66.171", "Diluted NI Available to Com Stockholders": "-66.171", "Basic EPS": "-", "Diluted EPS": "-", "Basic Average Shares": "-", "Diluted Average Shares": "-", "Total Operating Income as Reported": "233.391", "Rent Expense Supplemental": "133.053", "Total Expenses": "2,138", "Net Income from Continuing & Discontinued Operation": "-66.171", "Normalized Income": "-66.171", "Interest Income": "0.378", "Interest Expense": "-", "Net Interest Income": "0.378", "EBIT": "233.391", "EBITDA": "236.953", "Reconciled Cost of Revenue": "671.659", "Reconciled Depreciation": "3.562", "Net Income from Continuing Operation Net Minority Interest": "-66.171", "Normalized EBITDA": "236.953", "Tax Rate for Calcs": "0", "Tax Effect of Unusual Items": "0"}, "11/30/2020": {"Duration": "11/30/2020", "Total Revenue": "2,372", "Cost of Revenue": "671.659", "Gross Profit": "1,700", "Operating Expense": "1,466", "Operating Income": "233.391", "Net Non Operating Interest Income Expense": "0.378", "Pretax Income": "233.769", "Tax Provision": "299.94", "Net Income Common Stockholders": "-66.171", "Diluted NI Available to Com Stockholders": "-66.171", "Basic EPS": "-", "Diluted EPS": "-", "Basic Average Shares": "-", "Diluted Average Shares": "-", "Total Operating Income as Reported": "233.391", "Rent Expense Supplemental": "133.053", "Total Expenses": "2,138", "Net Income from Continuing & Discontinued Operation": "-66.171", "Normalized Income": "-66.171", "Interest Income": "0.378", "Interest Expense": "-", "Net Interest Income": "0.378", "EBIT": "233.391", "EBITDA": "-", "Reconciled Cost of Revenue": "671.659", "Reconciled Depreciation": "3.562", "Net Income from Continuing Operation Net Minority Interest": "-66.171", "Normalized EBITDA": "236.953", "Tax Rate for Calcs": "0", "Tax Effect of Unusual Items": "0"}, "11/30/2019": {"Duration": "11/30/2019", "Total Revenue": "3,070", "Cost of Revenue": "987.943", "Gross Profit": "2,082", "Operating Expense": "1,608", "Operating Income": "473.481", "Net Non Operating Interest Income Expense": "0.612", "Pretax Income": "474.093", "Tax Provision": "25", "Net Income Common Stockholders": "449.093", "Diluted NI Available to Com Stockholders": "449.093", "Basic EPS": "0.06", "Diluted EPS": "0.06", "Basic Average Shares": "7,264", "Diluted Average Shares": "7,264", "Total Operating Income as Reported": "473.481", "Rent Expense Supplemental": "119.379", "Total Expenses": "2,596", "Net Income from Continuing & Discontinued Operation": "449.093", "Normalized Income": "449.093", "Interest Income": "0.612", "Interest Expense": "-", "Net Interest Income": "0.612", "EBIT": "473.481", "EBITDA": "-", "Reconciled Cost of Revenue": "987.943", "Reconciled Depreciation": "2.057", "Net Income from Continuing Operation Net Minority Interest": "449.093", "Normalized EBITDA": "475.538", "Tax Rate for Calcs": "0", "Tax Effect of Unusual Items": "0"}, "11/30/2018": {"Duration": "11/30/2018", "Total Revenue": "2,173", "Cost of Revenue": "-", "Gross Profit": "-", "Operating Expense": "1,636", "Operating Income": "537.716", "Net Non Operating Interest Income Expense": "0.159", "Pretax Income": "537.875", "Tax Provision": "30", "Net Income Common Stockholders": "507.875", "Diluted NI Available to Com Stockholders": "507.875", "Basic EPS": "0.07", "Diluted EPS": "0.07", "Basic Average Shares": "7,264", "Diluted Average Shares": "7,264", "Total Operating Income as Reported": "537.716", "Rent Expense Supplemental": "153.614", "Total Expenses": "1,636", "Net Income from Continuing & Discontinued Operation": "507.875", "Normalized Income": "507.875", "Interest Income": "0.159", "Interest Expense": "-", "Net Interest Income": "0.159", "EBIT": "537.716", "EBITDA": "-", "Reconciled Cost of Revenue": "-", "Reconciled Depreciation": "1.21", "Net Income from Continuing Operation Net Minority Interest": "507.875", "Normalized EBITDA": "538.926", "Tax Rate for Calcs": "0", "Tax Effect of Unusual Items": "0"}}, "bs": {"11/30/2020": {"Duration": "11/30/2020", "Total Assets": "4,094", "Total Liabilities Net Minority Interest": "1,521", "Total Equity Gross Minority Interest": "2,573", "Total Capitalization": "2,573", "Common Stock Equity": "2,573", "Capital Lease Obligations": "359.243", "Net Tangible Assets": "594.091", "Working Capital": "731.543", "Invested Capital": "2,801", "Tangible Book Value": "594.091", "Total Debt": "587.398", "Share Issued": "8,467", "Ordinary Shares Number": "7,264", "Treasury Shares Number": "1,203"}, "11/30/2019": {"Duration": "11/30/2019", "Total Assets": "4,230", "Total Liabilities Net Minority Interest": "1,300", "Total Equity Gross Minority Interest": "2,930", "Total Capitalization": "2,930", "Common Stock Equity": "2,930", "Capital Lease Obligations": "451.381", "Net Tangible Assets": "961.884", "Working Capital": "813.415", "Invested Capital": "2,930", "Tangible Book Value": "961.884", "Total Debt": "451.381", "Share Issued": "8,467", "Ordinary Shares Number": "7,264", "Treasury Shares Number": "1,203"}, "11/30/2018": {"Duration": "11/30/2018", "Total Assets": "4,366", "Total Liabilities Net Minority Interest": "1,366", "Total Equity Gross Minority Interest": "3,000", "Total Capitalization": "3,000", "Common Stock Equity": "3,000", "Capital Lease Obligations": "498.044", "Net Tangible Assets": "1,037", "Working Capital": "756.394", "Invested Capital": "3,000", "Tangible Book Value": "1,037", "Total Debt": "498.044", "Share Issued": "8,467", "Ordinary Shares Number": "7,264", "Treasury Shares Number": "1,203"}}, "cf": {"TTM": {"Duration": "TTM", "Operating Cash Flow": "212.917", "Investing Cash Flow": "-13.278", "Financing Cash Flow": "-62.385", "End Cash Position": "1,633", "Income Tax Paid Supplemental Data": "36.012", "Interest Paid Supplemental Data": "0", "Capital Expenditure": "-13.278", "Issuance of Debt": "228.155", "Repayment of Debt": "-", "Free Cash Flow": "199.639"}, "11/30/2020": {"Duration": "11/30/2020", "Operating Cash Flow": "212.917", "Investing Cash Flow": "-13.278", "Financing Cash Flow": "-62.385", "End Cash Position": "1,633", "Income Tax Paid Supplemental Data": "36.012", "Interest Paid Supplemental Data": "0", "Capital Expenditure": "-13.278", "Issuance of Debt": "228.155", "Repayment of Debt": "-", "Free Cash Flow": "199.639"}, "11/30/2019": {"Duration": "11/30/2019", "Operating Cash Flow": "431.521", "Investing Cash Flow": "-9.268", "Financing Cash Flow": "-435.811", "End Cash Position": "1,496", "Income Tax Paid Supplemental Data": "3.05", "Interest Paid Supplemental Data": "0", "Capital Expenditure": "-9.268", "Issuance of Debt": "-", "Repayment of Debt": "-", "Free Cash Flow": "422.253"}, "11/30/2018": {"Duration": "11/30/2018", "Operating Cash Flow": "641.56", "Investing Cash Flow": "-5.775", "Financing Cash Flow": "-363.175", "End Cash Position": "1,065", "Income Tax Paid Supplemental Data": "0.969", "Interest Paid Supplemental Data": "0", "Capital Expenditure": "-10.292", "Issuance of Debt": "-", "Repayment of Debt": "-", "Free Cash Flow": "631.268"}}}}, {"K": {"quote": {"05/11/2021": {"value": "67.15", "Market Cap": "22.864B", "Beta (5Y Monthly)": "0.65", "PE Ratio (TTM)": "18.20", "EPS (TTM)": "3.69", "Earnings Date": "Aug 05, 2021", "Forward Dividend & Yield": "2.32 (3.40%)", "Ex-Dividend Date": "May 28, 2021", "1y Target Est": "67.56"}}, "fin": {"TTM": {"Duration": "TTM", "Total Revenue": "13,770,000", "Cost of Revenue": "9,043,000", "Gross Profit": "4,727,000", "Operating Expense": "2,966,000", "Operating Income": "1,761,000", "Net Non Operating Interest Income Expense": "-281,000", "Other Income Expense": "121,000", "Pretax Income": "1,601,000", "Tax Provision": "323,000", "Earnings from Equity Interest Net of Tax": "-14,000", "Net Income Common Stockholders": "1,251,000", "Diluted NI Available to Com Stockholders": "1,251,000", "Basic EPS": "-", "Diluted EPS": "-", "Basic Average Shares": "-", "Diluted Average Shares": "-", "Total Operating Income as Reported": "1,761,000", "Total Expenses": "12,009,000", "Net Income from Continuing & Discontinued Operation": "1,251,000", "Normalized Income": "1,251,000", "Interest Expense": "281,000", "Net Interest Income": "-281,000", "EBIT": "1,882,000", "EBITDA": "2,361,000", "Reconciled Cost of Revenue": "9,043,000", "Reconciled Depreciation": "479,000", "Net Income from Continuing Operation Net Minority Interest": "1,251,000", "Normalized EBITDA": "2,361,000", "Tax Rate for Calcs": "0", "Tax Effect of Unusual Items": "0"}, "12/31/2020": {"Duration": "12/31/2020", "Total Revenue": "13,770,000", "Cost of Revenue": "9,043,000", "Gross Profit": "4,727,000", "Operating Expense": "2,966,000", "Operating Income": "1,761,000", "Net Non Operating Interest Income Expense": "-281,000", "Other Income Expense": "121,000", "Pretax Income": "1,601,000", "Tax Provision": "323,000", "Earnings from Equity Interest Net of Tax": "-14,000", "Net Income Common Stockholders": "1,251,000", "Diluted NI Available to Com Stockholders": "1,251,000", "Basic EPS": "-", "Diluted EPS": "-", "Basic Average Shares": "-", "Diluted Average Shares": "-", "Total Operating Income as Reported": "1,761,000", "Total Expenses": "12,009,000", "Net Income from Continuing & Discontinued Operation": "1,251,000", "Normalized Income": "1,251,000", "Interest Expense": "281,000", "Net Interest Income": "-281,000", "EBIT": "1,882,000", "EBITDA": "-", "Reconciled Cost of Revenue": "9,043,000", "Reconciled Depreciation": "479,000", "Net Income from Continuing Operation Net Minority Interest": "1,251,000", "Normalized EBITDA": "2,361,000", "Tax Rate for Calcs": "0", "Tax Effect of Unusual Items": "0"}, "12/31/2019": {"Duration": "12/31/2019", "Total Revenue": "13,578,000", "Cost of Revenue": "9,197,000", "Gross Profit": "4,381,000", "Operating Expense": "2,980,000", "Operating Income": "1,401,000", "Net Non Operating Interest Income Expense": "-284,000", "Other Income Expense": "188,000", "Pretax Income": "1,305,000", "Tax Provision": "321,000", "Earnings from Equity Interest Net of Tax": "-7,000", "Net Income Common Stockholders": "960,000", "Diluted NI Available to Com Stockholders": "960,000", "Basic EPS": "2.81", "Diluted EPS": "2.80", "Basic Average Shares": "341,000", "Diluted Average Shares": "343,000", "Total Operating Income as Reported": "1,401,000", "Total Expenses": "12,177,000", "Net Income from Continuing & Discontinued Operation": "960,000", "Normalized Income": "960,000", "Interest Expense": "284,000", "Net Interest Income": "-284,000", "EBIT": "1,589,000", "EBITDA": "-", "Reconciled Cost of Revenue": "9,197,000", "Reconciled Depreciation": "484,000", "Net Income from Continuing Operation Net Minority Interest": "960,000", "Normalized EBITDA": "2,073,000", "Tax Rate for Calcs": "0", "Tax Effect of Unusual Items": "0"}, "12/31/2018": {"Duration": "12/31/2018", "Total Revenue": "13,547,000", "Cost of Revenue": "8,821,000", "Gross Profit": "4,726,000", "Operating Expense": "3,020,000", "Operating Income": "1,706,000", "Net Non Operating Interest Income Expense": "-287,000", "Other Income Expense": "-90,000", "Pretax Income": "1,329,000", "Tax Provision": "181,000", "Earnings from Equity Interest Net of Tax": "196,000", "Net Income Common Stockholders": "1,336,000", "Diluted NI Available to Com Stockholders": "1,336,000", "Basic EPS": "3.85", "Diluted EPS": "3.83", "Basic Average Shares": "347,000", "Diluted Average Shares": "348,000", "Total Operating Income as Reported": "1,706,000", "Total Expenses": "11,841,000", "Net Income from Continuing & Discontinued Operation": "1,336,000", "Normalized Income": "1,336,000", "Interest Expense": "287,000", "Net Interest Income": "-287,000", "EBIT": "1,616,000", "EBITDA": "-", "Reconciled Cost of Revenue": "8,821,000", "Reconciled Depreciation": "516,000", "Net Income from Continuing Operation Net Minority Interest": "1,336,000", "Normalized EBITDA": "2,132,000", "Tax Rate for Calcs": "0", "Tax Effect of Unusual Items": "0"}}, "bs": {"12/31/2020": {"Duration": "12/31/2020", "Total Assets": "17,996,000", "Total Liabilities Net Minority Interest": "14,360,000", "Total Equity Gross Minority Interest": "3,636,000", "Total Capitalization": "9,858,000", "Common Stock Equity": "3,112,000", "Capital Lease Obligations": "637,000", "Net Tangible Assets": "-5,178,000", "Working Capital": "-1,756,000", "Invested Capital": "10,587,000", "Tangible Book Value": "-5,178,000", "Total Debt": "8,112,000", "Net Debt": "7,040,000", "Share Issued": "420,962", "Ordinary Shares Number": "343,891", "Treasury Shares Number": "77,072"}, "12/31/2019": {"Duration": "12/31/2019", "Total Assets": "17,564,000", "Total Liabilities Net Minority Interest": "14,250,000", "Total Equity Gross Minority Interest": "3,314,000", "Total Capitalization": "9,942,000", "Common Stock Equity": "2,747,000", "Capital Lease Obligations": "547,000", "Net Tangible Assets": "-5,690,000", "Working Capital": "-1,347,000", "Invested Capital": "10,669,000", "Tangible Book Value": "-5,690,000", "Total Debt": "8,469,000", "Net Debt": "7,525,000", "Share Issued": "420,829", "Ordinary Shares Number": "341,543", "Treasury Shares Number": "79,286"}, "12/31/2018": {"Duration": "12/31/2018", "Total Assets": "17,780,000", "Total Liabilities Net Minority Interest": "14,621,000", "Total Equity Gross Minority Interest": "3,159,000", "Total Capitalization": "10,808,000", "Common Stock Equity": "2,601,000", "Capital Lease Obligations": "-", "Net Tangible Assets": "-6,810,000", "Working Capital": "-1,372,000", "Invested Capital": "11,494,000", "Tangible Book Value": "-6,810,000", "Total Debt": "8,893,000", "Net Debt": "8,572,000", "Share Issued": "420,667", "Ordinary Shares Number": "343,865", "Treasury Shares Number": "76,801"}}, "cf": {"TTM": {"Duration": "TTM", "Operating Cash Flow": "1,986,000", "Investing Cash Flow": "-585,000", "Financing Cash Flow": "-1,388,000", "End Cash Position": "435,000", "Income Tax Paid Supplemental Data": "281,000", "Interest Paid Supplemental Data": "249,000", "Capital Expenditure": "-505,000", "Issuance of Capital Stock": "112,000", "Issuance of Debt": "601,000", "Repayment of Debt": "-1,279,000", "Repurchase of Capital Stock": "0", "Free Cash Flow": "1,481,000"}, "12/31/2020": {"Duration": "12/31/2020", "Operating Cash Flow": "1,986,000", "Investing Cash Flow": "-585,000", "Financing Cash Flow": "-1,388,000", "End Cash Position": "435,000", "Income Tax Paid Supplemental Data": "281,000", "Interest Paid Supplemental Data": "249,000", "Capital Expenditure": "-505,000", "Issuance of Capital Stock": "112,000", "Issuance of Debt": "601,000", "Repayment of Debt": "-1,279,000", "Repurchase of Capital Stock": "0", "Free Cash Flow": "1,481,000"}, "12/31/2019": {"Duration": "12/31/2019", "Operating Cash Flow": "1,176,000", "Investing Cash Flow": "774,000", "Financing Cash Flow": "-1,905,000", "End Cash Position": "397,000", "Income Tax Paid Supplemental Data": "537,000", "Interest Paid Supplemental Data": "284,000", "Capital Expenditure": "-586,000", "Issuance of Capital Stock": "64,000", "Issuance of Debt": "142,000", "Repayment of Debt": "-1,096,000", "Repurchase of Capital Stock": "-220,000", "Free Cash Flow": "590,000"}, "12/31/2018": {"Duration": "12/31/2018", "Operating Cash Flow": "1,536,000", "Investing Cash Flow": "-948,000", "Financing Cash Flow": "-566,000", "End Cash Position": "321,000", "Income Tax Paid Supplemental Data": "188,000", "Interest Paid Supplemental Data": "280,000", "Capital Expenditure": "-578,000", "Issuance of Capital Stock": "167,000", "Issuance of Debt": "1,055,000", "Repayment of Debt": "-695,000", "Repurchase of Capital Stock": "-320,000", "Free Cash Flow": "958,000"}}}}, {"CPB": {"quote": {"05/11/2021": {"value": "50.03", "Market Cap": "15.16B", "Beta (5Y Monthly)": "0.57", "PE Ratio (TTM)": "18.82", "EPS (TTM)": "2.66", "Earnings Date": "Jun 01, 2021 - Jun 07, 2021", "Forward Dividend & Yield": "1.48 (2.95%)", "Ex-Dividend Date": "Apr 07, 2021", "1y Target Est": "51.10"}}, "fin": {"TTM": {"Duration": "TTM", "Total Revenue": "8,965,000", "Cost of Revenue": "5,850,000", "Gross Profit": "3,115,000", "Operating Expense": "1,733,000", "Operating Income": "1,382,000", "Net Non Operating Interest Income Expense": "-224,000", "Other Income Expense": "-80,000", "Pretax Income": "1,078,000", "Tax Provision": "272,000", "Net Income Common Stockholders": "808,000", "Diluted NI Available to Com Stockholders": "808,000", "Basic EPS": "-", "Diluted EPS": "-", "Basic Average Shares": "-", "Diluted Average Shares": "-", "Total Expenses": "7,583,000", "Net Income from Continuing & Discontinued Operation": "808,000", "Normalized Income": "819,458", "Interest Income": "2,000", "Interest Expense": "226,000", "Net Interest Income": "-224,000", "EBIT": "1,304,000", "EBITDA": "1,624,000", "Reconciled Cost of Revenue": "5,572,000", "Reconciled Depreciation": "320,000", "Net Income from Continuing Operation Net Minority Interest": "806,000", "Total Unusual Items Excluding Goodwill": "-18,000", "Total Unusual Items": "-18,000", "Normalized EBITDA": "1,642,000", "Tax Rate for Calcs": "0", "Tax Effect of Unusual Items": "-4,542"}, "7/31/2020": {"Duration": "7/31/2020", "Total Revenue": "8,691,000", "Cost of Revenue": "5,692,000", "Gross Profit": "2,999,000", "Operating Expense": "1,748,000", "Operating Income": "1,251,000", "Net Non Operating Interest Income Expense": "-341,000", "Other Income Expense": "-144,000", "Pretax Income": "766,000", "Tax Provision": "174,000", "Net Income Common Stockholders": "1,628,000", "Diluted NI Available to Com Stockholders": "1,628,000", "Basic EPS": "5.39", "Diluted EPS": "5.36", "Basic Average Shares": "302,000", "Diluted Average Shares": "304,000", "Total Expenses": "7,440,000", "Net Income from Continuing & Discontinued Operation": "1,628,000", "Normalized Income": "686,306", "Interest Income": "4,000", "Interest Expense": "345,000", "Net Interest Income": "-341,000", "EBIT": "1,111,000", "EBITDA": "-", "Reconciled Cost of Revenue": "5,407,000", "Reconciled Depreciation": "328,000", "Net Income from Continuing Operation Net Minority Interest": "592,000", "Total Unusual Items Excluding Goodwill": "-122,000", "Total Unusual Items": "-122,000", "Normalized EBITDA": "1,561,000", "Tax Rate for Calcs": "0", "Tax Effect of Unusual Items": "-27,694"}, "7/31/2019": {"Duration": "7/31/2019", "Total Revenue": "8,107,000", "Cost of Revenue": "5,414,000", "Gross Profit": "2,693,000", "Operating Expense": "1,591,000", "Operating Income": "1,102,000", "Net Non Operating Interest Income Expense": "-354,000", "Other Income Expense": "-123,000", "Pretax Income": "625,000", "Tax Provision": "151,000", "Net Income Common Stockholders": "211,000", "Diluted NI Available to Com Stockholders": "211,000", "Basic EPS": "0.70", "Diluted EPS": "0.70", "Basic Average Shares": "301,000", "Diluted Average Shares": "302,000", "Total Expenses": "7,005,000", "Net Income from Continuing & Discontinued Operation": "211,000", "Normalized Income": "510,384", "Interest Income": "2,000", "Interest Expense": "356,000", "Net Interest Income": "-354,000", "EBIT": "981,000", "EBITDA": "-", "Reconciled Cost of Revenue": "5,016,000", "Reconciled Depreciation": "446,000", "Net Income from Continuing Operation Net Minority Interest": "474,000", "Total Unusual Items Excluding Goodwill": "-48,000", "Total Unusual Items": "-48,000", "Normalized EBITDA": "1,475,000", "Tax Rate for Calcs": "0", "Tax Effect of Unusual Items": "-11,616"}, "7/31/2018": {"Duration": "7/31/2018", "Total Revenue": "8,685,000", "Cost of Revenue": "5,869,000", "Gross Profit": "2,816,000", "Operating Expense": "1,700,000", "Operating Income": "1,116,000", "Net Non Operating Interest Income Expense": "-197,000", "Other Income Expense": "-647,000", "Pretax Income": "272,000", "Tax Provision": "11,000", "Net Income Common Stockholders": "261,000", "Diluted NI Available to Com Stockholders": "261,000", "Basic EPS": "0.87", "Diluted EPS": "0.86", "Basic Average Shares": "301,000", "Diluted Average Shares": "302,000", "Total Expenses": "7,569,000", "Net Income from Continuing & Discontinued Operation": "261,000", "Normalized Income": "1,109,640", "Interest Income": "4,000", "Interest Expense": "201,000", "Net Interest Income": "-197,000", "EBIT": "473,000", "EBITDA": "-", "Reconciled Cost of Revenue": "5,509,000", "Reconciled Depreciation": "394,000", "Net Income from Continuing Operation Net Minority Interest": "261,000", "Total Unusual Items Excluding Goodwill": "-884,000", "Total Unusual Items": "-884,000", "Normalized EBITDA": "1,751,000", "Tax Rate for Calcs": "0", "Tax Effect of Unusual Items": "-35,360"}}, "bs": {"7/31/2020": {"Duration": "7/31/2020", "Total Assets": "12,372,000", "Total Liabilities Net Minority Interest": "9,803,000", "Total Equity Gross Minority Interest": "2,569,000", "Total Capitalization": "7,550,000", "Common Stock Equity": "2,563,000", "Capital Lease Obligations": "261,000", "Net Tangible Assets": "-4,773,000", "Working Capital": "-690,000", "Invested Capital": "8,749,000", "Tangible Book Value": "-4,773,000", "Total Debt": "6,447,000", "Net Debt": "5,327,000", "Share Issued": "323,000", "Ordinary Shares Number": "302,000", "Treasury Shares Number": "21,000"}, "7/31/2019": {"Duration": "7/31/2019", "Total Assets": "13,148,000", "Total Liabilities Net Minority Interest": "12,036,000", "Total Equity Gross Minority Interest": "1,112,000", "Total Capitalization": "8,203,000", "Common Stock Equity": "1,103,000", "Capital Lease Obligations": "24,000", "Net Tangible Assets": "-6,329,000", "Working Capital": "-1,418,000", "Invested Capital": "9,553,000", "Tangible Book Value": "-6,329,000", "Total Debt": "8,474,000", "Net Debt": "8,419,000", "Share Issued": "323,000", "Ordinary Shares Number": "301,000", "Treasury Shares Number": "22,000"}, "7/31/2018": {"Duration": "7/31/2018", "Total Assets": "14,529,000", "Total Liabilities Net Minority Interest": "13,156,000", "Total Equity Gross Minority Interest": "1,373,000", "Total Capitalization": "9,362,000", "Common Stock Equity": "1,364,000", "Capital Lease Obligations": "1,000", "Net Tangible Assets": "-7,412,000", "Working Capital": "-1,298,000", "Invested Capital": "11,257,000", "Tangible Book Value": "-7,412,000", "Total Debt": "9,894,000", "Net Debt": "9,667,000", "Share Issued": "323,000", "Ordinary Shares Number": "301,000", "Treasury Shares Number": "22,000"}}, "cf": {"TTM": {"Duration": "TTM", "Operating Cash Flow": "1,344,000", "Investing Cash Flow": "-216,000", "Financing Cash Flow": "-240,000", "End Cash Position": "946,000", "Capital Expenditure": "-264,000", "Issuance of Capital Stock": "19,000", "Issuance of Debt": "2,937,000", "Repayment of Debt": "-2,739,000", "Repurchase of Capital Stock": "-", "Free Cash Flow": "1,080,000"}, "7/31/2020": {"Duration": "7/31/2020", "Operating Cash Flow": "1,396,000", "Investing Cash Flow": "2,272,000", "Financing Cash Flow": "-2,987,000", "End Cash Position": "859,000", "Capital Expenditure": "-299,000", "Issuance of Capital Stock": "23,000", "Issuance of Debt": "6,617,000", "Repayment of Debt": "-9,177,000", "Repurchase of Capital Stock": "0", "Free Cash Flow": "1,097,000"}, "7/31/2019": {"Duration": "7/31/2019", "Operating Cash Flow": "1,398,000", "Investing Cash Flow": "153,000", "Financing Cash Flow": "-1,591,000", "End Cash Position": "31,000", "Capital Expenditure": "-384,000", "Issuance of Capital Stock": "0", "Issuance of Debt": "5,839,000", "Repayment of Debt": "-6,998,000", "Repurchase of Capital Stock": "0", "Free Cash Flow": "1,014,000"}, "7/31/2018": {"Duration": "7/31/2018", "Operating Cash Flow": "1,305,000", "Investing Cash Flow": "-7,197,000", "Financing Cash Flow": "5,807,000", "End Cash Position": "226,000", "Capital Expenditure": "-407,000", "Issuance of Capital Stock": "0", "Issuance of Debt": "16,446,000", "Repayment of Debt": "-10,007,000", "Repurchase of Capital Stock": "-86,000", "Free Cash Flow": "898,000"}}}}, {"MKC": {"quote": {"05/11/2021": {"value": "89.72", "Market Cap": "23.953B", "Beta (5Y Monthly)": "0.45", "PE Ratio (TTM)": "31.60", "EPS (TTM)": "2.84", "Earnings Date": "Jun 23, 2021 - Jun 28, 2021", "Forward Dividend & Yield": "1.36 (1.50%)", "Ex-Dividend Date": "Apr 09, 2021", "1y Target Est": "92.94"}}, "fin": {"TTM": {"Duration": "TTM", "Total Revenue": "5,870,800", "Cost of Revenue": "3,462,800", "Gross Profit": "2,408,000", "Operating Expense": "1,328,200", "Operating Income": "1,079,800", "Net Non Operating Interest Income Expense": "-126,300", "Other Income Expense": "-29,300", "Pretax Income": "924,200", "Tax Provision": "203,400", "Earnings from Equity Interest Net of Tax": "43,700", "Net Income Common Stockholders": "764,500", "Diluted NI Available to Com Stockholders": "764,500", "Basic EPS": "-", "Diluted EPS": "-", "Basic Average Shares": "-", "Diluted Average Shares": "-", "Total Operating Income as Reported": "1,041,600", "Total Expenses": "4,791,000", "Net Income from Continuing & Discontinued Operation": "764,500", "Normalized Income": "791,797", "Interest Income": "-", "Interest Expense": "134,100", "Net Interest Income": "-126,300", "EBIT": "1,058,300", "EBITDA": "1,229,500", "Reconciled Cost of Revenue": "3,462,800", "Reconciled Depreciation": "171,200", "Net Income from Continuing Operation Net Minority Interest": "764,500", "Total Unusual Items Excluding Goodwill": "-35,000", "Total Unusual Items": "-35,000", "Normalized EBITDA": "1,264,500", "Tax Rate for Calcs": "0", "Tax Effect of Unusual Items": "-7,703"}, "11/30/2020": {"Duration": "11/30/2020", "Total Revenue": "5,601,300", "Cost of Revenue": "3,300,900", "Gross Profit": "2,300,400", "Operating Expense": "1,281,600", "Operating Income": "1,018,800", "Net Non Operating Interest Income Expense": "-127,800", "Other Income Expense": "-9,500", "Pretax Income": "881,500", "Tax Provision": "174,900", "Earnings from Equity Interest Net of Tax": "40,800", "Net Income Common Stockholders": "747,400", "Diluted NI Available to Com Stockholders": "747,400", "Basic EPS": "-", "Diluted EPS": "-", "Basic Average Shares": "-", "Diluted Average Shares": "-", "Total Operating Income as Reported": "999,500", "Total Expenses": "4,582,500", "Net Income from Continuing & Discontinued Operation": "747,400", "Normalized Income": "760,633", "Interest Income": "7,800", "Interest Expense": "135,600", "Net Interest Income": "-127,800", "EBIT": "1,017,100", "EBITDA": "-", "Reconciled Cost of Revenue": "3,300,900", "Reconciled Depreciation": "165,000", "Net Income from Continuing Operation Net Minority Interest": "747,400", "Total Unusual Items Excluding Goodwill": "-16,500", "Total Unusual Items": "-16,500", "Normalized EBITDA": "1,198,600", "Tax Rate for Calcs": "0", "Tax Effect of Unusual Items": "-3,267"}, "11/30/2019": {"Duration": "11/30/2019", "Total Revenue": "5,347,400", "Cost of Revenue": "3,202,100", "Gross Profit": "2,145,300", "Operating Expense": "1,166,800", "Operating Income": "978,500", "Net Non Operating Interest Income Expense": "-165,200", "Other Income Expense": "5,900", "Pretax Income": "819,200", "Tax Provision": "157,400", "Earnings from Equity Interest Net of Tax": "40,900", "Net Income Common Stockholders": "702,700", "Diluted NI Available to Com Stockholders": "702,700", "Basic EPS": "2.65", "Diluted EPS": "2.62", "Basic Average Shares": "265,200", "Diluted Average Shares": "268,200", "Total Operating Income as Reported": "957,700", "Total Expenses": "4,368,900", "Net Income from Continuing & Discontinued Operation": "702,700", "Normalized Income": "707,710", "Interest Income": "-", "Interest Expense": "165,200", "Net Interest Income": "-165,200", "EBIT": "984,400", "EBITDA": "-", "Reconciled Cost of Revenue": "3,202,100", "Reconciled Depreciation": "158,800", "Net Income from Continuing Operation Net Minority Interest": "702,700", "Total Unusual Items Excluding Goodwill": "-6,200", "Total Unusual Items": "-6,200", "Normalized EBITDA": "1,149,400", "Tax Rate for Calcs": "0", "Tax Effect of Unusual Items": "-1,190"}, "11/30/2018": {"Duration": "11/30/2018", "Total Revenue": "5,408,900", "Cost of Revenue": "3,037,300", "Gross Profit": "2,371,600", "Operating Expense": "1,429,500", "Operating Income": "942,100", "Net Non Operating Interest Income Expense": "-174,600", "Other Income Expense": "-26,200", "Pretax Income": "741,300", "Tax Provision": "-157,300", "Earnings from Equity Interest Net of Tax": "34,800", "Net Income Common Stockholders": "933,400", "Diluted NI Available to Com Stockholders": "933,400", "Basic EPS": "3.55", "Diluted EPS": "3.50", "Basic Average Shares": "262,930", "Diluted Average Shares": "266,686", "Total Operating Income as Reported": "903,300", "Total Expenses": "4,466,800", "Net Income from Continuing & Discontinued Operation": "933,400", "Normalized Income": "961,724", "Interest Income": "-", "Interest Expense": "174,600", "Net Interest Income": "-174,600", "EBIT": "915,900", "EBITDA": "-", "Reconciled Cost of Revenue": "3,037,300", "Reconciled Depreciation": "150,700", "Net Income from Continuing Operation Net Minority Interest": "933,400", "Total Unusual Items Excluding Goodwill": "-38,800", "Total Unusual Items": "-38,800", "Normalized EBITDA": "1,105,400", "Tax Rate for Calcs": "0", "Tax Effect of Unusual Items": "-10,476"}}, "bs": {"11/30/2020": {"Duration": "11/30/2020", "Total Assets": "12,089,700", "Total Liabilities Net Minority Interest": "8,149,700", "Total Equity Gross Minority Interest": "3,940,000", "Total Capitalization": "7,679,900", "Common Stock Equity": "3,926,100", "Net Tangible Assets": "-4,415,600", "Working Capital": "-962,900", "Invested Capital": "8,830,500", "Tangible Book Value": "-4,415,600", "Total Debt": "4,904,400", "Net Debt": "4,480,800", "Share Issued": "266,900", "Ordinary Shares Number": "266,900"}, "11/30/2019": {"Duration": "11/30/2019", "Total Assets": "10,362,100", "Total Liabilities Net Minority Interest": "6,905,400", "Total Equity Gross Minority Interest": "3,456,700", "Total Capitalization": "7,070,000", "Common Stock Equity": "3,444,200", "Net Tangible Assets": "-3,984,400", "Working Capital": "-604,200", "Invested Capital": "7,768,400", "Tangible Book Value": "-3,984,400", "Total Debt": "4,324,200", "Net Debt": "4,168,800", "Share Issued": "265,800", "Ordinary Shares Number": "265,800"}, "11/30/2018": {"Duration": "11/30/2018", "Total Assets": "10,256,400", "Total Liabilities Net Minority Interest": "7,074,200", "Total Equity Gross Minority Interest": "3,182,200", "Total Capitalization": "7,223,800", "Common Stock Equity": "3,170,900", "Net Tangible Assets": "-4,230,300", "Working Capital": "-521,800", "Invested Capital": "7,867,300", "Tangible Book Value": "-4,230,300", "Total Debt": "4,696,400", "Net Debt": "4,599,800", "Share Issued": "264,200", "Ordinary Shares Number": "264,200"}}, "cf": {"TTM": {"Duration": "TTM", "Operating Cash Flow": "964,300", "Investing Cash Flow": "-1,742,500", "Financing Cash Flow": "826,500", "End Cash Position": "219,100", "Capital Expenditure": "-235,400", "Issuance of Capital Stock": "-", "Issuance of Debt": "-", "Repayment of Debt": "-239,000", "Repurchase of Capital Stock": "-27,500", "Free Cash Flow": "728,900"}, "11/30/2020": {"Duration": "11/30/2020", "Operating Cash Flow": "1,041,300", "Investing Cash Flow": "-1,025,600", "Financing Cash Flow": "220,900", "End Cash Position": "423,600", "Capital Expenditure": "-225,300", "Issuance of Capital Stock": "-", "Issuance of Debt": "527,000", "Repayment of Debt": "-257,700", "Repurchase of Capital Stock": "-47,300", "Free Cash Flow": "816,000"}, "11/30/2019": {"Duration": "11/30/2019", "Operating Cash Flow": "946,800", "Investing Cash Flow": "-171,000", "Financing Cash Flow": "-725,800", "End Cash Position": "155,400", "Capital Expenditure": "-173,700", "Issuance of Capital Stock": "0", "Issuance of Debt": "0", "Repayment of Debt": "-447,700", "Repurchase of Capital Stock": "-95,100", "Free Cash Flow": "773,100"}, "11/30/2018": {"Duration": "11/30/2018", "Operating Cash Flow": "821,200", "Investing Cash Flow": "-158,500", "Financing Cash Flow": "-751,100", "End Cash Position": "96,600", "Capital Expenditure": "-169,100", "Issuance of Capital Stock": "0", "Issuance of Debt": "25,900", "Repayment of Debt": "-797,900", "Repurchase of Capital Stock": "-62,300", "Free Cash Flow": "652,100"}}}}, {"CAG": {"quote": {"05/11/2021": {"value": "37.95", "Market Cap": "18.214B", "Beta (5Y Monthly)": "0.82", "PE Ratio (TTM)": "15.62", "EPS (TTM)": "2.43", "Earnings Date": "Jun 28, 2021 - Jul 02, 2021", "Forward Dividend & Yield": "1.10 (2.88%)", "Ex-Dividend Date": "Apr 29, 2021", "1y Target Est": "38.94"}}, "fin": {"TTM": {"Duration": "TTM", "Total Revenue": "11,517,000", "Cost of Revenue": "8,210,700", "Gross Profit": "3,306,300", "Operating Expense": "1,509,900", "Operating Income": "1,796,400", "Net Non Operating Interest Income Expense": "-464,400", "Other Income Expense": "16,600", "Pretax Income": "1,348,600", "Tax Provision": "296,100", "Earnings from Equity Interest Net of Tax": "62,800", "Net Income Common Stockholders": "1,113,700", "Diluted NI Available to Com Stockholders": "1,113,700", "Basic EPS": "-", "Diluted EPS": "-", "Basic Average Shares": "-", "Diluted Average Shares": "-", "Total Expenses": "9,720,600", "Net Income from Continuing & Discontinued Operation": "1,113,700", "Normalized Income": "1,113,700", "Interest Income": "3,300", "Interest Expense": "467,700", "Net Interest Income": "-464,400", "EBIT": "1,816,300", "EBITDA": "2,204,800", "Reconciled Cost of Revenue": "8,210,700", "Reconciled Depreciation": "388,500", "Net Income from Continuing Operation Net Minority Interest": "1,113,700", "Normalized EBITDA": "2,204,800", "Tax Rate for Calcs": "0", "Tax Effect of Unusual Items": "0"}, "5/31/2020": {"Duration": "5/31/2020", "Total Revenue": "11,054,400", "Cost of Revenue": "7,984,800", "Gross Profit": "3,069,600", "Operating Expense": "1,622,500", "Operating Income": "1,447,100", "Net Non Operating Interest Income Expense": "-487,100", "Other Income Expense": "9,900", "Pretax Income": "969,900", "Tax Provision": "201,300", "Earnings from Equity Interest Net of Tax": "73,200", "Net Income Common Stockholders": "840,100", "Diluted NI Available to Com Stockholders": "840,100", "Basic EPS": "1.72", "Diluted EPS": "1.72", "Basic Average Shares": "487,300", "Diluted Average Shares": "488,600", "Total Expenses": "9,607,300", "Net Income from Continuing & Discontinued Operation": "840,100", "Normalized Income": "840,100", "Interest Income": "3,100", "Interest Expense": "490,200", "Net Interest Income": "-487,100", "EBIT": "1,460,100", "EBITDA": "-", "Reconciled Cost of Revenue": "7,984,800", "Reconciled Depreciation": "388,900", "Net Income from Continuing Operation Net Minority Interest": "840,100", "Normalized EBITDA": "1,849,000", "Tax Rate for Calcs": "0", "Tax Effect of Unusual Items": "0"}, "5/31/2019": {"Duration": "5/31/2019", "Total Revenue": "9,538,400", "Cost of Revenue": "6,885,400", "Gross Profit": "2,653,000", "Operating Expense": "1,473,400", "Operating Income": "1,179,600", "Net Non Operating Interest Income Expense": "-391,400", "Other Income Expense": "35,100", "Pretax Income": "823,300", "Tax Provision": "218,800", "Earnings from Equity Interest Net of Tax": "75,800", "Net Income Common Stockholders": "678,300", "Diluted NI Available to Com Stockholders": "678,300", "Basic EPS": "1.53", "Diluted EPS": "1.52", "Basic Average Shares": "444,000", "Diluted Average Shares": "445,600", "Total Expenses": "8,358,800", "Net Income from Continuing & Discontinued Operation": "678,300", "Normalized Income": "680,200", "Interest Income": "6,800", "Interest Expense": "398,200", "Net Interest Income": "-391,400", "EBIT": "1,221,500", "EBITDA": "-", "Reconciled Cost of Revenue": "6,885,400", "Reconciled Depreciation": "333,000", "Net Income from Continuing Operation Net Minority Interest": "680,200", "Normalized EBITDA": "1,554,500", "Tax Rate for Calcs": "0", "Tax Effect of Unusual Items": "0"}, "5/31/2018": {"Duration": "5/31/2018", "Total Revenue": "7,938,300", "Cost of Revenue": "5,586,800", "Gross Profit": "2,351,500", "Operating Expense": "1,318,000", "Operating Income": "1,033,500", "Net Non Operating Interest Income Expense": "-158,700", "Other Income Expense": "-", "Pretax Income": "874,800", "Tax Provision": "174,600", "Earnings from Equity Interest Net of Tax": "97,300", "Net Income Common Stockholders": "808,400", "Diluted NI Available to Com Stockholders": "808,400", "Basic EPS": "2.00", "Diluted EPS": "1.98", "Basic Average Shares": "403,900", "Diluted Average Shares": "407,400", "Total Expenses": "6,904,800", "Net Income from Continuing & Discontinued Operation": "808,400", "Normalized Income": "794,100", "Interest Income": "3,800", "Interest Expense": "162,500", "Net Interest Income": "-158,700", "EBIT": "1,037,300", "EBITDA": "-", "Reconciled Cost of Revenue": "5,586,800", "Reconciled Depreciation": "257,000", "Net Income from Continuing Operation Net Minority Interest": "794,100", "Normalized EBITDA": "1,294,300", "Tax Rate for Calcs": "0", "Tax Effect of Unusual Items": "0"}}, "bs": {"5/31/2020": {"Duration": "5/31/2020", "Total Assets": "22,304,000", "Total Liabilities Net Minority Interest": "14,353,300", "Total Equity Gross Minority Interest": "7,950,700", "Total Capitalization": "16,776,900", "Common Stock Equity": "7,876,100", "Capital Lease Obligations": "206,100", "Net Tangible Assets": "-7,875,900", "Working Capital": "-401,500", "Invested Capital": "17,623,500", "Tangible Book Value": "-7,875,900", "Total Debt": "9,953,500", "Net Debt": "9,194,100", "Share Issued": "584,219", "Ordinary Shares Number": "487,162", "Treasury Shares Number": "97,057"}, "5/31/2019": {"Duration": "5/31/2019", "Total Assets": "22,213,800", "Total Liabilities Net Minority Interest": "14,750,100", "Total Equity Gross Minority Interest": "7,463,700", "Total Capitalization": "18,040,300", "Common Stock Equity": "7,384,600", "Capital Lease Obligations": "20,600", "Net Tangible Assets": "-8,776,400", "Working Capital": "591,200", "Invested Capital": "18,041,300", "Tangible Book Value": "-8,776,400", "Total Debt": "10,677,300", "Net Debt": "10,420,100", "Share Issued": "584,219", "Ordinary Shares Number": "486,085", "Treasury Shares Number": "98,134"}, "5/31/2018": {"Duration": "5/31/2018", "Total Assets": "10,389,500", "Total Liabilities Net Minority Interest": "6,632,900", "Total Equity Gross Minority Interest": "3,756,600", "Total Capitalization": "6,907,700", "Common Stock Equity": "3,676,200", "Capital Lease Obligations": "-", "Net Tangible Assets": "-2,110,800", "Working Capital": "-397,300", "Invested Capital": "7,492,000", "Tangible Book Value": "-2,110,800", "Total Debt": "3,815,800", "Net Debt": "3,687,800", "Share Issued": "567,907", "Ordinary Shares Number": "390,829", "Treasury Shares Number": "177,078"}}, "cf": {"TTM": {"Duration": "TTM", "Operating Cash Flow": "1,956,500", "Investing Cash Flow": "-384,100", "Financing Cash Flow": "-1,698,900", "End Cash Position": "66,500", "Capital Expenditure": "-467,800", "Issuance of Capital Stock": "298,600", "Issuance of Debt": "988,200", "Repayment of Debt": "-2,618,300", "Repurchase of Capital Stock": "0", "Free Cash Flow": "1,488,700"}, "5/31/2020": {"Duration": "5/31/2020", "Operating Cash Flow": "1,842,600", "Investing Cash Flow": "-153,800", "Financing Cash Flow": "-1,370,400", "End Cash Position": "554,300", "Capital Expenditure": "-369,500", "Issuance of Capital Stock": "0", "Issuance of Debt": "0", "Repayment of Debt": "-947,500", "Repurchase of Capital Stock": "0", "Free Cash Flow": "1,473,100"}, "5/31/2019": {"Duration": "5/31/2019", "Operating Cash Flow": "1,125,500", "Investing Cash Flow": "-5,166,000", "Financing Cash Flow": "4,149,800", "End Cash Position": "237,600", "Capital Expenditure": "-353,100", "Issuance of Capital Stock": "555,700", "Issuance of Debt": "8,310,500", "Repayment of Debt": "-3,972,700", "Repurchase of Capital Stock": "0", "Free Cash Flow": "772,400"}, "5/31/2018": {"Duration": "5/31/2018", "Operating Cash Flow": "954,200", "Investing Cash Flow": "-576,200", "Financing Cash Flow": "-506,900", "End Cash Position": "128,000", "Capital Expenditure": "-251,600", "Issuance of Capital Stock": "-", "Issuance of Debt": "797,000", "Repayment of Debt": "-242,300", "Repurchase of Capital Stock": "-967,300", "Free Cash Flow": "702,600"}}}}, {"SJM": {"quote": {"05/11/2021": {"value": "136.82", "Market Cap": "14.819B", "Beta (5Y Monthly)": "0.32", "PE Ratio (TTM)": "16.27", "EPS (TTM)": "8.41", "Earnings Date": "Jun 02, 2021", "Forward Dividend & Yield": "3.60 (2.60%)", "Ex-Dividend Date": "May 13, 2021", "1y Target Est": "118.08"}}, "fin": {"TTM": {"Duration": "TTM", "Total Revenue": "8,174,500", "Cost of Revenue": "4,983,100", "Gross Profit": "3,191,400", "Operating Expense": "1,688,300", "Operating Income": "1,503,100", "Net Non Operating Interest Income Expense": "-180,300", "Other Income Expense": "-45,800", "Pretax Income": "1,277,000", "Tax Provision": "321,400", "Net Income Common Stockholders": "951,300", "Diluted NI Available to Com Stockholders": "951,300", "Basic EPS": "-", "Diluted EPS": "-", "Basic Average Shares": "-", "Diluted Average Shares": "-", "Total Operating Income as Reported": "1,494,800", "Total Expenses": "6,671,400", "Net Income from Continuing & Discontinued Operation": "955,600", "Normalized Income": "961,811", "Interest Expense": "180,300", "Net Interest Income": "-180,300", "EBIT": "1,457,300", "EBITDA": "1,908,500", "Reconciled Cost of Revenue": "4,767,900", "Reconciled Depreciation": "451,200", "Net Income from Continuing Operation Net Minority Interest": "955,600", "Total Unusual Items Excluding Goodwill": "-8,300", "Total Unusual Items": "-8,300", "Normalized EBITDA": "1,916,800", "Tax Rate for Calcs": "0", "Tax Effect of Unusual Items": "-2,089"}, "4/30/2020": {"Duration": "4/30/2020", "Total Revenue": "7,801,000", "Cost of Revenue": "4,799,000", "Gross Profit": "3,002,000", "Operating Expense": "1,710,000", "Operating Income": "1,292,000", "Net Non Operating Interest Income Expense": "-189,200", "Other Income Expense": "-76,100", "Pretax Income": "1,026,700", "Tax Provision": "247,200", "Net Income Common Stockholders": "775,100", "Diluted NI Available to Com Stockholders": "775,100", "Basic EPS": "6.84", "Diluted EPS": "6.84", "Basic Average Shares": "114,000", "Diluted Average Shares": "114,000", "Total Operating Income as Reported": "1,223,100", "Total Expenses": "6,509,000", "Net Income from Continuing & Discontinued Operation": "779,500", "Normalized Income": "831,795", "Interest Expense": "189,200", "Net Interest Income": "-189,200", "EBIT": "1,215,900", "EBITDA": "-", "Reconciled Cost of Revenue": "4,588,800", "Reconciled Depreciation": "446,500", "Net Income from Continuing Operation Net Minority Interest": "779,500", "Total Unusual Items Excluding Goodwill": "-68,900", "Total Unusual Items": "-68,900", "Normalized EBITDA": "1,731,300", "Tax Rate for Calcs": "0", "Tax Effect of Unusual Items": "-16,605"}, "4/30/2019": {"Duration": "4/30/2019", "Total Revenue": "7,838,000", "Cost of Revenue": "4,922,300", "Gross Profit": "2,915,700", "Operating Expense": "1,717,900", "Operating Income": "1,197,800", "Net Non Operating Interest Income Expense": "-207,900", "Other Income Expense": "-288,300", "Pretax Income": "701,600", "Tax Provision": "187,200", "Net Income Common Stockholders": "511,800", "Diluted NI Available to Com Stockholders": "511,800", "Basic EPS": "4.52", "Diluted EPS": "4.52", "Basic Average Shares": "113,700", "Diluted Average Shares": "113,700", "Total Operating Income as Reported": "928,600", "Total Expenses": "6,640,200", "Net Income from Continuing & Discontinued Operation": "514,400", "Normalized Income": "711,724", "Interest Expense": "207,900", "Net Interest Income": "-207,900", "EBIT": "909,500", "EBITDA": "-", "Reconciled Cost of Revenue": "4,716,300", "Reconciled Depreciation": "446,300", "Net Income from Continuing Operation Net Minority Interest": "514,400", "Total Unusual Items Excluding Goodwill": "-269,200", "Total Unusual Items": "-269,200", "Normalized EBITDA": "1,625,000", "Tax Rate for Calcs": "0", "Tax Effect of Unusual Items": "-71,876"}, "4/30/2018": {"Duration": "4/30/2018", "Total Revenue": "7,357,100", "Cost of Revenue": "4,521,000", "Gross Profit": "2,836,100", "Operating Expense": "1,577,700", "Operating Income": "1,258,400", "Net Non Operating Interest Income Expense": "-174,100", "Other Income Expense": "-223,300", "Pretax Income": "861,000", "Tax Provision": "-477,600", "Net Income Common Stockholders": "1,331,800", "Diluted NI Available to Com Stockholders": "1,331,800", "Basic EPS": "11.79", "Diluted EPS": "11.78", "Basic Average Shares": "113,600", "Diluted Average Shares": "113,600", "Total Operating Income as Reported": "1,036,100", "Total Expenses": "6,098,700", "Net Income from Continuing & Discontinued Operation": "1,338,600", "Normalized Income": "1,500,879", "Interest Expense": "174,100", "Net Interest Income": "-174,100", "EBIT": "1,035,100", "EBITDA": "-", "Reconciled Cost of Revenue": "4,314,700", "Reconciled Depreciation": "413,100", "Net Income from Continuing Operation Net Minority Interest": "1,338,600", "Total Unusual Items Excluding Goodwill": "-222,300", "Total Unusual Items": "-222,300", "Normalized EBITDA": "1,670,500", "Tax Rate for Calcs": "0", "Tax Effect of Unusual Items": "-60,021"}}, "bs": {"4/30/2020": {"Duration": "4/30/2020", "Total Assets": "16,970,400", "Total Liabilities Net Minority Interest": "8,779,500", "Total Equity Gross Minority Interest": "8,190,900", "Total Capitalization": "13,564,200", "Common Stock Equity": "8,190,900", "Capital Lease Obligations": "162,200", "Net Tangible Assets": "-4,542,600", "Working Capital": "385,600", "Invested Capital": "13,812,200", "Tangible Book Value": "-4,542,600", "Total Debt": "5,783,500", "Net Debt": "5,230,200", "Share Issued": "146,498", "Ordinary Shares Number": "114,073", "Treasury Shares Number": "32,425"}, "4/30/2019": {"Duration": "4/30/2019", "Total Assets": "16,711,300", "Total Liabilities Net Minority Interest": "8,740,800", "Total Equity Gross Minority Interest": "7,970,500", "Total Capitalization": "12,656,800", "Common Stock Equity": "7,970,500", "Capital Lease Obligations": "-", "Net Tangible Assets": "-5,059,200", "Working Capital": "-716,300", "Invested Capital": "13,881,300", "Tangible Book Value": "-5,059,200", "Total Debt": "5,910,800", "Net Debt": "5,809,500", "Share Issued": "146,498", "Ordinary Shares Number": "113,742", "Treasury Shares Number": "32,755"}, "4/30/2018": {"Duration": "4/30/2018", "Total Assets": "15,301,200", "Total Liabilities Net Minority Interest": "7,410,100", "Total Equity Gross Minority Interest": "7,891,100", "Total Capitalization": "12,579,100", "Common Stock Equity": "7,891,100", "Capital Lease Obligations": "-", "Net Tangible Assets": "-3,967,600", "Working Capital": "521,200", "Invested Capital": "12,723,100", "Tangible Book Value": "-3,967,600", "Total Debt": "4,832,000", "Net Debt": "4,639,400", "Share Issued": "146,498", "Ordinary Shares Number": "113,573", "Treasury Shares Number": "32,925"}}, "cf": {"TTM": {"Duration": "TTM", "Operating Cash Flow": "1,561,700", "Investing Cash Flow": "325,200", "Financing Cash Flow": "-1,463,200", "End Cash Position": "498,100", "Capital Expenditure": "-275,100", "Issuance of Debt": "-", "Repayment of Debt": "-1,200,000", "Repurchase of Capital Stock": "-504,000", "Free Cash Flow": "1,286,600"}, "4/30/2020": {"Duration": "4/30/2020", "Operating Cash Flow": "1,254,800", "Investing Cash Flow": "-271,500", "Financing Cash Flow": "-688,700", "End Cash Position": "391,100", "Capital Expenditure": "-269,300", "Issuance of Debt": "798,200", "Repayment of Debt": "-900,000", "Repurchase of Capital Stock": "-4,200", "Free Cash Flow": "985,500"}, "4/30/2019": {"Duration": "4/30/2019", "Operating Cash Flow": "1,141,200", "Investing Cash Flow": "-1,924,200", "Financing Cash Flow": "699,000", "End Cash Position": "101,300", "Capital Expenditure": "-359,800", "Issuance of Debt": "1,782,000", "Repayment of Debt": "-700,000", "Repurchase of Capital Stock": "-5,400", "Free Cash Flow": "781,400"}, "4/30/2018": {"Duration": "4/30/2018", "Operating Cash Flow": "1,218,000", "Investing Cash Flow": "-277,600", "Financing Cash Flow": "-922,000", "End Cash Position": "192,600", "Capital Expenditure": "-321,900", "Issuance of Debt": "799,600", "Repayment of Debt": "-1,360,300", "Repurchase of Capital Stock": "-7,000", "Free Cash Flow": "896,100"}}}}, {"JVA": {"quote": {"04/03/2021": {"value": "5.03", "Market Cap": "28.714M", "Beta (5Y Monthly)": "1.44", "PE Ratio (TTM)": "23.84", "EPS (TTM)": "0.21", "Earnings Date": "Jun 14, 2021 - Jun 18, 2021", "Forward Dividend & Yield": "N/A (N/A)", "Ex-Dividend Date": "Dec 13, 2012", "1y Target Est": "N/A"}}, "fin": {"TTM": {"Duration": "TTM", "Total Revenue": "73,184", "Cost of Revenue": "58,740", "Gross Profit": "14,444", "Operating Expense": "13,542", "Operating Income": "901.363", "Net Non Operating Interest Income Expense": "-153.092", "Other Income Expense": "628.097", "Pretax Income": "1,376", "Tax Provision": "404.946", "Net Income Common Stockholders": "1,183", "Diluted NI Available to Com Stockholders": "1,183", "Basic EPS": "-", "Diluted EPS": "-", "Basic Average Shares": "-", "Diluted Average Shares": "-", "Total Operating Income as Reported": "901.363", "Total Expenses": "72,283", "Net Income from Continuing & Discontinued Operation": "1,183", "Normalized Income": "1,183", "Interest Income": "3.02", "Interest Expense": "156.112", "Net Interest Income": "-153.092", "EBIT": "1,532", "EBITDA": "2,658", "Reconciled Cost of Revenue": "58,740", "Reconciled Depreciation": "1,125", "Net Income from Continuing Operation Net Minority Interest": "1,183", "Normalized EBITDA": "2,658", "Tax Rate for Calcs": "0", "Tax Effect of Unusual Items": "0"}, "10/31/2020": {"Duration": "10/31/2020", "Total Revenue": "74,336", "Cost of Revenue": "61,257", "Gross Profit": "13,079", "Operating Expense": "13,904", "Operating Income": "-825.318", "Net Non Operating Interest Income Expense": "-181.823", "Other Income Expense": "629.384", "Pretax Income": "-377.757", "Tax Provision": "-41.713", "Net Income Common Stockholders": "-94.301", "Diluted NI Available to Com Stockholders": "-94.301", "Basic EPS": "-0.02", "Diluted EPS": "-0.02", "Basic Average Shares": "5,575", "Diluted Average Shares": "5,575", "Total Operating Income as Reported": "-825.318", "Total Expenses": "75,161", "Net Income from Continuing & Discontinued Operation": "-94.301", "Normalized Income": "-94.301", "Interest Income": "3.354", "Interest Expense": "185.177", "Net Interest Income": "-181.823", "EBIT": "-192.58", "EBITDA": "-", "Reconciled Cost of Revenue": "61,257", "Reconciled Depreciation": "1,139", "Net Income from Continuing Operation Net Minority Interest": "-94.301", "Normalized EBITDA": "946.717", "Tax Rate for Calcs": "0", "Tax Effect of Unusual Items": "0"}, "10/31/2019": {"Duration": "10/31/2019", "Total Revenue": "86,467", "Cost of Revenue": "70,708", "Gross Profit": "15,759", "Operating Expense": "15,219", "Operating Income": "540.529", "Net Non Operating Interest Income Expense": "-243.546", "Other Income Expense": "-3.769", "Pretax Income": "293.214", "Tax Provision": "29.208", "Net Income Common Stockholders": "-94.598", "Diluted NI Available to Com Stockholders": "-94.598", "Basic EPS": "-0.02", "Diluted EPS": "-0.02", "Basic Average Shares": "5,569", "Diluted Average Shares": "5,569", "Total Operating Income as Reported": "540.529", "Total Expenses": "85,927", "Net Income from Continuing & Discontinued Operation": "-94.598", "Normalized Income": "-94.598", "Interest Income": "11.046", "Interest Expense": "254.592", "Net Interest Income": "-243.546", "EBIT": "547.806", "EBITDA": "-", "Reconciled Cost of Revenue": "70,708", "Reconciled Depreciation": "742.637", "Net Income from Continuing Operation Net Minority Interest": "-94.598", "Normalized EBITDA": "1,290", "Tax Rate for Calcs": "0", "Tax Effect of Unusual Items": "0"}, "10/31/2018": {"Duration": "10/31/2018", "Total Revenue": "90,655", "Cost of Revenue": "75,041", "Gross Profit": "15,614", "Operating Expense": "13,213", "Operating Income": "2,401", "Net Non Operating Interest Income Expense": "-357.358", "Other Income Expense": "-4.867", "Pretax Income": "2,039", "Tax Provision": "511.532", "Net Income Common Stockholders": "1,059", "Diluted NI Available to Com Stockholders": "1,059", "Basic EPS": "0.19", "Diluted EPS": "0.19", "Basic Average Shares": "5,691", "Diluted Average Shares": "5,691", "Total Operating Income as Reported": "2,401", "Total Expenses": "88,254", "Net Income from Continuing & Discontinued Operation": "1,059", "Normalized Income": "1,059", "Interest Income": "13.347", "Interest Expense": "370.705", "Net Interest Income": "-357.358", "EBIT": "2,410", "EBITDA": "-", "Reconciled Cost of Revenue": "75,041", "Reconciled Depreciation": "740.454", "Net Income from Continuing Operation Net Minority Interest": "1,059", "Normalized EBITDA": "3,150", "Tax Rate for Calcs": "0", "Tax Effect of Unusual Items": "0"}}, "bs": {"10/31/2020": {"Duration": "10/31/2020", "Total Assets": "38,480", "Total Liabilities Net Minority Interest": "10,737", "Total Equity Gross Minority Interest": "27,744", "Total Capitalization": "30,333", "Common Stock Equity": "26,519", "Capital Lease Obligations": "2,264", "Net Tangible Assets": "22,002", "Working Capital": "24,040", "Invested Capital": "30,338", "Tangible Book Value": "22,002", "Total Debt": "6,084", "Net Debt": "944.069", "Share Issued": "6,634", "Ordinary Shares Number": "5,709", "Treasury Shares Number": "925.331"}, "10/31/2019": {"Duration": "10/31/2019", "Total Assets": "39,687", "Total Liabilities Net Minority Interest": "12,956", "Total Equity Gross Minority Interest": "26,731", "Total Capitalization": "25,264", "Common Stock Equity": "25,264", "Capital Lease Obligations": "-", "Net Tangible Assets": "20,685", "Working Capital": "20,228", "Invested Capital": "32,432", "Tangible Book Value": "20,685", "Total Debt": "7,168", "Net Debt": "4,765", "Share Issued": "6,495", "Ordinary Shares Number": "5,569", "Treasury Shares Number": "925.331"}, "10/31/2018": {"Duration": "10/31/2018", "Total Assets": "38,834", "Total Liabilities Net Minority Interest": "12,844", "Total Equity Gross Minority Interest": "25,990", "Total Capitalization": "24,882", "Common Stock Equity": "24,882", "Capital Lease Obligations": "-", "Net Tangible Assets": "20,240", "Working Capital": "19,571", "Invested Capital": "31,212", "Tangible Book Value": "20,240", "Total Debt": "6,330", "Net Debt": "1,719", "Share Issued": "6,495", "Ordinary Shares Number": "5,569", "Treasury Shares Number": "925.331"}}, "cf": {"TTM": {"Duration": "TTM", "Operating Cash Flow": "5,430", "Investing Cash Flow": "-532.012", "Financing Cash Flow": "-4,921", "End Cash Position": "2,729", "Income Tax Paid Supplemental Data": "-5.628", "Interest Paid Supplemental Data": "166.326", "Capital Expenditure": "-430.107", "Issuance of Debt": "541.942", "Repayment of Debt": "-5,463", "Repurchase of Capital Stock": "-", "Free Cash Flow": "5,000"}, "10/31/2020": {"Duration": "10/31/2020", "Operating Cash Flow": "4,386", "Investing Cash Flow": "-537.835", "Financing Cash Flow": "-3,375", "End Cash Position": "2,875", "Income Tax Paid Supplemental Data": "3.739", "Interest Paid Supplemental Data": "196.823", "Capital Expenditure": "-435.93", "Issuance of Debt": "1,141", "Repayment of Debt": "-4,516", "Repurchase of Capital Stock": "-", "Free Cash Flow": "3,950"}, "10/31/2019": {"Duration": "10/31/2019", "Operating Cash Flow": "-2,149", "Investing Cash Flow": "-897.683", "Financing Cash Flow": "837.471", "End Cash Position": "2,403", "Income Tax Paid Supplemental Data": "-", "Interest Paid Supplemental Data": "-", "Capital Expenditure": "-743.41", "Issuance of Debt": "1,408", "Repayment of Debt": "-570.255", "Repurchase of Capital Stock": "-", "Free Cash Flow": "-2,892"}, "10/31/2018": {"Duration": "10/31/2018", "Operating Cash Flow": "8,693", "Investing Cash Flow": "-3,061", "Financing Cash Flow": "-3,347", "End Cash Position": "4,611", "Income Tax Paid Supplemental Data": "-", "Interest Paid Supplemental Data": "-", "Capital Expenditure": "-383.516", "Issuance of Debt": "3,810", "Repayment of Debt": "-6,028", "Repurchase of Capital Stock": "-1,129", "Free Cash Flow": "8,310"}}}}, {"OME": {"quote": {"05/11/2021": {"value": "", "Net Assets": "N/A", "Beta (5Y Monthly)": "N/A", "Yield": "N/A", "5y Average Return": "N/A", "Holdings Turnover": "N/A", "Last Dividend": "N/A", "Average for Category": "N/A", "Inception Date": "N/A"}}, "fin": {}, "bs": {}, "cf": {}}}, {"JJSF": {"quote": {"05/11/2021": {"value": "165.56", "Market Cap": "3.152B", "Beta (5Y Monthly)": "0.58", "PE Ratio (TTM)": "1,881.36", "EPS (TTM)": "0.09", "Earnings Date": "Jul 26, 2021 - Jul 30, 2021", "Forward Dividend & Yield": "2.30 (1.39%)", "Ex-Dividend Date": "Mar 19, 2021", "1y Target Est": "173.00"}}, "fin": {"TTM": {"Duration": "TTM", "Total Revenue": "980,138", "Cost of Revenue": "769,447", "Gross Profit": "210,691", "Operating Expense": "208,235", "Operating Income": "2,456", "Net Non Operating Interest Income Expense": "-73", "Other Income Expense": "-2,447", "Pretax Income": "-64", "Tax Provision": "-3,088", "Net Income Common Stockholders": "3,024", "Diluted NI Available to Com Stockholders": "3,024", "Basic EPS": "-", "Diluted EPS": "-", "Basic Average Shares": "-", "Diluted Average Shares": "-", "Total Operating Income as Reported": "-3,931", "Total Expenses": "977,682", "Net Income from Continuing & Discontinued Operation": "3,024", "Normalized Income": "147.8", "Interest Income": "1,879", "Interest Expense": "73", "Net Interest Income": "-73", "EBIT": "9", "EBITDA": "53,275", "Reconciled Cost of Revenue": "769,447", "Reconciled Depreciation": "53,266", "Net Income from Continuing Operation Net Minority Interest": "3,024", "Total Unusual Items Excluding Goodwill": "3,940", "Total Unusual Items": "3,940", "Normalized EBITDA": "49,335", "Tax Rate for Calcs": "0", "Tax Effect of Unusual Items": "1,064"}, "9/30/2020": {"Duration": "9/30/2020", "Total Revenue": "1,022,038", "Cost of Revenue": "783,611", "Gross Profit": "238,427", "Operating Expense": "214,846", "Operating Income": "23,581", "Net Non Operating Interest Income Expense": "-84", "Other Income Expense": "-2,031", "Pretax Income": "21,466", "Tax Provision": "3,161", "Net Income Common Stockholders": "18,305", "Diluted NI Available to Com Stockholders": "18,305", "Basic EPS": "0.97", "Diluted EPS": "0.96", "Basic Average Shares": "18,901", "Diluted Average Shares": "19,032", "Total Operating Income as Reported": "17,194", "Total Expenses": "998,457", "Net Income from Continuing & Discontinued Operation": "18,305", "Normalized Income": "19,828", "Interest Income": "-", "Interest Expense": "84", "Net Interest Income": "-84", "EBIT": "21,550", "EBITDA": "-", "Reconciled Cost of Revenue": "783,611", "Reconciled Depreciation": "53,048", "Net Income from Continuing Operation Net Minority Interest": "18,305", "Total Unusual Items Excluding Goodwill": "-2,031", "Total Unusual Items": "-2,031", "Normalized EBITDA": "76,629", "Tax Rate for Calcs": "0", "Tax Effect of Unusual Items": "-507.75"}, "9/30/2019": {"Duration": "9/30/2019", "Total Revenue": "1,186,487", "Cost of Revenue": "836,086", "Gross Profit": "350,401", "Operating Expense": "233,445", "Operating Income": "116,956", "Net Non Operating Interest Income Expense": "1,880", "Other Income Expense": "7,741", "Pretax Income": "126,577", "Tax Provision": "31,758", "Net Income Common Stockholders": "94,819", "Diluted NI Available to Com Stockholders": "94,819", "Basic EPS": "5.04", "Diluted EPS": "5.00", "Basic Average Shares": "18,812", "Diluted Average Shares": "18,959", "Total Operating Income as Reported": "116,956", "Total Expenses": "1,069,531", "Net Income from Continuing & Discontinued Operation": "94,819", "Normalized Income": "89,075", "Interest Income": "1,880", "Interest Expense": "1,880", "Net Interest Income": "1,880", "EBIT": "116,956", "EBITDA": "-", "Reconciled Cost of Revenue": "836,086", "Reconciled Depreciation": "48,610", "Net Income from Continuing Operation Net Minority Interest": "94,819", "Total Unusual Items Excluding Goodwill": "7,741", "Total Unusual Items": "7,741", "Normalized EBITDA": "157,825", "Tax Rate for Calcs": "0", "Tax Effect of Unusual Items": "1,997"}, "9/30/2018": {"Duration": "9/30/2018", "Total Revenue": "1,138,265", "Cost of Revenue": "801,979", "Gross Profit": "336,286", "Operating Expense": "225,511", "Operating Income": "110,775", "Net Non Operating Interest Income Expense": "1,110", "Other Income Expense": "6,267", "Pretax Income": "118,152", "Tax Provision": "14,556", "Net Income Common Stockholders": "103,596", "Diluted NI Available to Com Stockholders": "103,596", "Basic EPS": "5.54", "Diluted EPS": "5.51", "Basic Average Shares": "18,694", "Diluted Average Shares": "18,817", "Total Operating Income as Reported": "110,775", "Total Expenses": "1,027,490", "Net Income from Continuing & Discontinued Operation": "103,596", "Normalized Income": "98,101", "Interest Income": "1,110", "Interest Expense": "1,110", "Net Interest Income": "1,110", "EBIT": "110,775", "EBITDA": "-", "Reconciled Cost of Revenue": "801,979", "Reconciled Depreciation": "46,477", "Net Income from Continuing Operation Net Minority Interest": "103,596", "Total Unusual Items Excluding Goodwill": "6,267", "Total Unusual Items": "6,267", "Normalized EBITDA": "150,985", "Tax Rate for Calcs": "0", "Tax Effect of Unusual Items": "772.0771"}}, "bs": {"9/30/2020": {"Duration": "9/30/2020", "Total Assets": "1,056,553", "Total Liabilities Net Minority Interest": "247,055", "Total Equity Gross Minority Interest": "809,498", "Total Capitalization": "809,498", "Common Stock Equity": "809,498", "Capital Lease Obligations": "61,578", "Net Tangible Assets": "606,043", "Working Capital": "365,431", "Invested Capital": "809,498", "Tangible Book Value": "606,043", "Total Debt": "61,578", "Share Issued": "18,915", "Ordinary Shares Number": "18,915"}, "9/30/2019": {"Duration": "9/30/2019", "Total Assets": "1,019,339", "Total Liabilities Net Minority Interest": "185,588", "Total Equity Gross Minority Interest": "833,751", "Total Capitalization": "833,751", "Common Stock Equity": "833,751", "Capital Lease Obligations": "1,057", "Net Tangible Assets": "676,318", "Working Capital": "385,123", "Invested Capital": "833,751", "Tangible Book Value": "676,318", "Total Debt": "1,057", "Share Issued": "18,895", "Ordinary Shares Number": "18,895"}, "9/30/2018": {"Duration": "9/30/2018", "Total Assets": "932,013", "Total Liabilities Net Minority Interest": "172,922", "Total Equity Gross Minority Interest": "759,091", "Total Capitalization": "759,091", "Common Stock Equity": "759,091", "Capital Lease Obligations": "1,077", "Net Tangible Assets": "598,818", "Working Capital": "264,898", "Invested Capital": "759,091", "Tangible Book Value": "598,818", "Total Debt": "1,077", "Share Issued": "18,754", "Ordinary Shares Number": "18,754"}}, "cf": {"TTM": {"Duration": "TTM", "Operating Cash Flow": "79,878", "Investing Cash Flow": "19,761", "Financing Cash Flow": "-40,971", "End Cash Position": "228,995", "Capital Expenditure": "-49,888", "Issuance of Capital Stock": "11,823", "Repayment of Debt": "-340", "Repurchase of Capital Stock": "-8,972", "Free Cash Flow": "29,990"}, "9/30/2020": {"Duration": "9/30/2020", "Operating Cash Flow": "92,143", "Investing Cash Flow": "-44,463", "Financing Cash Flow": "-43,464", "End Cash Position": "195,809", "Capital Expenditure": "-57,817", "Issuance of Capital Stock": "7,901", "Repayment of Debt": "-340", "Repurchase of Capital Stock": "-8,972", "Free Cash Flow": "34,326"}, "9/30/2019": {"Duration": "9/30/2019", "Operating Cash Flow": "147,499", "Investing Cash Flow": "-43,363", "Financing Cash Flow": "-22,826", "End Cash Position": "192,395", "Capital Expenditure": "-57,128", "Issuance of Capital Stock": "14,174", "Repayment of Debt": "-356", "Repurchase of Capital Stock": "0", "Free Cash Flow": "90,371"}, "9/30/2018": {"Duration": "9/30/2018", "Operating Cash Flow": "123,367", "Investing Cash Flow": "-73,139", "Financing Cash Flow": "-27,336", "End Cash Position": "111,479", "Capital Expenditure": "-60,022", "Issuance of Capital Stock": "8,894", "Repayment of Debt": "-370", "Repurchase of Capital Stock": "-2,794", "Free Cash Flow": "63,345"}}}}, {"SENEB": {"quote": {"05/11/2021": {"value": "46.94", "Market Cap": "423.666M", "Beta (5Y Monthly)": "0.78", "PE Ratio (TTM)": "3.26", "EPS (TTM)": "14.38", "Earnings Date": "Nov 04, 2020 - Nov 09, 2020", "Forward Dividend & Yield": "N/A (N/A)", "Ex-Dividend Date": "Oct 28, 1980", "1y Target Est": "N/A"}}, "fin": {"TTM": {"Duration": "TTM", "Total Revenue": "1,470,722", "Cost of Revenue": "1,249,131", "Gross Profit": "221,591", "Operating Expense": "45,495", "Operating Income": "176,096", "Net Non Operating Interest Income Expense": "-7,237", "Other Income Expense": "-2,017", "Pretax Income": "166,842", "Tax Provision": "34,549", "Net Income Common Stockholders": "132,170", "Average Dilution Earnings": "-", "Diluted NI Available to Com Stockholders": "132,170", "Basic EPS": "-", "Diluted EPS": "-", "Basic Average Shares": "-", "Diluted Average Shares": "-", "Total Operating Income as Reported": "175,626", "Total Expenses": "1,294,626", "Net Income from Continuing & Discontinued Operation": "132,485", "Normalized Income": "132,666", "Interest Income": "-", "Interest Expense": "7,262", "Net Interest Income": "-7,237", "EBIT": "174,104", "EBITDA": "206,695", "Reconciled Cost of Revenue": "1,249,131", "Reconciled Depreciation": "32,591", "Net Income from Continuing Operation Net Minority Interest": "132,293", "Total Unusual Items Excluding Goodwill": "-470", "Total Unusual Items": "-470", "Normalized EBITDA": "207,165", "Tax Rate for Calcs": "0", "Tax Effect of Unusual Items": "-97.3258"}, "3/31/2020": {"Duration": "3/31/2020", "Total Revenue": "1,335,769", "Cost of Revenue": "1,193,881", "Gross Profit": "141,888", "Operating Expense": "64,318", "Operating Income": "77,570", "Net Non Operating Interest Income Expense": "-11,834", "Other Income Expense": "-121", "Pretax Income": "65,615", "Tax Provision": "14,427", "Net Income Common Stockholders": "52,335", "Average Dilution Earnings": "-", "Diluted NI Available to Com Stockholders": "52,335", "Basic EPS": "5.62", "Diluted EPS": "5.58", "Basic Average Shares": "9,264", "Diluted Average Shares": "9,264", "Total Operating Income as Reported": "70,524", "Total Expenses": "1,258,199", "Net Income from Continuing & Discontinued Operation": "52,335", "Normalized Income": "56,684", "Interest Income": "25", "Interest Expense": "11,859", "Net Interest Income": "-11,834", "EBIT": "77,474", "EBITDA": "-", "Reconciled Cost of Revenue": "1,193,881", "Reconciled Depreciation": "30,933", "Net Income from Continuing Operation Net Minority Interest": "51,188", "Total Unusual Items Excluding Goodwill": "-7,046", "Total Unusual Items": "-7,046", "Normalized EBITDA": "115,453", "Tax Rate for Calcs": "0", "Tax Effect of Unusual Items": "-1,550"}, "3/31/2019": {"Duration": "3/31/2019", "Total Revenue": "1,199,581", "Cost of Revenue": "1,160,085", "Gross Profit": "39,496", "Operating Expense": "65,918", "Operating Income": "-26,422", "Net Non Operating Interest Income Expense": "-15,437", "Other Income Expense": "-7,400", "Pretax Income": "-49,259", "Tax Provision": "-12,776", "Net Income Common Stockholders": "5,678", "Average Dilution Earnings": "20", "Diluted NI Available to Com Stockholders": "5,698", "Basic EPS": "0.59", "Diluted EPS": "0.59", "Basic Average Shares": "9,652", "Diluted Average Shares": "9,652", "Total Operating Income as Reported": "-38,079", "Total Expenses": "1,226,003", "Net Income from Continuing & Discontinued Operation": "5,747", "Normalized Income": "-27,845", "Interest Income": "28", "Interest Expense": "15,465", "Net Interest Income": "-15,437", "EBIT": "-33,794", "EBITDA": "-", "Reconciled Cost of Revenue": "1,160,085", "Reconciled Depreciation": "31,235", "Net Income from Continuing Operation Net Minority Interest": "-36,483", "Total Unusual Items Excluding Goodwill": "-11,657", "Total Unusual Items": "-11,657", "Normalized EBITDA": "9,098", "Tax Rate for Calcs": "0", "Tax Effect of Unusual Items": "-3,019"}}, "bs": {"3/31/2020": {"Duration": "3/31/2020", "Total Assets": "909,309", "Total Liabilities Net Minority Interest": "514,945", "Total Equity Gross Minority Interest": "394,364", "Total Capitalization": "611,445", "Preferred Stock Equity": "681", "Common Stock Equity": "393,683", "Capital Lease Obligations": "67,126", "Net Tangible Assets": "394,364", "Working Capital": "401,946", "Invested Capital": "639,038", "Tangible Book Value": "393,683", "Total Debt": "312,481", "Net Debt": "234,653", "Share Issued": "9,118", "Ordinary Shares Number": "9,118", "Preferred Shares Number": "35.855"}, "3/31/2019": {"Duration": "3/31/2019", "Total Assets": "848,882", "Total Liabilities Net Minority Interest": "431,397", "Total Equity Gross Minority Interest": "417,485", "Total Capitalization": "683,385", "Preferred Stock Equity": "707", "Common Stock Equity": "416,778", "Capital Lease Obligations": "31,286", "Net Tangible Assets": "417,485", "Working Capital": "490,871", "Invested Capital": "689,441", "Tangible Book Value": "416,778", "Total Debt": "303,949", "Net Debt": "261,183", "Share Issued": "9,294", "Ordinary Shares Number": "9,294", "Preferred Shares Number": "38.029"}}, "cf": {"TTM": {"Duration": "TTM", "Operating Cash Flow": "140,383", "Investing Cash Flow": "14,964", "Financing Cash Flow": "-155,056", "End Cash Position": "14,149", "Income Tax Paid Supplemental Data": "-", "Interest Paid Supplemental Data": "-", "Capital Expenditure": "-58,172", "Issuance of Debt": "561,226", "Repayment of Debt": "-696,479", "Repurchase of Capital Stock": "-3,373", "Free Cash Flow": "82,211"}, "3/31/2020": {"Duration": "3/31/2020", "Operating Cash Flow": "127,317", "Investing Cash Flow": "-43,157", "Financing Cash Flow": "-84,938", "End Cash Position": "10,702", "Income Tax Paid Supplemental Data": "573", "Interest Paid Supplemental Data": "10,836", "Capital Expenditure": "-65,686", "Issuance of Debt": "494,098", "Repayment of Debt": "-549,215", "Repurchase of Capital Stock": "-12,673", "Free Cash Flow": "61,631"}, "3/31/2019": {"Duration": "3/31/2019", "Operating Cash Flow": "97,116", "Investing Cash Flow": "67,002", "Financing Cash Flow": "-167,740", "End Cash Position": "11,480", "Income Tax Paid Supplemental Data": "173", "Interest Paid Supplemental Data": "15,424", "Capital Expenditure": "-37,728", "Issuance of Debt": "504,381", "Repayment of Debt": "-664,108", "Repurchase of Capital Stock": "-7,957", "Free Cash Flow": "59,388"}}}}, {"SENEA": {"quote": {"05/11/2021": {"value": "47.88", "Market Cap": "434.663M", "Beta (5Y Monthly)": "0.78", "PE Ratio (TTM)": "3.33", "EPS (TTM)": "14.38", "Earnings Date": "Jun 23, 2021 - Jun 28, 2021", "Forward Dividend & Yield": "N/A (N/A)", "Ex-Dividend Date": "N/A", "1y Target Est": "N/A"}}, "fin": {"TTM": {"Duration": "TTM", "Total Revenue": "1,470,722", "Cost of Revenue": "1,249,131", "Gross Profit": "221,591", "Operating Expense": "45,495", "Operating Income": "176,096", "Net Non Operating Interest Income Expense": "-7,237", "Other Income Expense": "-2,017", "Pretax Income": "166,842", "Tax Provision": "34,549", "Net Income Common Stockholders": "132,170", "Average Dilution Earnings": "-", "Diluted NI Available to Com Stockholders": "132,170", "Basic EPS": "-", "Diluted EPS": "-", "Basic Average Shares": "-", "Diluted Average Shares": "-", "Total Operating Income as Reported": "175,626", "Total Expenses": "1,294,626", "Net Income from Continuing & Discontinued Operation": "132,485", "Normalized Income": "132,666", "Interest Income": "-", "Interest Expense": "7,262", "Net Interest Income": "-7,237", "EBIT": "174,104", "EBITDA": "206,695", "Reconciled Cost of Revenue": "1,249,131", "Reconciled Depreciation": "32,591", "Net Income from Continuing Operation Net Minority Interest": "132,293", "Total Unusual Items Excluding Goodwill": "-470", "Total Unusual Items": "-470", "Normalized EBITDA": "207,165", "Tax Rate for Calcs": "0", "Tax Effect of Unusual Items": "-97.3258"}, "3/31/2020": {"Duration": "3/31/2020", "Total Revenue": "1,335,769", "Cost of Revenue": "1,193,881", "Gross Profit": "141,888", "Operating Expense": "64,318", "Operating Income": "77,570", "Net Non Operating Interest Income Expense": "-11,834", "Other Income Expense": "-121", "Pretax Income": "65,615", "Tax Provision": "14,427", "Net Income Common Stockholders": "52,335", "Average Dilution Earnings": "-", "Diluted NI Available to Com Stockholders": "52,335", "Basic EPS": "5.62", "Diluted EPS": "5.58", "Basic Average Shares": "9,264", "Diluted Average Shares": "9,264", "Total Operating Income as Reported": "70,524", "Total Expenses": "1,258,199", "Net Income from Continuing & Discontinued Operation": "52,335", "Normalized Income": "56,684", "Interest Income": "25", "Interest Expense": "11,859", "Net Interest Income": "-11,834", "EBIT": "77,474", "EBITDA": "-", "Reconciled Cost of Revenue": "1,193,881", "Reconciled Depreciation": "30,933", "Net Income from Continuing Operation Net Minority Interest": "51,188", "Total Unusual Items Excluding Goodwill": "-7,046", "Total Unusual Items": "-7,046", "Normalized EBITDA": "115,453", "Tax Rate for Calcs": "0", "Tax Effect of Unusual Items": "-1,550"}, "3/31/2019": {"Duration": "3/31/2019", "Total Revenue": "1,199,581", "Cost of Revenue": "1,160,085", "Gross Profit": "39,496", "Operating Expense": "65,918", "Operating Income": "-26,422", "Net Non Operating Interest Income Expense": "-15,437", "Other Income Expense": "-7,400", "Pretax Income": "-49,259", "Tax Provision": "-12,776", "Net Income Common Stockholders": "5,678", "Average Dilution Earnings": "20", "Diluted NI Available to Com Stockholders": "5,698", "Basic EPS": "0.59", "Diluted EPS": "0.59", "Basic Average Shares": "9,652", "Diluted Average Shares": "9,652", "Total Operating Income as Reported": "-38,079", "Total Expenses": "1,226,003", "Net Income from Continuing & Discontinued Operation": "5,747", "Normalized Income": "-27,845", "Interest Income": "28", "Interest Expense": "15,465", "Net Interest Income": "-15,437", "EBIT": "-33,794", "EBITDA": "-", "Reconciled Cost of Revenue": "1,160,085", "Reconciled Depreciation": "31,235", "Net Income from Continuing Operation Net Minority Interest": "-36,483", "Total Unusual Items Excluding Goodwill": "-11,657", "Total Unusual Items": "-11,657", "Normalized EBITDA": "9,098", "Tax Rate for Calcs": "0", "Tax Effect of Unusual Items": "-3,019"}}, "bs": {"3/31/2020": {"Duration": "3/31/2020", "Total Assets": "909,309", "Total Liabilities Net Minority Interest": "514,945", "Total Equity Gross Minority Interest": "394,364", "Total Capitalization": "611,445", "Preferred Stock Equity": "681", "Common Stock Equity": "393,683", "Capital Lease Obligations": "67,126", "Net Tangible Assets": "394,364", "Working Capital": "401,946", "Invested Capital": "639,038", "Tangible Book Value": "393,683", "Total Debt": "312,481", "Net Debt": "234,653", "Share Issued": "9,118", "Ordinary Shares Number": "9,118", "Preferred Shares Number": "35.855"}, "3/31/2019": {"Duration": "3/31/2019", "Total Assets": "848,882", "Total Liabilities Net Minority Interest": "431,397", "Total Equity Gross Minority Interest": "417,485", "Total Capitalization": "683,385", "Preferred Stock Equity": "707", "Common Stock Equity": "416,778", "Capital Lease Obligations": "31,286", "Net Tangible Assets": "417,485", "Working Capital": "490,871", "Invested Capital": "689,441", "Tangible Book Value": "416,778", "Total Debt": "303,949", "Net Debt": "261,183", "Share Issued": "9,294", "Ordinary Shares Number": "9,294", "Preferred Shares Number": "38.029"}}, "cf": {"TTM": {"Duration": "TTM", "Operating Cash Flow": "140,383", "Investing Cash Flow": "14,964", "Financing Cash Flow": "-155,056", "End Cash Position": "14,149", "Income Tax Paid Supplemental Data": "-", "Interest Paid Supplemental Data": "-", "Capital Expenditure": "-58,172", "Issuance of Debt": "561,226", "Repayment of Debt": "-696,479", "Repurchase of Capital Stock": "-3,373", "Free Cash Flow": "82,211"}, "3/31/2020": {"Duration": "3/31/2020", "Operating Cash Flow": "127,317", "Investing Cash Flow": "-43,157", "Financing Cash Flow": "-84,938", "End Cash Position": "10,702", "Income Tax Paid Supplemental Data": "573", "Interest Paid Supplemental Data": "10,836", "Capital Expenditure": "-65,686", "Issuance of Debt": "494,098", "Repayment of Debt": "-549,215", "Repurchase of Capital Stock": "-12,673", "Free Cash Flow": "61,631"}, "3/31/2019": {"Duration": "3/31/2019", "Operating Cash Flow": "97,116", "Investing Cash Flow": "67,002", "Financing Cash Flow": "-167,740", "End Cash Position": "11,480", "Income Tax Paid Supplemental Data": "173", "Interest Paid Supplemental Data": "15,424", "Capital Expenditure": "-37,728", "Issuance of Debt": "504,381", "Repayment of Debt": "-664,108", "Repurchase of Capital Stock": "-7,957", "Free Cash Flow": "59,388"}}}}, {"FLO": {"quote": {"05/11/2021": {"value": "24.68", "Market Cap": "5.225B", "Beta (5Y Monthly)": "0.27", "PE Ratio (TTM)": "34.33", "EPS (TTM)": "0.72", "Earnings Date": "May 21, 2021", "Forward Dividend & Yield": "0.80 (3.23%)", "Ex-Dividend Date": "Mar 04, 2021", "1y Target Est": "25.00"}}, "fin": {"TTM": {"Duration": "TTM", "Total Revenue": "4,387,991", "Cost of Revenue": "2,196,142", "Gross Profit": "2,191,849", "Operating Expense": "1,834,771", "Operating Income": "357,078", "Net Non Operating Interest Income Expense": "-12,094", "Other Income Expense": "-144,273", "Pretax Income": "200,711", "Tax Provision": "48,393", "Net Income Common Stockholders": "152,318", "Diluted NI Available to Com Stockholders": "152,318", "Basic EPS": "-", "Diluted EPS": "-", "Basic Average Shares": "-", "Diluted Average Shares": "-", "Total Operating Income as Reported": "321,488", "Total Expenses": "4,030,913", "Net Income from Continuing & Discontinued Operation": "152,318", "Normalized Income": "261,877", "Interest Income": "26,696", "Interest Expense": "38,790", "Net Interest Income": "-12,094", "EBIT": "239,501", "EBITDA": "380,885", "Reconciled Cost of Revenue": "2,196,142", "Reconciled Depreciation": "141,384", "Net Income from Continuing Operation Net Minority Interest": "152,318", "Total Unusual Items Excluding Goodwill": "-144,347", "Total Unusual Items": "-144,347", "Normalized EBITDA": "525,232", "Tax Rate for Calcs": "0", "Tax Effect of Unusual Items": "-34,788"}, "12/31/2020": {"Duration": "12/31/2020", "Total Revenue": "4,387,991", "Cost of Revenue": "2,196,142", "Gross Profit": "2,191,849", "Operating Expense": "1,834,771", "Operating Income": "357,078", "Net Non Operating Interest Income Expense": "-12,094", "Other Income Expense": "-144,273", "Pretax Income": "200,711", "Tax Provision": "48,393", "Net Income Common Stockholders": "152,318", "Diluted NI Available to Com Stockholders": "152,318", "Basic EPS": "0.72", "Diluted EPS": "0.72", "Basic Average Shares": "211,603", "Diluted Average Shares": "212,345", "Total Operating Income as Reported": "321,488", "Total Expenses": "4,030,913", "Net Income from Continuing & Discontinued Operation": "152,318", "Normalized Income": "261,877", "Interest Income": "26,696", "Interest Expense": "38,790", "Net Interest Income": "-12,094", "EBIT": "239,501", "EBITDA": "-", "Reconciled Cost of Revenue": "2,196,142", "Reconciled Depreciation": "141,384", "Net Income from Continuing Operation Net Minority Interest": "152,318", "Total Unusual Items Excluding Goodwill": "-144,347", "Total Unusual Items": "-144,347", "Normalized EBITDA": "525,232", "Tax Rate for Calcs": "0", "Tax Effect of Unusual Items": "-34,788"}, "12/31/2019": {"Duration": "12/31/2019", "Total Revenue": "4,123,974", "Cost of Revenue": "2,155,709", "Gross Profit": "1,968,265", "Operating Expense": "1,719,350", "Operating Income": "248,915", "Net Non Operating Interest Income Expense": "-11,097", "Other Income Expense": "-25,735", "Pretax Income": "212,083", "Tax Provision": "47,545", "Net Income Common Stockholders": "164,538", "Diluted NI Available to Com Stockholders": "164,538", "Basic EPS": "0.78", "Diluted EPS": "0.78", "Basic Average Shares": "211,514", "Diluted Average Shares": "211,974", "Total Operating Income as Reported": "225,428", "Total Expenses": "3,875,059", "Net Income from Continuing & Discontinued Operation": "164,538", "Normalized Income": "182,793", "Interest Income": "27,750", "Interest Expense": "38,847", "Net Interest Income": "-11,097", "EBIT": "250,930", "EBITDA": "-", "Reconciled Cost of Revenue": "2,155,709", "Reconciled Depreciation": "144,228", "Net Income from Continuing Operation Net Minority Interest": "164,538", "Total Unusual Items Excluding Goodwill": "-23,524", "Total Unusual Items": "-23,524", "Normalized EBITDA": "418,682", "Tax Rate for Calcs": "0", "Tax Effect of Unusual Items": "-5,269"}, "12/31/2018": {"Duration": "12/31/2018", "Total Revenue": "3,951,852", "Cost of Revenue": "2,069,336", "Gross Profit": "1,882,516", "Operating Expense": "1,654,406", "Operating Income": "228,110", "Net Non Operating Interest Income Expense": "-7,931", "Other Income Expense": "-23,018", "Pretax Income": "197,161", "Tax Provision": "40,001", "Net Income Common Stockholders": "157,160", "Diluted NI Available to Com Stockholders": "157,160", "Basic EPS": "0.75", "Diluted EPS": "0.74", "Basic Average Shares": "210,895", "Diluted Average Shares": "211,632", "Total Operating Income as Reported": "212,344", "Total Expenses": "3,723,742", "Net Income from Continuing & Discontinued Operation": "157,160", "Normalized Income": "175,927", "Interest Income": "27,755", "Interest Expense": "35,686", "Net Interest Income": "-7,931", "EBIT": "232,847", "EBITDA": "-", "Reconciled Cost of Revenue": "2,069,336", "Reconciled Depreciation": "144,124", "Net Income from Continuing Operation Net Minority Interest": "157,160", "Total Unusual Items Excluding Goodwill": "-23,547", "Total Unusual Items": "-23,547", "Normalized EBITDA": "400,518", "Tax Rate for Calcs": "0", "Tax Effect of Unusual Items": "-4,780"}}, "bs": {"12/31/2020": {"Duration": "12/31/2020", "Total Assets": "3,323,023", "Total Liabilities Net Minority Interest": "1,950,029", "Total Equity Gross Minority Interest": "1,372,994", "Total Capitalization": "2,333,097", "Common Stock Equity": "1,372,994", "Capital Lease Obligations": "345,762", "Net Tangible Assets": "112,832", "Working Capital": "334,098", "Invested Capital": "2,349,997", "Tangible Book Value": "112,832", "Total Debt": "1,322,765", "Net Debt": "669,527", "Share Issued": "228,730", "Ordinary Shares Number": "211,603", "Treasury Shares Number": "17,126"}, "12/31/2019": {"Duration": "12/31/2019", "Total Assets": "3,177,776", "Total Liabilities Net Minority Interest": "1,914,346", "Total Equity Gross Minority Interest": "1,263,430", "Total Capitalization": "2,126,208", "Common Stock Equity": "1,263,430", "Capital Lease Obligations": "404,503", "Net Tangible Assets": "-32,021", "Working Capital": "25,775", "Invested Capital": "2,143,705", "Tangible Book Value": "-32,021", "Total Debt": "1,284,778", "Net Debt": "869,231", "Share Issued": "228,730", "Ordinary Shares Number": "211,514", "Treasury Shares Number": "17,216"}, "12/31/2018": {"Duration": "12/31/2018", "Total Assets": "2,845,537", "Total Liabilities Net Minority Interest": "1,587,270", "Total Equity Gross Minority Interest": "1,258,267", "Total Capitalization": "2,248,907", "Common Stock Equity": "1,258,267", "Capital Lease Obligations": "-", "Net Tangible Assets": "-82,041", "Working Capital": "143,385", "Invested Capital": "2,270,353", "Tangible Book Value": "-82,041", "Total Debt": "1,012,086", "Net Debt": "986,780", "Share Issued": "228,730", "Ordinary Shares Number": "210,895", "Treasury Shares Number": "17,834"}}, "cf": {"TTM": {"Duration": "TTM", "Operating Cash Flow": "454,464", "Investing Cash Flow": "-73,992", "Financing Cash Flow": "-84,040", "End Cash Position": "307,476", "Income Tax Paid Supplemental Data": "68,758", "Interest Paid Supplemental Data": "35,920", "Capital Expenditure": "-97,929", "Issuance of Debt": "484,900", "Repayment of Debt": "-399,115", "Repurchase of Capital Stock": "-783", "Free Cash Flow": "356,535"}, "12/31/2020": {"Duration": "12/31/2020", "Operating Cash Flow": "454,464", "Investing Cash Flow": "-73,992", "Financing Cash Flow": "-84,040", "End Cash Position": "307,476", "Income Tax Paid Supplemental Data": "68,758", "Interest Paid Supplemental Data": "35,920", "Capital Expenditure": "-97,929", "Issuance of Debt": "484,900", "Repayment of Debt": "-399,115", "Repurchase of Capital Stock": "-783", "Free Cash Flow": "356,535"}, "12/31/2019": {"Duration": "12/31/2019", "Operating Cash Flow": "366,952", "Investing Cash Flow": "-97,093", "Financing Cash Flow": "-284,121", "End Cash Position": "11,044", "Income Tax Paid Supplemental Data": "39,121", "Interest Paid Supplemental Data": "36,430", "Capital Expenditure": "-103,685", "Issuance of Debt": "609,250", "Repayment of Debt": "-729,437", "Repurchase of Capital Stock": "-7,054", "Free Cash Flow": "263,267"}, "12/31/2018": {"Duration": "12/31/2018", "Operating Cash Flow": "295,893", "Investing Cash Flow": "-301,805", "Financing Cash Flow": "26,089", "End Cash Position": "25,306", "Income Tax Paid Supplemental Data": "13,697", "Interest Paid Supplemental Data": "32,747", "Capital Expenditure": "-99,422", "Issuance of Debt": "200,900", "Repayment of Debt": "-27,650", "Repurchase of Capital Stock": "-2,489", "Free Cash Flow": "196,471"}}}}, {"THS": {"quote": {"05/11/2021": {"value": "49.93", "Market Cap": "2.807B", "Beta (5Y Monthly)": "0.65", "PE Ratio (TTM)": "60.74", "EPS (TTM)": "0.82", "Earnings Date": "Aug 04, 2021 - Aug 09, 2021", "Forward Dividend & Yield": "N/A (N/A)", "Ex-Dividend Date": "N/A", "1y Target Est": "51.25"}}, "fin": {"TTM": {"Duration": "TTM", "Total Revenue": "4,349,700", "Cost of Revenue": "3,547,500", "Gross Profit": "802,200", "Operating Expense": "581,700", "Operating Income": "220,500", "Net Non Operating Interest Income Expense": "-104,800", "Other Income Expense": "-98,600", "Pretax Income": "17,100", "Tax Provision": "-32,100", "Net Income Common Stockholders": "13,800", "Diluted NI Available to Com Stockholders": "13,800", "Basic EPS": "-", "Diluted EPS": "-", "Basic Average Shares": "-", "Diluted Average Shares": "-", "Total Operating Income as Reported": "149,100", "Total Expenses": "4,129,200", "Net Income from Continuing & Discontinued Operation": "13,800", "Normalized Income": "100,957", "Interest Income": "-", "Interest Expense": "104,800", "Net Interest Income": "-104,800", "EBIT": "121,900", "EBITDA": "325,100", "Reconciled Cost of Revenue": "3,415,000", "Reconciled Depreciation": "203,200", "Net Income from Continuing Operation Net Minority Interest": "49,200", "Total Unusual Items Excluding Goodwill": "-70,900", "Total Unusual Items": "-70,900", "Normalized EBITDA": "396,000", "Tax Rate for Calcs": "0", "Tax Effect of Unusual Items": "-19,143"}, "12/31/2020": {"Duration": "12/31/2020", "Total Revenue": "4,349,700", "Cost of Revenue": "3,547,500", "Gross Profit": "802,200", "Operating Expense": "581,700", "Operating Income": "220,500", "Net Non Operating Interest Income Expense": "-104,800", "Other Income Expense": "-98,600", "Pretax Income": "17,100", "Tax Provision": "-32,100", "Net Income Common Stockholders": "13,800", "Diluted NI Available to Com Stockholders": "13,800", "Basic EPS": "-", "Diluted EPS": "-", "Basic Average Shares": "-", "Diluted Average Shares": "-", "Total Operating Income as Reported": "149,100", "Total Expenses": "4,129,200", "Net Income from Continuing & Discontinued Operation": "13,800", "Normalized Income": "100,957", "Interest Income": "-", "Interest Expense": "104,800", "Net Interest Income": "-104,800", "EBIT": "121,900", "EBITDA": "-", "Reconciled Cost of Revenue": "3,415,000", "Reconciled Depreciation": "203,200", "Net Income from Continuing Operation Net Minority Interest": "49,200", "Total Unusual Items Excluding Goodwill": "-70,900", "Total Unusual Items": "-70,900", "Normalized EBITDA": "396,000", "Tax Rate for Calcs": "0", "Tax Effect of Unusual Items": "-19,143"}, "12/31/2019": {"Duration": "12/31/2019", "Total Revenue": "4,288,900", "Cost of Revenue": "3,492,100", "Gross Profit": "796,800", "Operating Expense": "584,500", "Operating Income": "212,300", "Net Non Operating Interest Income Expense": "-102,400", "Other Income Expense": "-265,700", "Pretax Income": "-155,800", "Tax Provision": "-45,500", "Net Income Common Stockholders": "-361,000", "Diluted NI Available to Com Stockholders": "-361,000", "Basic EPS": "-6.42", "Diluted EPS": "-6.42", "Basic Average Shares": "56,200", "Diluted Average Shares": "56,200", "Total Operating Income as Reported": "-16,100", "Total Expenses": "4,076,600", "Net Income from Continuing & Discontinued Operation": "-361,000", "Normalized Income": "48,929", "Interest Income": "-", "Interest Expense": "102,400", "Net Interest Income": "-102,400", "EBIT": "-53,400", "EBITDA": "-", "Reconciled Cost of Revenue": "3,355,600", "Reconciled Depreciation": "210,600", "Net Income from Continuing Operation Net Minority Interest": "-110,300", "Total Unusual Items Excluding Goodwill": "-224,900", "Total Unusual Items": "-224,900", "Normalized EBITDA": "382,100", "Tax Rate for Calcs": "0", "Tax Effect of Unusual Items": "-65,671"}, "12/31/2018": {"Duration": "12/31/2018", "Total Revenue": "5,812,100", "Cost of Revenue": "4,856,700", "Gross Profit": "955,400", "Operating Expense": "745,800", "Operating Income": "209,600", "Net Non Operating Interest Income Expense": "-114,600", "Other Income Expense": "-179,800", "Pretax Income": "-84,800", "Tax Provision": "-23,400", "Net Income Common Stockholders": "-61,400", "Diluted NI Available to Com Stockholders": "-61,400", "Basic EPS": "-1.10", "Diluted EPS": "-1.10", "Basic Average Shares": "56,000", "Diluted Average Shares": "56,000", "Total Operating Income as Reported": "67,900", "Total Expenses": "5,602,500", "Net Income from Continuing & Discontinued Operation": "-61,400", "Normalized Income": "47,417", "Interest Income": "-", "Interest Expense": "114,600", "Net Interest Income": "-114,600", "EBIT": "29,800", "EBITDA": "-", "Reconciled Cost of Revenue": "4,684,800", "Reconciled Depreciation": "258,300", "Net Income from Continuing Operation Net Minority Interest": "-61,400", "Total Unusual Items Excluding Goodwill": "-150,300", "Total Unusual Items": "-150,300", "Normalized EBITDA": "438,400", "Tax Rate for Calcs": "0", "Tax Effect of Unusual Items": "-41,483"}}, "bs": {"12/31/2020": {"Duration": "12/31/2020", "Total Assets": "5,485,700", "Total Liabilities Net Minority Interest": "3,620,700", "Total Equity Gross Minority Interest": "1,865,000", "Total Capitalization": "4,064,000", "Common Stock Equity": "1,865,000", "Capital Lease Obligations": "178,300", "Net Tangible Assets": "-928,700", "Working Capital": "438,100", "Invested Capital": "4,079,700", "Tangible Book Value": "-928,700", "Total Debt": "2,393,000", "Net Debt": "1,850,100", "Share Issued": "58,300", "Ordinary Shares Number": "55,900", "Treasury Shares Number": "2,400"}, "12/31/2019": {"Duration": "12/31/2019", "Total Assets": "5,139,400", "Total Liabilities Net Minority Interest": "3,308,500", "Total Equity Gross Minority Interest": "1,830,900", "Total Capitalization": "3,922,600", "Common Stock Equity": "1,830,900", "Capital Lease Obligations": "190,500", "Net Tangible Assets": "-831,100", "Working Capital": "406,100", "Invested Capital": "3,937,900", "Tangible Book Value": "-831,100", "Total Debt": "2,297,500", "Net Debt": "1,904,700", "Share Issued": "58,000", "Ordinary Shares Number": "56,200", "Treasury Shares Number": "1,800"}, "12/31/2018": {"Duration": "12/31/2018", "Total Assets": "5,599,300", "Total Liabilities Net Minority Interest": "3,457,400", "Total Equity Gross Minority Interest": "2,141,900", "Total Capitalization": "4,439,300", "Common Stock Equity": "2,141,900", "Capital Lease Obligations": "-", "Net Tangible Assets": "-719,700", "Working Capital": "581,900", "Invested Capital": "4,440,500", "Tangible Book Value": "-719,700", "Total Debt": "2,298,600", "Net Debt": "2,134,300", "Share Issued": "57,800", "Ordinary Shares Number": "56,000", "Treasury Shares Number": "1,800"}}, "cf": {"TTM": {"Duration": "TTM", "Operating Cash Flow": "416,700", "Investing Cash Flow": "-332,400", "Financing Cash Flow": "74,000", "Cash Flow from Discontinued Operation": "-", "End Cash Position": "364,600", "Income Tax Paid Supplemental Data": "-", "Interest Paid Supplemental Data": "84,300", "Capital Expenditure": "-105,700", "Issuance of Capital Stock": "-", "Issuance of Debt": "600,000", "Repayment of Debt": "-491,700", "Repurchase of Capital Stock": "-25,000", "Free Cash Flow": "311,000"}, "12/31/2020": {"Duration": "12/31/2020", "Operating Cash Flow": "416,700", "Investing Cash Flow": "-332,400", "Financing Cash Flow": "74,000", "Cash Flow from Discontinued Operation": "-", "End Cash Position": "364,600", "Income Tax Paid Supplemental Data": "-", "Interest Paid Supplemental Data": "84,300", "Capital Expenditure": "-105,700", "Issuance of Capital Stock": "-", "Issuance of Debt": "600,000", "Repayment of Debt": "-491,700", "Repurchase of Capital Stock": "-25,000", "Free Cash Flow": "311,000"}, "12/31/2019": {"Duration": "12/31/2019", "Operating Cash Flow": "307,700", "Investing Cash Flow": "-68,100", "Financing Cash Flow": "-206,900", "Cash Flow from Discontinued Operation": "115,000", "End Cash Position": "202,300", "Income Tax Paid Supplemental Data": "-", "Interest Paid Supplemental Data": "110,200", "Capital Expenditure": "-146,800", "Issuance of Capital Stock": "-", "Issuance of Debt": "194,100", "Repayment of Debt": "-396,000", "Repurchase of Capital Stock": "-", "Free Cash Flow": "160,900"}, "12/31/2018": {"Duration": "12/31/2018", "Operating Cash Flow": "505,800", "Investing Cash Flow": "-160,900", "Financing Cash Flow": "-311,000", "Cash Flow from Discontinued Operation": "-", "End Cash Position": "164,300", "Income Tax Paid Supplemental Data": "-", "Interest Paid Supplemental Data": "118,200", "Capital Expenditure": "-196,200", "Issuance of Capital Stock": "0", "Issuance of Debt": "108,700", "Repayment of Debt": "-362,600", "Repurchase of Capital Stock": "-54,600", "Free Cash Flow": "309,600"}}}}, {"SNAK": {"quote": {"05/11/2021": {"value": "", "Net Assets": "N/A", "Beta (5Y Monthly)": "N/A", "Yield": "N/A", "5y Average Return": "N/A", "Holdings Turnover": "N/A", "Last Dividend": "N/A", "Average for Category": "N/A", "Inception Date": "N/A"}}, "fin": {}, "bs": {}, "cf": {}}}, {"CMFO": {"quote": {"05/11/2021": {"value": "0.0214", "Market Cap": "2.972M", "Beta (5Y Monthly)": "2.32", "PE Ratio (TTM)": "N/A", "EPS (TTM)": "-4.0300", "Earnings Date": "N/A", "Forward Dividend & Yield": "N/A (N/A)", "Ex-Dividend Date": "N/A", "1y Target Est": "N/A"}}, "fin": {}, "bs": {}, "cf": {}}}, {"FVRG": {"quote": {"05/11/2021": {"value": "0.0035", "Market Cap": "107,729", "Beta (5Y Monthly)": "0.10", "PE Ratio (TTM)": "N/A", "EPS (TTM)": "-0.0960", "Earnings Date": "Nov 29, 2018", "Forward Dividend & Yield": "N/A (N/A)", "Ex-Dividend Date": "N/A", "1y Target Est": "N/A"}}, "fin": {"TTM": {"Duration": "TTM", "Total Revenue": "10,159", "Cost of Revenue": "3,303", "Gross Profit": "6,856", "Operating Expense": "8,484", "Operating Income": "-1,628", "Net Non Operating Interest Income Expense": "-1,029", "Other Income Expense": "-19.641", "Pretax Income": "-2,676", "Tax Provision": "0", "Net Income Common Stockholders": "-2,676", "Diluted NI Available to Com Stockholders": "-2,676", "Basic EPS": "-", "Diluted EPS": "-", "Basic Average Shares": "-", "Diluted Average Shares": "-", "Total Operating Income as Reported": "-1,628", "Total Expenses": "11,786", "Net Income from Continuing & Discontinued Operation": "-2,676", "Normalized Income": "-2,582", "Interest Expense": "1,029", "Net Interest Income": "-1,029", "EBIT": "-1,647", "EBITDA": "-722.477", "Reconciled Cost of Revenue": "3,303", "Reconciled Depreciation": "924.831", "Net Income from Continuing Operation Net Minority Interest": "-2,676", "Total Unusual Items Excluding Goodwill": "-94.635", "Total Unusual Items": "-94.635", "Normalized EBITDA": "-627.842", "Tax Rate for Calcs": "0", "Tax Effect of Unusual Items": "0"}, "12/31/2018": {"Duration": "12/31/2018", "Total Revenue": "10,159", "Cost of Revenue": "3,303", "Gross Profit": "6,856", "Operating Expense": "8,484", "Operating Income": "-1,628", "Net Non Operating Interest Income Expense": "-1,029", "Other Income Expense": "-19.641", "Pretax Income": "-2,676", "Tax Provision": "0", "Net Income Common Stockholders": "-2,676", "Diluted NI Available to Com Stockholders": "-2,676", "Basic EPS": "-", "Diluted EPS": "-", "Basic Average Shares": "-", "Diluted Average Shares": "-", "Total Operating Income as Reported": "-1,628", "Total Expenses": "11,786", "Net Income from Continuing & Discontinued Operation": "-2,676", "Normalized Income": "-2,582", "Interest Expense": "1,029", "Net Interest Income": "-1,029", "EBIT": "-1,647", "EBITDA": "-", "Reconciled Cost of Revenue": "3,303", "Reconciled Depreciation": "924.831", "Net Income from Continuing Operation Net Minority Interest": "-2,676", "Total Unusual Items Excluding Goodwill": "-94.635", "Total Unusual Items": "-94.635", "Normalized EBITDA": "-627.842", "Tax Rate for Calcs": "0", "Tax Effect of Unusual Items": "0"}}, "bs": {"12/31/2018": {"Duration": "12/31/2018", "Total Assets": "2,319", "Total Liabilities Net Minority Interest": "11,657", "Total Equity Gross Minority Interest": "-9,338", "Total Capitalization": "-7,880", "Common Stock Equity": "-9,338", "Net Tangible Assets": "-9,338", "Working Capital": "-9,515", "Invested Capital": "-2,210", "Tangible Book Value": "-9,338", "Total Debt": "7,128", "Net Debt": "7,047", "Share Issued": "35,867", "Ordinary Shares Number": "30,780", "Treasury Shares Number": "5,088"}}, "cf": {"TTM": {"Duration": "TTM", "Operating Cash Flow": "-512.705", "Investing Cash Flow": "0", "Financing Cash Flow": "-246.373", "End Cash Position": "108.332", "Income Tax Paid Supplemental Data": "0", "Interest Paid Supplemental Data": "77.583", "Capital Expenditure": "-", "Issuance of Debt": "130", "Repayment of Debt": "-376.373", "Free Cash Flow": "-512.705"}, "12/31/2018": {"Duration": "12/31/2018", "Operating Cash Flow": "-512.705", "Investing Cash Flow": "0", "Financing Cash Flow": "-246.373", "End Cash Position": "108.332", "Income Tax Paid Supplemental Data": "0", "Interest Paid Supplemental Data": "77.583", "Capital Expenditure": "-", "Issuance of Debt": "130", "Repayment of Debt": "-376.373", "Free Cash Flow": "-512.705"}}}}, {"GIS": {"quote": {"05/11/2021": {"value": "63.11", "Market Cap": "38.495B", "Beta (5Y Monthly)": "0.55", "PE Ratio (TTM)": "15.32", "EPS (TTM)": "4.12", "Earnings Date": "Jun 29, 2021 - Jul 05, 2021", "Forward Dividend & Yield": "2.04 (3.20%)", "Ex-Dividend Date": "Apr 08, 2021", "1y Target Est": "62.66"}}, "fin": {"TTM": {"Duration": "TTM", "Total Revenue": "18,626,400", "Cost of Revenue": "11,992,900", "Gross Profit": "6,633,500", "Operating Expense": "3,183,700", "Operating Income": "3,449,800", "Net Non Operating Interest Income Expense": "-436,300", "Other Income Expense": "98,300", "Pretax Income": "3,111,800", "Tax Provision": "661,800", "Earnings from Equity Interest Net of Tax": "123,100", "Net Income Common Stockholders": "2,548,700", "Diluted NI Available to Com Stockholders": "2,548,700", "Basic EPS": "-", "Diluted EPS": "-", "Basic Average Shares": "-", "Diluted Average Shares": "-", "Total Operating Income as Reported": "3,426,400", "Total Expenses": "15,176,600", "Net Income from Continuing & Discontinued Operation": "2,548,700", "Normalized Income": "2,567,123", "Interest Income": "-", "Interest Expense": "-", "Net Interest Income": "-436,300", "EBIT": "3,544,200", "EBITDA": "4,137,000", "Reconciled Cost of Revenue": "11,992,900", "Reconciled Depreciation": "592,800", "Net Income from Continuing Operation Net Minority Interest": "2,548,700", "Total Unusual Items Excluding Goodwill": "-23,400", "Total Unusual Items": "-23,400", "Normalized EBITDA": "4,160,400", "Tax Rate for Calcs": "0", "Tax Effect of Unusual Items": "-4,977"}, "5/31/2020": {"Duration": "5/31/2020", "Total Revenue": "17,626,600", "Cost of Revenue": "11,496,700", "Gross Profit": "6,129,900", "Operating Expense": "3,151,600", "Operating Income": "2,978,300", "Net Non Operating Interest Income Expense": "-466,500", "Other Income Expense": "88,400", "Pretax Income": "2,600,200", "Tax Provision": "480,500", "Earnings from Equity Interest Net of Tax": "91,100", "Net Income Common Stockholders": "2,181,200", "Diluted NI Available to Com Stockholders": "2,181,200", "Basic EPS": "3.59", "Diluted EPS": "3.56", "Basic Average Shares": "608,100", "Diluted Average Shares": "613,300", "Total Operating Income as Reported": "2,953,900", "Total Expenses": "14,648,300", "Net Income from Continuing & Discontinued Operation": "2,181,200", "Normalized Income": "2,201,086", "Interest Income": "6,000", "Interest Expense": "472,500", "Net Interest Income": "-466,500", "EBIT": "3,072,700", "EBITDA": "-", "Reconciled Cost of Revenue": "11,496,700", "Reconciled Depreciation": "594,700", "Net Income from Continuing Operation Net Minority Interest": "2,181,200", "Total Unusual Items Excluding Goodwill": "-24,400", "Total Unusual Items": "-24,400", "Normalized EBITDA": "3,691,800", "Tax Rate for Calcs": "0", "Tax Effect of Unusual Items": "-4,514"}, "5/31/2019": {"Duration": "5/31/2019", "Total Revenue": "16,865,200", "Cost of Revenue": "11,108,400", "Gross Profit": "5,756,800", "Operating Expense": "2,935,800", "Operating Income": "2,821,000", "Net Non Operating Interest Income Expense": "-521,800", "Other Income Expense": "-217,200", "Pretax Income": "2,082,000", "Tax Provision": "367,800", "Earnings from Equity Interest Net of Tax": "72,000", "Net Income Common Stockholders": "1,752,700", "Diluted NI Available to Com Stockholders": "1,752,700", "Basic EPS": "2.92", "Diluted EPS": "2.90", "Basic Average Shares": "600,400", "Diluted Average Shares": "605,400", "Total Operating Income as Reported": "2,515,900", "Total Expenses": "14,044,200", "Net Income from Continuing & Discontinued Operation": "1,752,700", "Normalized Income": "2,003,797", "Interest Income": "5,600", "Interest Expense": "527,400", "Net Interest Income": "-521,800", "EBIT": "2,609,400", "EBITDA": "-", "Reconciled Cost of Revenue": "11,108,400", "Reconciled Depreciation": "620,100", "Net Income from Continuing Operation Net Minority Interest": "1,752,700", "Total Unusual Items Excluding Goodwill": "-305,100", "Total Unusual Items": "-305,100", "Normalized EBITDA": "3,534,600", "Tax Rate for Calcs": "0", "Tax Effect of Unusual Items": "-54,003"}, "5/31/2018": {"Duration": "5/31/2018", "Total Revenue": "15,740,400", "Cost of Revenue": "10,312,900", "Gross Profit": "5,427,500", "Operating Expense": "2,752,600", "Operating Income": "2,674,900", "Net Non Operating Interest Income Expense": "-373,700", "Other Income Expense": "-165,600", "Pretax Income": "2,135,600", "Tax Provision": "57,300", "Earnings from Equity Interest Net of Tax": "84,700", "Net Income Common Stockholders": "2,131,000", "Diluted NI Available to Com Stockholders": "2,131,000", "Basic EPS": "3.69", "Diluted EPS": "3.64", "Basic Average Shares": "576,800", "Diluted Average Shares": "585,700", "Total Operating Income as Reported": "2,509,300", "Total Expenses": "13,065,500", "Net Income from Continuing & Discontinued Operation": "2,131,000", "Normalized Income": "2,292,129", "Interest Income": "11,700", "Interest Expense": "385,400", "Net Interest Income": "-373,700", "EBIT": "2,521,000", "EBITDA": "-", "Reconciled Cost of Revenue": "10,312,900", "Reconciled Depreciation": "618,800", "Net Income from Continuing Operation Net Minority Interest": "2,131,000", "Total Unusual Items Excluding Goodwill": "-165,600", "Total Unusual Items": "-165,600", "Normalized EBITDA": "3,305,400", "Tax Rate for Calcs": "0", "Tax Effect of Unusual Items": "-4,471"}}, "bs": {"5/31/2020": {"Duration": "5/31/2020", "Total Assets": "30,806,700", "Total Liabilities Net Minority Interest": "22,457,200", "Total Equity Gross Minority Interest": "8,349,500", "Total Capitalization": "18,987,500", "Common Stock Equity": "8,058,500", "Capital Lease Obligations": "379,000", "Net Tangible Assets": "-12,960,500", "Working Capital": "-2,370,200", "Invested Capital": "21,598,000", "Tangible Book Value": "-12,960,500", "Total Debt": "13,918,500", "Net Debt": "11,861,700", "Share Issued": "754,600", "Ordinary Shares Number": "609,800", "Treasury Shares Number": "144,800"}, "5/31/2019": {"Duration": "5/31/2019", "Total Assets": "30,111,200", "Total Liabilities Net Minority Interest": "22,743,500", "Total Equity Gross Minority Interest": "7,367,700", "Total Capitalization": "18,679,300", "Common Stock Equity": "7,054,500", "Capital Lease Obligations": "-", "Net Tangible Assets": "-14,108,100", "Working Capital": "-2,900,600", "Invested Capital": "21,544,500", "Tangible Book Value": "-14,108,100", "Total Debt": "14,490,000", "Net Debt": "14,040,000", "Share Issued": "754,600", "Ordinary Shares Number": "601,900", "Treasury Shares Number": "152,700"}, "5/31/2018": {"Duration": "5/31/2018", "Total Assets": "30,624,000", "Total Liabilities Net Minority Interest": "24,131,600", "Total Equity Gross Minority Interest": "6,492,400", "Total Capitalization": "18,809,800", "Common Stock Equity": "6,141,100", "Capital Lease Obligations": "-", "Net Tangible Assets": "-15,369,000", "Working Capital": "-3,218,200", "Invested Capital": "21,959,700", "Tangible Book Value": "-15,369,000", "Total Debt": "15,818,600", "Net Debt": "15,419,600", "Share Issued": "754,600", "Ordinary Shares Number": "593,100", "Treasury Shares Number": "161,500"}}, "cf": {"TTM": {"Duration": "TTM", "Operating Cash Flow": "3,724,300", "Investing Cash Flow": "-513,600", "Financing Cash Flow": "-1,102,800", "End Cash Position": "2,714,800", "Capital Expenditure": "-537,800", "Issuance of Capital Stock": "-", "Issuance of Debt": "2,346,800", "Repayment of Debt": "-1,159,200", "Repurchase of Capital Stock": "-1,200", "Free Cash Flow": "3,186,500"}, "5/31/2020": {"Duration": "5/31/2020", "Operating Cash Flow": "3,676,200", "Investing Cash Flow": "-486,200", "Financing Cash Flow": "-1,941,500", "End Cash Position": "1,677,800", "Capital Expenditure": "-460,800", "Issuance of Capital Stock": "0", "Issuance of Debt": "1,638,100", "Repayment of Debt": "-1,396,700", "Repurchase of Capital Stock": "-3,400", "Free Cash Flow": "3,215,400"}, "5/31/2019": {"Duration": "5/31/2019", "Operating Cash Flow": "2,807,000", "Investing Cash Flow": "-556,500", "Financing Cash Flow": "-2,176,400", "End Cash Position": "450,000", "Capital Expenditure": "-537,600", "Issuance of Capital Stock": "0", "Issuance of Debt": "339,100", "Repayment of Debt": "-1,493,800", "Repurchase of Capital Stock": "-1,100", "Free Cash Flow": "2,269,400"}, "5/31/2018": {"Duration": "5/31/2018", "Operating Cash Flow": "2,841,000", "Investing Cash Flow": "-8,685,400", "Financing Cash Flow": "5,445,500", "End Cash Position": "399,000", "Capital Expenditure": "-622,700", "Issuance of Capital Stock": "969,900", "Issuance of Debt": "6,550,000", "Repayment of Debt": "-600,100", "Repurchase of Capital Stock": "-601,600", "Free Cash Flow": "2,218,300"}}}}, {"INGR": {"quote": {"05/11/2021": {"value": "95.45", "Market Cap": "6.393B", "Beta (5Y Monthly)": "0.83", "PE Ratio (TTM)": "242.26", "EPS (TTM)": "0.39", "Earnings Date": "Aug 02, 2021 - Aug 06, 2021", "Forward Dividend & Yield": "2.56 (2.69%)", "Ex-Dividend Date": "Mar 31, 2021", "1y Target Est": "92.00"}}, "fin": {"TTM": {"Duration": "TTM", "Total Revenue": "5,987,000", "Cost of Revenue": "4,715,000", "Gross Profit": "1,272,000", "Operating Expense": "597,000", "Operating Income": "675,000", "Net Non Operating Interest Income Expense": "-62,000", "Other Income Expense": "-107,000", "Pretax Income": "506,000", "Tax Provision": "152,000", "Net Income Common Stockholders": "348,000", "Diluted NI Available to Com Stockholders": "348,000", "Basic EPS": "-", "Diluted EPS": "-", "Basic Average Shares": "-", "Diluted Average Shares": "-", "Total Operating Income as Reported": "582,000", "Total Expenses": "5,312,000", "Net Income from Continuing & Discontinued Operation": "348,000", "Normalized Income": "426,400", "Interest Income": "6,000", "Interest Expense": "68,000", "Net Interest Income": "-62,000", "EBIT": "574,000", "EBITDA": "787,000", "Reconciled Cost of Revenue": "4,715,000", "Reconciled Depreciation": "213,000", "Net Income from Continuing Operation Net Minority Interest": "348,000", "Total Unusual Items Excluding Goodwill": "-112,000", "Total Unusual Items": "-112,000", "Normalized EBITDA": "899,000", "Tax Rate for Calcs": "0", "Tax Effect of Unusual Items": "-33,600"}, "12/31/2020": {"Duration": "12/31/2020", "Total Revenue": "5,987,000", "Cost of Revenue": "4,715,000", "Gross Profit": "1,272,000", "Operating Expense": "597,000", "Operating Income": "675,000", "Net Non Operating Interest Income Expense": "-62,000", "Other Income Expense": "-107,000", "Pretax Income": "506,000", "Tax Provision": "152,000", "Net Income Common Stockholders": "348,000", "Diluted NI Available to Com Stockholders": "348,000", "Basic EPS": "-", "Diluted EPS": "-", "Basic Average Shares": "-", "Diluted Average Shares": "-", "Total Operating Income as Reported": "582,000", "Total Expenses": "5,312,000", "Net Income from Continuing & Discontinued Operation": "348,000", "Normalized Income": "426,400", "Interest Income": "6,000", "Interest Expense": "68,000", "Net Interest Income": "-62,000", "EBIT": "574,000", "EBITDA": "-", "Reconciled Cost of Revenue": "4,715,000", "Reconciled Depreciation": "213,000", "Net Income from Continuing Operation Net Minority Interest": "348,000", "Total Unusual Items Excluding Goodwill": "-112,000", "Total Unusual Items": "-112,000", "Normalized EBITDA": "899,000", "Tax Rate for Calcs": "0", "Tax Effect of Unusual Items": "-33,600"}, "12/31/2019": {"Duration": "12/31/2019", "Total Revenue": "6,209,000", "Cost of Revenue": "4,897,000", "Gross Profit": "1,312,000", "Operating Expense": "591,000", "Operating Income": "721,000", "Net Non Operating Interest Income Expense": "-77,000", "Other Income Expense": "-62,000", "Pretax Income": "582,000", "Tax Provision": "158,000", "Net Income Common Stockholders": "413,000", "Diluted NI Available to Com Stockholders": "413,000", "Basic EPS": "6.17", "Diluted EPS": "6.13", "Basic Average Shares": "66,900", "Diluted Average Shares": "67,400", "Total Operating Income as Reported": "664,000", "Total Expenses": "5,488,000", "Net Income from Continuing & Discontinued Operation": "413,000", "Normalized Income": "457,469", "Interest Income": "7,000", "Interest Expense": "84,000", "Net Interest Income": "-77,000", "EBIT": "666,000", "EBITDA": "-", "Reconciled Cost of Revenue": "4,897,000", "Reconciled Depreciation": "220,000", "Net Income from Continuing Operation Net Minority Interest": "413,000", "Total Unusual Items Excluding Goodwill": "-61,000", "Total Unusual Items": "-61,000", "Normalized EBITDA": "947,000", "Tax Rate for Calcs": "0", "Tax Effect of Unusual Items": "-16,531"}, "12/31/2018": {"Duration": "12/31/2018", "Total Revenue": "6,289,000", "Cost of Revenue": "4,921,000", "Gross Profit": "1,368,000", "Operating Expense": "601,000", "Operating Income": "767,000", "Net Non Operating Interest Income Expense": "-72,000", "Other Income Expense": "-74,000", "Pretax Income": "621,000", "Tax Provision": "167,000", "Net Income Common Stockholders": "443,000", "Diluted NI Available to Com Stockholders": "443,000", "Basic EPS": "6.25", "Diluted EPS": "6.17", "Basic Average Shares": "70,900", "Diluted Average Shares": "71,800", "Total Operating Income as Reported": "703,000", "Total Expenses": "5,522,000", "Net Income from Continuing & Discontinued Operation": "443,000", "Normalized Income": "500,018", "Interest Income": "9,000", "Interest Expense": "81,000", "Net Interest Income": "-72,000", "EBIT": "702,000", "EBITDA": "-", "Reconciled Cost of Revenue": "4,921,000", "Reconciled Depreciation": "247,000", "Net Income from Continuing Operation Net Minority Interest": "443,000", "Total Unusual Items Excluding Goodwill": "-78,000", "Total Unusual Items": "-78,000", "Normalized EBITDA": "1,027,000", "Tax Rate for Calcs": "0", "Tax Effect of Unusual Items": "-20,982"}}, "bs": {"12/31/2020": {"Duration": "12/31/2020", "Total Assets": "6,858,000", "Total Liabilities Net Minority Interest": "3,856,000", "Total Equity Gross Minority Interest": "3,002,000", "Total Capitalization": "4,729,000", "Common Stock Equity": "2,981,000", "Capital Lease Obligations": "182,000", "Net Tangible Assets": "1,635,000", "Working Capital": "1,189,000", "Invested Capital": "5,167,000", "Tangible Book Value": "1,635,000", "Total Debt": "2,368,000", "Net Debt": "1,521,000", "Share Issued": "77,811", "Ordinary Shares Number": "67,016", "Treasury Shares Number": "10,795"}, "12/31/2019": {"Duration": "12/31/2019", "Total Assets": "6,040,000", "Total Liabilities Net Minority Interest": "3,299,000", "Total Equity Gross Minority Interest": "2,741,000", "Total Capitalization": "4,485,000", "Common Stock Equity": "2,720,000", "Capital Lease Obligations": "161,000", "Net Tangible Assets": "1,482,000", "Working Capital": "1,193,000", "Invested Capital": "4,567,000", "Tangible Book Value": "1,482,000", "Total Debt": "2,008,000", "Net Debt": "1,583,000", "Share Issued": "77,811", "Ordinary Shares Number": "66,817", "Treasury Shares Number": "10,993"}, "12/31/2018": {"Duration": "12/31/2018", "Total Assets": "5,728,000", "Total Liabilities Net Minority Interest": "3,320,000", "Total Equity Gross Minority Interest": "2,408,000", "Total Capitalization": "4,320,000", "Common Stock Equity": "2,388,000", "Capital Lease Obligations": "-", "Net Tangible Assets": "1,137,000", "Working Capital": "1,192,000", "Invested Capital": "4,489,000", "Tangible Book Value": "1,137,000", "Total Debt": "2,101,000", "Net Debt": "1,774,000", "Share Issued": "77,811", "Ordinary Shares Number": "66,526", "Treasury Shares Number": "11,285"}}, "cf": {"TTM": {"Duration": "TTM", "Operating Cash Flow": "829,000", "Investing Cash Flow": "-571,000", "Financing Cash Flow": "143,000", "End Cash Position": "665,000", "Capital Expenditure": "-340,000", "Issuance of Capital Stock": "0", "Issuance of Debt": "1,550,000", "Repayment of Debt": "-1,224,000", "Repurchase of Capital Stock": "-", "Free Cash Flow": "489,000"}, "12/31/2020": {"Duration": "12/31/2020", "Operating Cash Flow": "829,000", "Investing Cash Flow": "-571,000", "Financing Cash Flow": "143,000", "End Cash Position": "665,000", "Capital Expenditure": "-340,000", "Issuance of Capital Stock": "-", "Issuance of Debt": "1,550,000", "Repayment of Debt": "-1,224,000", "Repurchase of Capital Stock": "-", "Free Cash Flow": "489,000"}, "12/31/2019": {"Duration": "12/31/2019", "Operating Cash Flow": "680,000", "Investing Cash Flow": "-374,000", "Financing Cash Flow": "-364,000", "End Cash Position": "264,000", "Capital Expenditure": "-328,000", "Issuance of Capital Stock": "63,000", "Issuance of Debt": "1,209,000", "Repayment of Debt": "-1,465,000", "Repurchase of Capital Stock": "-", "Free Cash Flow": "352,000"}, "12/31/2018": {"Duration": "12/31/2018", "Operating Cash Flow": "703,000", "Investing Cash Flow": "-361,000", "Financing Cash Flow": "-589,000", "End Cash Position": "327,000", "Capital Expenditure": "-350,000", "Issuance of Capital Stock": "1,000", "Issuance of Debt": "987,000", "Repayment of Debt": "-738,000", "Repurchase of Capital Stock": "-657,000", "Free Cash Flow": "353,000"}}}}, {"LNCE": {"quote": {"05/11/2021": {"value": "", "Net Assets": "N/A", "Beta (5Y Monthly)": "N/A", "Yield": "N/A", "5y Average Return": "N/A", "Holdings Turnover": "N/A", "Last Dividend": "N/A", "Average for Category": "N/A", "Inception Date": "N/A"}}, "fin": {}, "bs": {}, "cf": {}}}, {"OPCO": {"fin": {}, "bs": {}, "cf": {}}}]