[{"SCHL": {"quote": {"03/23/2021": {"value": "28.44", "Market Cap": "976.291M", "Beta (5Y Monthly)": "0.97", "PE Ratio (TTM)": "N/A", "EPS (TTM)": "-0.92", "Earnings Date": "Mar 18, 2021", "Forward Dividend & Yield": "0.60 (1.91%)", "Ex-Dividend Date": "Apr 29, 2021", "1y Target Est": "26.00"}}, "fin": {"TTM": {"Duration": "TTM", "Total Revenue": "1,182,900", "Cost of Revenue": "635,100", "Gross Profit": "547,800", "Operating Expense": "597,700", "Operating Income": "-49,900", "Net Non Operating Interest Income Expense": "-5,000", "Other Income Expense": "-18,700", "Pretax Income": "-73,600", "Tax Provision": "-42,000", "Net Income Common Stockholders": "-31,600", "Diluted NI Available to Com Stockholders": "-31,600", "Basic EPS": "-", "Diluted EPS": "-", "Basic Average Shares": "-", "Diluted Average Shares": "-", "Total Operating Income as Reported": "-78,600", "Total Expenses": "1,232,800", "Net Income from Continuing & Discontinued Operation": "-31,600", "Normalized Income": "-20,620", "Interest Income": "-", "Interest Expense": "-", "Net Interest Income": "-5,000", "EBIT": "-105,900", "EBITDA": "-44,600", "Reconciled Cost of Revenue": "635,100", "Reconciled Depreciation": "61,300", "Net Income from Continuing Operation Net Minority Interest": "-31,600", "Total Unusual Items Excluding Goodwill": "-18,300", "Total Unusual Items": "-18,300", "Normalized EBITDA": "-26,300", "Tax Rate for Calcs": "0", "Tax Effect of Unusual Items": "-7,320"}, "5/31/2020": {"Duration": "5/31/2020", "Total Revenue": "1,487,100", "Cost of Revenue": "751,000", "Gross Profit": "736,100", "Operating Expense": "766,800", "Operating Income": "-30,700", "Net Non Operating Interest Income Expense": "100", "Other Income Expense": "-59,100", "Pretax Income": "-89,700", "Tax Provision": "-46,000", "Net Income Common Stockholders": "-43,800", "Diluted NI Available to Com Stockholders": "-43,800", "Basic EPS": "-1.27", "Diluted EPS": "-1.27", "Basic Average Shares": "34,622", "Diluted Average Shares": "34,622", "Total Operating Income as Reported": "-88,500", "Total Expenses": "1,517,800", "Net Income from Continuing & Discontinued Operation": "-43,800", "Normalized Income": "-1,606", "Interest Income": "3,100", "Interest Expense": "3,000", "Net Interest Income": "100", "EBIT": "-86,700", "EBITDA": "-", "Reconciled Cost of Revenue": "748,500", "Reconciled Depreciation": "64,000", "Net Income from Continuing Operation Net Minority Interest": "-43,800", "Total Unusual Items Excluding Goodwill": "-57,800", "Total Unusual Items": "-57,800", "Normalized EBITDA": "35,100", "Tax Rate for Calcs": "0", "Tax Effect of Unusual Items": "-15,606"}, "5/31/2019": {"Duration": "5/31/2019", "Total Revenue": "1,653,900", "Cost of Revenue": "779,900", "Gross Profit": "874,000", "Operating Expense": "837,500", "Operating Income": "36,500", "Net Non Operating Interest Income Expense": "3,400", "Other Income Expense": "-13,900", "Pretax Income": "26,000", "Tax Provision": "10,400", "Net Income Common Stockholders": "15,600", "Diluted NI Available to Com Stockholders": "15,600", "Basic EPS": "0.44", "Diluted EPS": "0.43", "Basic Average Shares": "35,201", "Diluted Average Shares": "35,772", "Total Operating Income as Reported": "25,000", "Total Expenses": "1,617,400", "Net Income from Continuing & Discontinued Operation": "15,600", "Normalized Income": "23,463", "Interest Income": "5,600", "Interest Expense": "2,200", "Net Interest Income": "3,400", "EBIT": "28,200", "EBITDA": "-", "Reconciled Cost of Revenue": "776,700", "Reconciled Depreciation": "59,300", "Net Income from Continuing Operation Net Minority Interest": "15,600", "Total Unusual Items Excluding Goodwill": "-12,500", "Total Unusual Items": "-12,500", "Normalized EBITDA": "100,000", "Tax Rate for Calcs": "0", "Tax Effect of Unusual Items": "-4,637"}, "5/31/2018": {"Duration": "5/31/2018", "Total Revenue": "1,628,400", "Cost of Revenue": "744,600", "Gross Profit": "883,800", "Operating Expense": "807,100", "Operating Income": "76,700", "Net Non Operating Interest Income Expense": "1,100", "Other Income Expense": "-79,300", "Pretax Income": "-1,500", "Tax Provision": "3,500", "Net Income Common Stockholders": "-5,000", "Diluted NI Available to Com Stockholders": "-5,000", "Basic EPS": "-0.14", "Diluted EPS": "-0.14", "Basic Average Shares": "35,016", "Diluted Average Shares": "35,016", "Total Operating Income as Reported": "55,600", "Total Expenses": "1,551,700", "Net Income from Continuing & Discontinued Operation": "-5,000", "Normalized Income": "10,403", "Interest Income": "3,100", "Interest Expense": "2,000", "Net Interest Income": "1,100", "EBIT": "500", "EBITDA": "-", "Reconciled Cost of Revenue": "744,300", "Reconciled Depreciation": "44,200", "Net Income from Continuing Operation Net Minority Interest": "-5,000", "Total Unusual Items Excluding Goodwill": "-21,100", "Total Unusual Items": "-21,100", "Normalized EBITDA": "65,800", "Tax Rate for Calcs": "0", "Tax Effect of Unusual Items": "-5,697"}}, "bs": {"5/31/2020": {"Duration": "5/31/2020", "Total Assets": "2,033,600", "Total Liabilities Net Minority Interest": "853,000", "Total Equity Gross Minority Interest": "1,180,600", "Total Capitalization": "1,389,800", "Common Stock Equity": "1,179,200", "Capital Lease Obligations": "98,500", "Net Tangible Assets": "1,041,700", "Working Capital": "533,800", "Invested Capital": "1,397,700", "Tangible Book Value": "1,041,700", "Total Debt": "317,000", "Share Issued": "44,600", "Ordinary Shares Number": "34,200", "Treasury Shares Number": "10,400"}, "5/31/2019": {"Duration": "5/31/2019", "Total Assets": "1,878,500", "Total Liabilities Net Minority Interest": "605,700", "Total Equity Gross Minority Interest": "1,272,800", "Total Capitalization": "1,271,500", "Common Stock Equity": "1,271,500", "Capital Lease Obligations": "10,100", "Net Tangible Assets": "1,132,000", "Working Capital": "419,100", "Invested Capital": "1,278,800", "Tangible Book Value": "1,132,000", "Total Debt": "7,300", "Share Issued": "44,600", "Ordinary Shares Number": "35,100", "Treasury Shares Number": "9,500"}, "5/31/2018": {"Duration": "5/31/2018", "Total Assets": "1,825,400", "Total Liabilities Net Minority Interest": "504,600", "Total Equity Gross Minority Interest": "1,320,800", "Total Capitalization": "1,320,800", "Common Stock Equity": "1,320,800", "Capital Lease Obligations": "-", "Net Tangible Assets": "1,189,400", "Working Capital": "512,500", "Invested Capital": "1,328,700", "Tangible Book Value": "1,189,400", "Total Debt": "7,900", "Share Issued": "44,600", "Ordinary Shares Number": "35,000", "Treasury Shares Number": "9,600"}}, "cf": {"TTM": {"Duration": "TTM", "Operating Cash Flow": "-", "Investing Cash Flow": "-", "Financing Cash Flow": "-", "End Cash Position": "-", "Income Tax Paid Supplemental Data": "-", "Interest Paid Supplemental Data": "-", "Capital Expenditure": "-", "Issuance of Debt": "-", "Repayment of Debt": "-", "Repurchase of Capital Stock": "-", "Free Cash Flow": "-"}, "5/31/2020": {"Duration": "5/31/2020", "Operating Cash Flow": "2,100", "Investing Cash Flow": "-95,700", "Financing Cash Flow": "154,100", "End Cash Position": "393,800", "Income Tax Paid Supplemental Data": "7,200", "Interest Paid Supplemental Data": "1,500", "Capital Expenditure": "-66,000", "Issuance of Debt": "234,200", "Repayment of Debt": "-28,700", "Repurchase of Capital Stock": "-35,500", "Free Cash Flow": "-63,900"}, "5/31/2019": {"Duration": "5/31/2019", "Operating Cash Flow": "116,400", "Investing Cash Flow": "-147,300", "Financing Cash Flow": "-25,700", "End Cash Position": "334,100", "Income Tax Paid Supplemental Data": "2,500", "Interest Paid Supplemental Data": "1,300", "Capital Expenditure": "-95,000", "Issuance of Debt": "58,800", "Repayment of Debt": "-61,700", "Repurchase of Capital Stock": "-8,500", "Free Cash Flow": "21,400"}, "5/31/2018": {"Duration": "5/31/2018", "Operating Cash Flow": "141,500", "Investing Cash Flow": "-162,000", "Financing Cash Flow": "-32,000", "End Cash Position": "391,900", "Income Tax Paid Supplemental Data": "14,500", "Interest Paid Supplemental Data": "1,400", "Capital Expenditure": "-121,500", "Issuance of Debt": "44,900", "Repayment of Debt": "-43,300", "Repurchase of Capital Stock": "-27,300", "Free Cash Flow": "20,000"}}}}, {"EDUC": {"quote": {"05/11/2021": {"value": "16.70", "Market Cap": "139.461M", "Beta (5Y Monthly)": "1.16", "PE Ratio (TTM)": "12.70", "EPS (TTM)": "1.32", "Earnings Date": "Jan 11, 2021", "Forward Dividend & Yield": "0.40 (2.41%)", "Ex-Dividend Date": "Feb 22, 2021", "1y Target Est": "N/A"}}, "fin": {"TTM": {"Duration": "TTM", "Total Revenue": "204,635", "Cost of Revenue": "60,037", "Gross Profit": "144,598", "Operating Expense": "128,642", "Operating Income": "15,956", "Net Non Operating Interest Income Expense": "-561", "Other Income Expense": "1,836", "Pretax Income": "17,231", "Tax Provision": "4,607", "Net Income Common Stockholders": "12,624", "Diluted NI Available to Com Stockholders": "12,624", "Basic EPS": "-", "Diluted EPS": "-", "Basic Average Shares": "-", "Diluted Average Shares": "-", "Total Operating Income as Reported": "-", "Total Expenses": "188,679", "Net Income from Continuing & Discontinued Operation": "12,624", "Normalized Income": "12,624", "Interest Expense": "561", "Net Interest Income": "-561", "EBIT": "17,792", "EBITDA": "19,425", "Reconciled Cost of Revenue": "60,037", "Reconciled Depreciation": "1,633", "Net Income from Continuing Operation Net Minority Interest": "12,624", "Total Unusual Items Excluding Goodwill": "-", "Total Unusual Items": "-", "Normalized EBITDA": "19,425", "Tax Rate for Calcs": "0", "Tax Effect of Unusual Items": "0"}, "2/29/2020": {"Duration": "2/29/2020", "Total Revenue": "113,012", "Cost of Revenue": "36,863", "Gross Profit": "76,149", "Operating Expense": "69,106", "Operating Income": "7,043", "Net Non Operating Interest Income Expense": "-888.1", "Other Income Expense": "1,597", "Pretax Income": "7,752", "Tax Provision": "2,107", "Net Income Common Stockholders": "5,645", "Diluted NI Available to Com Stockholders": "5,645", "Basic EPS": "0.68", "Diluted EPS": "0.68", "Basic Average Shares": "8,318", "Diluted Average Shares": "8,323", "Total Operating Income as Reported": "-", "Total Expenses": "105,969", "Net Income from Continuing & Discontinued Operation": "5,645", "Normalized Income": "5,645", "Interest Expense": "888.1", "Net Interest Income": "-888.1", "EBIT": "8,640", "EBITDA": "-", "Reconciled Cost of Revenue": "36,863", "Reconciled Depreciation": "1,426", "Net Income from Continuing Operation Net Minority Interest": "5,645", "Total Unusual Items Excluding Goodwill": "-", "Total Unusual Items": "-", "Normalized EBITDA": "10,066", "Tax Rate for Calcs": "0", "Tax Effect of Unusual Items": "0"}, "2/28/2019": {"Duration": "2/28/2019", "Total Revenue": "118,811", "Cost of Revenue": "39,064", "Gross Profit": "79,748", "Operating Expense": "71,195", "Operating Income": "8,552", "Net Non Operating Interest Income Expense": "-931.3", "Other Income Expense": "1,560", "Pretax Income": "9,181", "Tax Provision": "2,502", "Net Income Common Stockholders": "6,678", "Diluted NI Available to Com Stockholders": "6,678", "Basic EPS": "0.82", "Diluted EPS": "0.81", "Basic Average Shares": "8,144", "Diluted Average Shares": "8,245", "Total Operating Income as Reported": "-", "Total Expenses": "110,259", "Net Income from Continuing & Discontinued Operation": "6,678", "Normalized Income": "6,678", "Interest Expense": "931.3", "Net Interest Income": "-931.3", "EBIT": "10,112", "EBITDA": "-", "Reconciled Cost of Revenue": "39,064", "Reconciled Depreciation": "1,456", "Net Income from Continuing Operation Net Minority Interest": "6,678", "Total Unusual Items Excluding Goodwill": "-", "Total Unusual Items": "-", "Normalized EBITDA": "11,568", "Tax Rate for Calcs": "0", "Tax Effect of Unusual Items": "0"}, "2/28/2021": {"Duration": "2/28/2021", "Total Revenue": "204,635", "Cost of Revenue": "60,037", "Gross Profit": "144,598", "Operating Expense": "128,642", "Operating Income": "15,956", "Net Non Operating Interest Income Expense": "-561", "Other Income Expense": "1,836", "Pretax Income": "17,231", "Tax Provision": "4,607", "Net Income Common Stockholders": "12,624", "Diluted NI Available to Com Stockholders": "12,624", "Basic EPS": "1.51", "Diluted EPS": "1.50", "Basic Average Shares": "8,352", "Diluted Average Shares": "8,427", "Total Operating Income as Reported": "-", "Total Expenses": "188,679", "Net Income from Continuing & Discontinued Operation": "12,624", "Normalized Income": "12,624", "Interest Expense": "561", "Net Interest Income": "-561", "EBIT": "17,792", "EBITDA": "-", "Reconciled Cost of Revenue": "60,037", "Reconciled Depreciation": "1,633", "Net Income from Continuing Operation Net Minority Interest": "12,624", "Total Unusual Items Excluding Goodwill": "-", "Total Unusual Items": "-", "Normalized EBITDA": "19,425", "Tax Rate for Calcs": "0", "Tax Effect of Unusual Items": "0"}, "2/28/2018": {"Duration": "2/28/2018", "Total Revenue": "111,966", "Cost of Revenue": "30,931", "Gross Profit": "81,035", "Operating Expense": "73,667", "Operating Income": "7,368", "Net Non Operating Interest Income Expense": "-1,119", "Other Income Expense": "1,584", "Pretax Income": "7,833", "Tax Provision": "2,618", "Net Income Common Stockholders": "5,215", "Diluted NI Available to Com Stockholders": "5,215", "Basic EPS": "0.64", "Diluted EPS": "0.64", "Basic Average Shares": "8,176", "Diluted Average Shares": "8,181", "Total Operating Income as Reported": "-", "Total Expenses": "104,598", "Net Income from Continuing & Discontinued Operation": "5,215", "Normalized Income": "5,215", "Interest Expense": "1,120", "Net Interest Income": "-1,119", "EBIT": "8,952", "EBITDA": "-", "Reconciled Cost of Revenue": "30,931", "Reconciled Depreciation": "1,251", "Net Income from Continuing Operation Net Minority Interest": "5,215", "Total Unusual Items Excluding Goodwill": "0", "Total Unusual Items": "0", "Normalized EBITDA": "10,203", "Tax Rate for Calcs": "0", "Tax Effect of Unusual Items": "0"}, "2/28/2017": {"Duration": "2/28/2017", "Total Revenue": "106,628", "Cost of Revenue": "28,614", "Gross Profit": "78,015", "Operating Expense": "72,986", "Operating Income": "5,029", "Net Non Operating Interest Income Expense": "-1,029", "Other Income Expense": "612.4", "Pretax Income": "4,612", "Tax Provision": "1,751", "Net Income Common Stockholders": "2,861", "Diluted NI Available to Com Stockholders": "2,861", "Basic EPS": "0.35", "Diluted EPS": "0.35", "Basic Average Shares": "8,155", "Diluted Average Shares": "8,166", "Total Operating Income as Reported": "-", "Total Expenses": "101,600", "Net Income from Continuing & Discontinued Operation": "2,861", "Normalized Income": "3,532", "Interest Expense": "1,029", "Net Interest Income": "-1,029", "EBIT": "5,641", "EBITDA": "-", "Reconciled Cost of Revenue": "28,614", "Reconciled Depreciation": "1,079", "Net Income from Continuing Operation Net Minority Interest": "2,861", "Total Unusual Items Excluding Goodwill": "-1,082", "Total Unusual Items": "-1,082", "Normalized EBITDA": "7,802", "Tax Rate for Calcs": "0", "Tax Effect of Unusual Items": "-411.274"}, "2/29/2016": {"Duration": "2/29/2016", "Total Revenue": "63,618", "Cost of Revenue": "20,494", "Gross Profit": "43,124", "Operating Expense": "39,811", "Operating Income": "3,313", "Net Non Operating Interest Income Expense": "-244.9", "Other Income Expense": "477.4", "Pretax Income": "3,546", "Tax Provision": "1,427", "Net Income Common Stockholders": "2,119", "Diluted NI Available to Com Stockholders": "2,119", "Basic EPS": "0.26", "Diluted EPS": "0.26", "Basic Average Shares": "8,098", "Diluted Average Shares": "8,103", "Total Operating Income as Reported": "-", "Total Expenses": "60,305", "Net Income from Continuing & Discontinued Operation": "2,119", "Normalized Income": "2,119", "Interest Expense": "244.9", "Net Interest Income": "-244.9", "EBIT": "3,791", "EBITDA": "-", "Reconciled Cost of Revenue": "20,494", "Reconciled Depreciation": "274.5", "Net Income from Continuing Operation Net Minority Interest": "2,119", "Total Unusual Items Excluding Goodwill": "-", "Total Unusual Items": "-", "Normalized EBITDA": "4,065", "Tax Rate for Calcs": "0", "Tax Effect of Unusual Items": "0"}, "2/28/2015": {"Duration": "2/28/2015", "Total Revenue": "32,548", "Cost of Revenue": "12,764", "Gross Profit": "19,784", "Operating Expense": "18,398", "Operating Income": "1,386", "Net Non Operating Interest Income Expense": "-", "Other Income Expense": "16.1", "Pretax Income": "1,403", "Tax Provision": "543.3", "Net Income Common Stockholders": "859.2", "Diluted NI Available to Com Stockholders": "859.2", "Basic EPS": "0.10", "Diluted EPS": "0.10", "Basic Average Shares": "8,007", "Diluted Average Shares": "8,007", "Total Operating Income as Reported": "-", "Total Expenses": "31,162", "Net Income from Continuing & Discontinued Operation": "859.2", "Normalized Income": "859.2", "Interest Expense": "-", "Net Interest Income": "-", "EBIT": "1,386", "EBITDA": "-", "Reconciled Cost of Revenue": "12,764", "Reconciled Depreciation": "129.4", "Net Income from Continuing Operation Net Minority Interest": "859.2", "Total Unusual Items Excluding Goodwill": "-", "Total Unusual Items": "-", "Normalized EBITDA": "1,516", "Tax Rate for Calcs": "0", "Tax Effect of Unusual Items": "0"}, "2/28/2014": {"Duration": "2/28/2014", "Total Revenue": "26,097", "Cost of Revenue": "10,524", "Gross Profit": "15,574", "Operating Expense": "14,322", "Operating Income": "1,252", "Net Non Operating Interest Income Expense": "-", "Other Income Expense": "-378.2", "Pretax Income": "873.5", "Tax Provision": "515.9", "Net Income Common Stockholders": "357.6", "Diluted NI Available to Com Stockholders": "357.6", "Basic EPS": "0.04", "Diluted EPS": "0.04", "Basic Average Shares": "7,936", "Diluted Average Shares": "7,936", "Total Operating Income as Reported": "-", "Total Expenses": "24,845", "Net Income from Continuing & Discontinued Operation": "357.6", "Normalized Income": "357.6", "Interest Expense": "-", "Net Interest Income": "-", "EBIT": "1,252", "EBITDA": "-", "Reconciled Cost of Revenue": "10,524", "Reconciled Depreciation": "115.4", "Net Income from Continuing Operation Net Minority Interest": "357.6", "Total Unusual Items Excluding Goodwill": "-", "Total Unusual Items": "-", "Normalized EBITDA": "1,367", "Tax Rate for Calcs": "0", "Tax Effect of Unusual Items": "0"}, "2/28/2013": {"Duration": "2/28/2013", "Total Revenue": "25,488", "Cost of Revenue": "10,494", "Gross Profit": "14,993", "Operating Expense": "13,765", "Operating Income": "1,228", "Net Non Operating Interest Income Expense": "-", "Other Income Expense": "53.9", "Pretax Income": "1,282", "Tax Provision": "479.1", "Net Income Common Stockholders": "802.9", "Diluted NI Available to Com Stockholders": "802.9", "Basic EPS": "0.10", "Diluted EPS": "0.10", "Basic Average Shares": "7,869", "Diluted Average Shares": "7,869", "Total Operating Income as Reported": "-", "Total Expenses": "24,259", "Net Income from Continuing & Discontinued Operation": "802.9", "Normalized Income": "802.9", "Interest Expense": "-", "Net Interest Income": "-", "EBIT": "1,228", "EBITDA": "-", "Reconciled Cost of Revenue": "10,494", "Reconciled Depreciation": "114.2", "Net Income from Continuing Operation Net Minority Interest": "802.9", "Total Unusual Items Excluding Goodwill": "-", "Total Unusual Items": "-", "Normalized EBITDA": "1,342", "Tax Rate for Calcs": "0", "Tax Effect of Unusual Items": "0"}, "2/29/2012": {"Duration": "2/29/2012", "Total Revenue": "26,273", "Cost of Revenue": "10,549", "Gross Profit": "15,724", "Operating Expense": "13,538", "Operating Income": "2,186", "Net Non Operating Interest Income Expense": "-", "Other Income Expense": "91.5", "Pretax Income": "2,278", "Tax Provision": "856.8", "Net Income Common Stockholders": "1,421", "Diluted NI Available to Com Stockholders": "1,421", "Basic EPS": "0.18", "Diluted EPS": "0.18", "Basic Average Shares": "7,796", "Diluted Average Shares": "7,798", "Total Operating Income as Reported": "2,186", "Total Expenses": "24,087", "Net Income from Continuing & Discontinued Operation": "1,421", "Normalized Income": "1,364", "Interest Expense": "-", "Net Interest Income": "-", "EBIT": "2,186", "EBITDA": "-", "Reconciled Cost of Revenue": "10,549", "Reconciled Depreciation": "118.1", "Net Income from Continuing Operation Net Minority Interest": "1,421", "Total Unusual Items Excluding Goodwill": "91.5", "Total Unusual Items": "91.5", "Normalized EBITDA": "2,213", "Tax Rate for Calcs": "0", "Tax Effect of Unusual Items": "34.4195"}, "2/28/2011": {"Duration": "2/28/2011", "Total Revenue": "27,243", "Cost of Revenue": "10,285", "Gross Profit": "16,959", "Operating Expense": "15,026", "Operating Income": "1,932", "Net Non Operating Interest Income Expense": "-", "Other Income Expense": "-61.9", "Pretax Income": "1,870", "Tax Provision": "702", "Net Income Common Stockholders": "1,168", "Diluted NI Available to Com Stockholders": "1,168", "Basic EPS": "0.15", "Diluted EPS": "0.15", "Basic Average Shares": "7,776", "Diluted Average Shares": "7,781", "Total Operating Income as Reported": "-", "Total Expenses": "25,311", "Net Income from Continuing & Discontinued Operation": "1,168", "Normalized Income": "1,207", "Interest Expense": "-", "Net Interest Income": "-", "EBIT": "1,932", "EBITDA": "-", "Reconciled Cost of Revenue": "10,285", "Reconciled Depreciation": "124.7", "Net Income from Continuing Operation Net Minority Interest": "1,168", "Total Unusual Items Excluding Goodwill": "-61.9", "Total Unusual Items": "-61.9", "Normalized EBITDA": "2,119", "Tax Rate for Calcs": "0", "Tax Effect of Unusual Items": "-23.2348"}, "2/28/2010": {"Duration": "2/28/2010", "Total Revenue": "28,671", "Cost of Revenue": "10,538", "Gross Profit": "18,133", "Operating Expense": "15,205", "Operating Income": "2,927", "Net Non Operating Interest Income Expense": "-", "Other Income Expense": "-125.2", "Pretax Income": "3,052", "Tax Provision": "1,139", "Net Income Common Stockholders": "1,914", "Diluted NI Available to Com Stockholders": "1,914", "Basic EPS": "0.24", "Diluted EPS": "0.24", "Basic Average Shares": "7,733", "Diluted Average Shares": "7,736", "Total Operating Income as Reported": "-", "Total Expenses": "25,744", "Net Income from Continuing & Discontinued Operation": "1,914", "Normalized Income": "1,992", "Interest Expense": "-", "Net Interest Income": "-", "EBIT": "2,927", "EBITDA": "-", "Reconciled Cost of Revenue": "10,538", "Reconciled Depreciation": "136.5", "Net Income from Continuing Operation Net Minority Interest": "1,914", "Total Unusual Items Excluding Goodwill": "-125.2", "Total Unusual Items": "-125.2", "Normalized EBITDA": "3,189", "Tax Rate for Calcs": "0", "Tax Effect of Unusual Items": "-46.7101"}, "2/28/2009": {"Duration": "2/28/2009", "Total Revenue": "29,398", "Cost of Revenue": "10,582", "Gross Profit": "18,817", "Operating Expense": "15,853", "Operating Income": "2,964", "Net Non Operating Interest Income Expense": "-", "Other Income Expense": "-", "Pretax Income": "3,139", "Tax Provision": "1,226", "Net Income Common Stockholders": "1,913", "Diluted NI Available to Com Stockholders": "1,913", "Basic EPS": "0.25", "Diluted EPS": "0.25", "Basic Average Shares": "7,593", "Diluted Average Shares": "7,596", "Total Operating Income as Reported": "-", "Total Expenses": "26,434", "Net Income from Continuing & Discontinued Operation": "1,913", "Normalized Income": "1,913", "Interest Expense": "-", "Net Interest Income": "-", "EBIT": "2,964", "EBITDA": "-", "Reconciled Cost of Revenue": "10,582", "Reconciled Depreciation": "139.8", "Net Income from Continuing Operation Net Minority Interest": "1,913", "Total Unusual Items Excluding Goodwill": "-", "Total Unusual Items": "-", "Normalized EBITDA": "3,104", "Tax Rate for Calcs": "0", "Tax Effect of Unusual Items": "0"}, "2/29/2008": {"Duration": "2/29/2008", "Total Revenue": "30,521", "Cost of Revenue": "10,750", "Gross Profit": "19,771", "Operating Expense": "16,215", "Operating Income": "3,555", "Net Non Operating Interest Income Expense": "-", "Other Income Expense": "176.8", "Pretax Income": "3,732", "Tax Provision": "1,408", "Net Income Common Stockholders": "2,324", "Diluted NI Available to Com Stockholders": "2,324", "Basic EPS": "0.31", "Diluted EPS": "0.30", "Basic Average Shares": "7,496", "Diluted Average Shares": "7,720", "Total Operating Income as Reported": "3,555", "Total Expenses": "26,965", "Net Income from Continuing & Discontinued Operation": "2,324", "Normalized Income": "2,214", "Interest Expense": "-", "Net Interest Income": "-", "EBIT": "3,555", "EBITDA": "-", "Reconciled Cost of Revenue": "10,750", "Reconciled Depreciation": "139.4", "Net Income from Continuing Operation Net Minority Interest": "2,324", "Total Unusual Items Excluding Goodwill": "176.8", "Total Unusual Items": "176.8", "Normalized EBITDA": "3,518", "Tax Rate for Calcs": "0", "Tax Effect of Unusual Items": "66.6867"}, "2/28/2007": {"Duration": "2/28/2007", "Total Revenue": "31,403", "Cost of Revenue": "11,275", "Gross Profit": "20,129", "Operating Expense": "16,630", "Operating Income": "3,499", "Net Non Operating Interest Income Expense": "-", "Other Income Expense": "386.927", "Pretax Income": "3,878", "Tax Provision": "1,471", "Net Income Common Stockholders": "2,407", "Diluted NI Available to Com Stockholders": "2,407", "Basic EPS": "0.32", "Diluted EPS": "0.31", "Basic Average Shares": "7,511", "Diluted Average Shares": "7,750", "Total Operating Income as Reported": "3,499", "Total Expenses": "27,905", "Net Income from Continuing & Discontinued Operation": "2,407", "Normalized Income": "2,167", "Interest Expense": "-", "Net Interest Income": "-", "EBIT": "3,499", "EBITDA": "-", "Reconciled Cost of Revenue": "11,275", "Reconciled Depreciation": "143.549", "Net Income from Continuing Operation Net Minority Interest": "2,407", "Total Unusual Items Excluding Goodwill": "386.927", "Total Unusual Items": "386.927", "Normalized EBITDA": "3,255", "Tax Rate for Calcs": "0", "Tax Effect of Unusual Items": "146.765"}, "2/28/2006": {"Duration": "2/28/2006", "Total Revenue": "31,789", "Cost of Revenue": "11,651", "Gross Profit": "20,138", "Operating Expense": "16,334", "Operating Income": "3,804", "Net Non Operating Interest Income Expense": "-", "Other Income Expense": "93.372", "Pretax Income": "3,814", "Tax Provision": "1,416", "Net Income Common Stockholders": "2,398", "Diluted NI Available to Com Stockholders": "2,398", "Basic EPS": "0.32", "Diluted EPS": "0.31", "Basic Average Shares": "7,496", "Diluted Average Shares": "7,797", "Total Operating Income as Reported": "3,804", "Total Expenses": "27,985", "Net Income from Continuing & Discontinued Operation": "2,398", "Normalized Income": "2,340", "Interest Expense": "-", "Net Interest Income": "-", "EBIT": "3,804", "EBITDA": "-", "Reconciled Cost of Revenue": "11,651", "Reconciled Depreciation": "138.023", "Net Income from Continuing Operation Net Minority Interest": "2,398", "Total Unusual Items Excluding Goodwill": "93.372", "Total Unusual Items": "93.372", "Normalized EBITDA": "3,849", "Tax Rate for Calcs": "0", "Tax Effect of Unusual Items": "34.6619"}, "2/28/2005": {"Duration": "2/28/2005", "Total Revenue": "31,651", "Cost of Revenue": "11,338", "Gross Profit": "20,313", "Operating Expense": "16,456", "Operating Income": "3,857", "Net Non Operating Interest Income Expense": "-", "Other Income Expense": "95.625", "Pretax Income": "3,885", "Tax Provision": "1,479", "Net Income Common Stockholders": "2,406", "Diluted NI Available to Com Stockholders": "2,406", "Basic EPS": "0.31", "Diluted EPS": "0.29", "Basic Average Shares": "7,804", "Diluted Average Shares": "8,176", "Total Operating Income as Reported": "3,857", "Total Expenses": "27,794", "Net Income from Continuing & Discontinued Operation": "2,406", "Normalized Income": "2,347", "Interest Expense": "-", "Net Interest Income": "-", "EBIT": "3,857", "EBITDA": "-", "Reconciled Cost of Revenue": "11,338", "Reconciled Depreciation": "125.57", "Net Income from Continuing Operation Net Minority Interest": "2,406", "Total Unusual Items Excluding Goodwill": "95.625", "Total Unusual Items": "95.625", "Normalized EBITDA": "3,887", "Tax Rate for Calcs": "0", "Tax Effect of Unusual Items": "36.4033"}, "2/29/2004": {"Duration": "2/29/2004", "Total Revenue": "30,362", "Cost of Revenue": "10,575", "Gross Profit": "19,788", "Operating Expense": "16,038", "Operating Income": "3,749", "Net Non Operating Interest Income Expense": "-", "Other Income Expense": "92.779", "Pretax Income": "3,832", "Tax Provision": "1,459", "Net Income Common Stockholders": "2,373", "Diluted NI Available to Com Stockholders": "2,373", "Basic EPS": "0.30", "Diluted EPS": "0.28", "Basic Average Shares": "7,896", "Diluted Average Shares": "8,588", "Total Operating Income as Reported": "3,749", "Total Expenses": "26,613", "Net Income from Continuing & Discontinued Operation": "2,373", "Normalized Income": "2,316", "Interest Expense": "9.762", "Net Interest Income": "-9.762", "EBIT": "3,749", "EBITDA": "-", "Reconciled Cost of Revenue": "10,575", "Reconciled Depreciation": "167.5", "Net Income from Continuing Operation Net Minority Interest": "2,373", "Total Unusual Items Excluding Goodwill": "92.779", "Total Unusual Items": "92.779", "Normalized EBITDA": "3,824", "Tax Rate for Calcs": "0", "Tax Effect of Unusual Items": "35.3206"}, "2/28/2003": {"Duration": "2/28/2003", "Total Revenue": "24,880", "Cost of Revenue": "9,591", "Gross Profit": "15,289", "Operating Expense": "12,100", "Operating Income": "3,188", "Net Non Operating Interest Income Expense": "-", "Other Income Expense": "77.207", "Pretax Income": "3,265", "Tax Provision": "1,227", "Net Income Common Stockholders": "2,038", "Diluted NI Available to Com Stockholders": "2,038", "Basic EPS": "0.27", "Diluted EPS": "0.24", "Basic Average Shares": "7,671", "Diluted Average Shares": "8,318", "Total Operating Income as Reported": "3,188", "Total Expenses": "21,692", "Net Income from Continuing & Discontinued Operation": "2,038", "Normalized Income": "1,990", "Interest Expense": "0.884", "Net Interest Income": "-0.884", "EBIT": "3,188", "EBITDA": "-", "Reconciled Cost of Revenue": "9,591", "Reconciled Depreciation": "165.91", "Net Income from Continuing Operation Net Minority Interest": "2,038", "Total Unusual Items Excluding Goodwill": "77.207", "Total Unusual Items": "77.207", "Normalized EBITDA": "3,277", "Tax Rate for Calcs": "0", "Tax Effect of Unusual Items": "29.0095"}, "2/28/2002": {"Duration": "2/28/2002", "Total Revenue": "20,554", "Cost of Revenue": "8,122", "Gross Profit": "12,433", "Operating Expense": "10,049", "Operating Income": "2,384", "Net Non Operating Interest Income Expense": "-", "Other Income Expense": "76.554", "Pretax Income": "2,440", "Tax Provision": "908.8", "Net Income Common Stockholders": "1,531", "Diluted NI Available to Com Stockholders": "1,531", "Basic EPS": "0.20", "Diluted EPS": "0.19", "Basic Average Shares": "7,734", "Diluted Average Shares": "8,124", "Total Operating Income as Reported": "2,384", "Total Expenses": "18,171", "Net Income from Continuing & Discontinued Operation": "1,531", "Normalized Income": "1,483", "Interest Expense": "-", "Net Interest Income": "-", "EBIT": "2,384", "EBITDA": "-", "Reconciled Cost of Revenue": "8,122", "Reconciled Depreciation": "120.738", "Net Income from Continuing Operation Net Minority Interest": "1,531", "Total Unusual Items Excluding Goodwill": "76.554", "Total Unusual Items": "76.554", "Normalized EBITDA": "2,428", "Tax Rate for Calcs": "0", "Tax Effect of Unusual Items": "28.5124"}, "2/28/2001": {"Duration": "2/28/2001", "Total Revenue": "17,597", "Cost of Revenue": "7,228", "Gross Profit": "10,369", "Operating Expense": "8,539", "Operating Income": "1,830", "Net Non Operating Interest Income Expense": "-", "Other Income Expense": "37.507", "Pretax Income": "1,770", "Tax Provision": "680.1", "Net Income Common Stockholders": "1,090", "Diluted NI Available to Com Stockholders": "1,090", "Basic EPS": "0.14", "Diluted EPS": "0.14", "Basic Average Shares": "7,911", "Diluted Average Shares": "8,085", "Total Operating Income as Reported": "1,770", "Total Expenses": "15,767", "Net Income from Continuing & Discontinued Operation": "1,090", "Normalized Income": "1,067", "Interest Expense": "-", "Net Interest Income": "-", "EBIT": "1,830", "EBITDA": "-", "Reconciled Cost of Revenue": "7,228", "Reconciled Depreciation": "59.662", "Net Income from Continuing Operation Net Minority Interest": "1,090", "Total Unusual Items Excluding Goodwill": "37.507", "Total Unusual Items": "37.507", "Normalized EBITDA": "1,852", "Tax Rate for Calcs": "0", "Tax Effect of Unusual Items": "14.4086"}, "2/29/2000": {"Duration": "2/29/2000", "Total Revenue": "16,851", "Cost of Revenue": "6,685", "Gross Profit": "10,166", "Operating Expense": "8,424", "Operating Income": "1,742", "Net Non Operating Interest Income Expense": "-", "Other Income Expense": "51.757", "Pretax Income": "1,748", "Tax Provision": "669", "Net Income Common Stockholders": "1,079", "Diluted NI Available to Com Stockholders": "1,079", "Basic EPS": "0.12", "Diluted EPS": "0.12", "Basic Average Shares": "8,729", "Diluted Average Shares": "8,854", "Total Operating Income as Reported": "1,742", "Total Expenses": "15,110", "Net Income from Continuing & Discontinued Operation": "1,079", "Normalized Income": "1,047", "Interest Expense": "-", "Net Interest Income": "-", "EBIT": "1,742", "EBITDA": "-", "Reconciled Cost of Revenue": "6,685", "Reconciled Depreciation": "299.179", "Net Income from Continuing Operation Net Minority Interest": "1,079", "Total Unusual Items Excluding Goodwill": "51.757", "Total Unusual Items": "51.757", "Normalized EBITDA": "1,989", "Tax Rate for Calcs": "0", "Tax Effect of Unusual Items": "19.8083"}, "2/28/1999": {"Duration": "2/28/1999", "Total Revenue": "16,700", "Cost of Revenue": "6,400", "Gross Profit": "10,300", "Operating Expense": "8,300", "Operating Income": "2,000", "Net Non Operating Interest Income Expense": "-", "Other Income Expense": "100", "Pretax Income": "1,900", "Tax Provision": "600", "Net Income Common Stockholders": "1,300", "Diluted NI Available to Com Stockholders": "1,300", "Basic EPS": "0.13", "Diluted EPS": "0.13", "Basic Average Shares": "10,073", "Diluted Average Shares": "10,196", "Total Operating Income as Reported": "2,000", "Total Expenses": "14,700", "Net Income from Continuing & Discontinued Operation": "1,300", "Normalized Income": "1,232", "Interest Expense": "-", "Net Interest Income": "-", "EBIT": "2,000", "EBITDA": "-", "Reconciled Cost of Revenue": "6,400", "Reconciled Depreciation": "300", "Net Income from Continuing Operation Net Minority Interest": "1,300", "Total Unusual Items Excluding Goodwill": "100", "Total Unusual Items": "100", "Normalized EBITDA": "2,200", "Tax Rate for Calcs": "0", "Tax Effect of Unusual Items": "31.5789"}, "2/28/1998": {"Duration": "2/28/1998", "Total Revenue": "19,300", "Cost of Revenue": "7,500", "Gross Profit": "11,800", "Operating Expense": "9,000", "Operating Income": "2,800", "Net Non Operating Interest Income Expense": "-", "Other Income Expense": "100", "Pretax Income": "2,800", "Tax Provision": "1,100", "Net Income Common Stockholders": "1,700", "Diluted NI Available to Com Stockholders": "1,700", "Basic EPS": "0.17", "Diluted EPS": "0.16", "Basic Average Shares": "10,432", "Diluted Average Shares": "10,676", "Total Operating Income as Reported": "2,800", "Total Expenses": "16,500", "Net Income from Continuing & Discontinued Operation": "1,700", "Normalized Income": "1,639", "Interest Expense": "-", "Net Interest Income": "-", "EBIT": "2,800", "EBITDA": "-", "Reconciled Cost of Revenue": "7,500", "Reconciled Depreciation": "300", "Net Income from Continuing Operation Net Minority Interest": "1,700", "Total Unusual Items Excluding Goodwill": "100", "Total Unusual Items": "100", "Normalized EBITDA": "3,000", "Tax Rate for Calcs": "0", "Tax Effect of Unusual Items": "39.2857"}, "2/28/1997": {"Duration": "2/28/1997", "Total Revenue": "21,200", "Cost of Revenue": "8,100", "Gross Profit": "13,100", "Operating Expense": "10,200", "Operating Income": "2,900", "Net Non Operating Interest Income Expense": "-", "Other Income Expense": "-", "Pretax Income": "2,600", "Tax Provision": "1,000", "Net Income Common Stockholders": "1,600", "Diluted NI Available to Com Stockholders": "1,600", "Basic EPS": "0.15", "Diluted EPS": "0.15", "Basic Average Shares": "10,708", "Diluted Average Shares": "10,708", "Total Operating Income as Reported": "2,900", "Total Expenses": "18,300", "Net Income from Continuing & Discontinued Operation": "1,600", "Normalized Income": "1,600", "Interest Expense": "-", "Net Interest Income": "-", "EBIT": "2,900", "EBITDA": "-", "Reconciled Cost of Revenue": "8,100", "Reconciled Depreciation": "300", "Net Income from Continuing Operation Net Minority Interest": "1,600", "Total Unusual Items Excluding Goodwill": "-", "Total Unusual Items": "-", "Normalized EBITDA": "3,200", "Tax Rate for Calcs": "0", "Tax Effect of Unusual Items": "0"}, "2/29/1996": {"Duration": "2/29/1996", "Total Revenue": "19,300", "Cost of Revenue": "8,000", "Gross Profit": "11,300", "Operating Expense": "8,100", "Operating Income": "3,200", "Net Non Operating Interest Income Expense": "-", "Other Income Expense": "-", "Pretax Income": "2,900", "Tax Provision": "1,100", "Net Income Common Stockholders": "1,500", "Diluted NI Available to Com Stockholders": "1,500", "Basic EPS": "0.14", "Diluted EPS": "0.14", "Basic Average Shares": "10,678", "Diluted Average Shares": "10,678", "Total Operating Income as Reported": "3,200", "Total Expenses": "16,100", "Net Income from Continuing & Discontinued Operation": "1,500", "Normalized Income": "1,800", "Interest Expense": "-", "Net Interest Income": "-", "EBIT": "3,200", "EBITDA": "-", "Reconciled Cost of Revenue": "8,000", "Reconciled Depreciation": "100", "Net Income from Continuing Operation Net Minority Interest": "1,800", "Total Unusual Items Excluding Goodwill": "-", "Total Unusual Items": "-", "Normalized EBITDA": "3,300", "Tax Rate for Calcs": "0", "Tax Effect of Unusual Items": "0"}, "2/28/1995": {"Duration": "2/28/1995", "Total Revenue": "12,500", "Cost of Revenue": "5,500", "Gross Profit": "7,000", "Operating Expense": "5,200", "Operating Income": "1,800", "Net Non Operating Interest Income Expense": "-", "Other Income Expense": "100", "Pretax Income": "1,900", "Tax Provision": "700", "Net Income Common Stockholders": "1,200", "Diluted NI Available to Com Stockholders": "1,200", "Basic EPS": "0.13", "Diluted EPS": "0.11", "Basic Average Shares": "9,231", "Diluted Average Shares": "10,909", "Total Operating Income as Reported": "1,800", "Total Expenses": "10,700", "Net Income from Continuing & Discontinued Operation": "1,200", "Normalized Income": "1,137", "Interest Expense": "-", "Net Interest Income": "-", "EBIT": "1,800", "EBITDA": "-", "Reconciled Cost of Revenue": "5,500", "Reconciled Depreciation": "100", "Net Income from Continuing Operation Net Minority Interest": "1,200", "Total Unusual Items Excluding Goodwill": "100", "Total Unusual Items": "100", "Normalized EBITDA": "1,800", "Tax Rate for Calcs": "0", "Tax Effect of Unusual Items": "36.8421"}, "2/28/1994": {"Duration": "2/28/1994", "Total Revenue": "7,700", "Cost of Revenue": "3,500", "Gross Profit": "4,200", "Operating Expense": "3,200", "Operating Income": "1,000", "Net Non Operating Interest Income Expense": "-", "Other Income Expense": "200", "Pretax Income": "900", "Tax Provision": "300", "Net Income Common Stockholders": "900", "Diluted NI Available to Com Stockholders": "900", "Basic EPS": "0.13", "Diluted EPS": "0.12", "Basic Average Shares": "10,000", "Diluted Average Shares": "10,000", "Total Operating Income as Reported": "1,000", "Total Expenses": "6,700", "Net Income from Continuing & Discontinued Operation": "600", "Normalized Income": "600", "Interest Expense": "-", "Net Interest Income": "-", "EBIT": "1,000", "EBITDA": "-", "Reconciled Cost of Revenue": "3,500", "Reconciled Depreciation": "100", "Net Income from Continuing Operation Net Minority Interest": "600", "Total Unusual Items Excluding Goodwill": "-", "Total Unusual Items": "-", "Normalized EBITDA": "1,100", "Tax Rate for Calcs": "0", "Tax Effect of Unusual Items": "0"}, "2/28/1993": {"Duration": "2/28/1993", "Total Revenue": "6,400", "Cost of Revenue": "3,000", "Gross Profit": "3,400", "Operating Expense": "2,800", "Operating Income": "600", "Net Non Operating Interest Income Expense": "-", "Other Income Expense": "-", "Pretax Income": "600", "Tax Provision": "200", "Net Income Common Stockholders": "600", "Diluted NI Available to Com Stockholders": "600", "Basic EPS": "0.07", "Diluted EPS": "0.07", "Basic Average Shares": "9,231", "Diluted Average Shares": "9,231", "Total Operating Income as Reported": "600", "Total Expenses": "5,800", "Net Income from Continuing & Discontinued Operation": "400", "Normalized Income": "400", "Interest Expense": "-", "Net Interest Income": "-", "EBIT": "600", "EBITDA": "-", "Reconciled Cost of Revenue": "3,000", "Reconciled Depreciation": "100", "Net Income from Continuing Operation Net Minority Interest": "400", "Total Unusual Items Excluding Goodwill": "-", "Total Unusual Items": "-", "Normalized EBITDA": "700", "Tax Rate for Calcs": "0", "Tax Effect of Unusual Items": "0"}, "2/29/1992": {"Duration": "2/29/1992", "Total Revenue": "5,600", "Cost of Revenue": "2,600", "Gross Profit": "3,000", "Operating Expense": "2,500", "Operating Income": "500", "Net Non Operating Interest Income Expense": "-", "Other Income Expense": "-", "Pretax Income": "500", "Tax Provision": "200", "Net Income Common Stockholders": "500", "Diluted NI Available to Com Stockholders": "500", "Basic EPS": "0.05", "Diluted EPS": "0.05", "Basic Average Shares": "10,000", "Diluted Average Shares": "10,000", "Total Operating Income as Reported": "500", "Total Expenses": "5,100", "Net Income from Continuing & Discontinued Operation": "300", "Normalized Income": "300", "Interest Expense": "-", "Net Interest Income": "-", "EBIT": "500", "EBITDA": "-", "Reconciled Cost of Revenue": "2,600", "Reconciled Depreciation": "100", "Net Income from Continuing Operation Net Minority Interest": "300", "Total Unusual Items Excluding Goodwill": "-", "Total Unusual Items": "-", "Normalized EBITDA": "600", "Tax Rate for Calcs": "0", "Tax Effect of Unusual Items": "0"}, "2/28/1991": {"Duration": "2/28/1991", "Total Revenue": "4,800", "Cost of Revenue": "2,300", "Gross Profit": "2,500", "Operating Expense": "2,400", "Operating Income": "100", "Net Non Operating Interest Income Expense": "-", "Other Income Expense": "-", "Pretax Income": "-", "Tax Provision": "-", "Net Income Common Stockholders": "-", "Diluted NI Available to Com Stockholders": "-", "Basic EPS": "-", "Diluted EPS": "-", "Basic Average Shares": "10,000", "Diluted Average Shares": "10,000", "Total Operating Income as Reported": "100", "Total Expenses": "4,700", "Net Income from Continuing & Discontinued Operation": "-", "Normalized Income": "-", "Interest Expense": "-", "Net Interest Income": "-", "EBIT": "100", "EBITDA": "-", "Reconciled Cost of Revenue": "2,300", "Reconciled Depreciation": "-", "Net Income from Continuing Operation Net Minority Interest": "-", "Total Unusual Items Excluding Goodwill": "-", "Total Unusual Items": "-", "Normalized EBITDA": "100", "Tax Rate for Calcs": "-", "Tax Effect of Unusual Items": "-"}, "2/28/1990": {"Duration": "2/28/1990", "Total Revenue": "3,900", "Cost of Revenue": "1,700", "Gross Profit": "2,200", "Operating Expense": "1,700", "Operating Income": "500", "Net Non Operating Interest Income Expense": "-", "Other Income Expense": "-", "Pretax Income": "300", "Tax Provision": "100", "Net Income Common Stockholders": "200", "Diluted NI Available to Com Stockholders": "200", "Basic EPS": "0.03", "Diluted EPS": "0.03", "Basic Average Shares": "8,000", "Diluted Average Shares": "8,000", "Total Operating Income as Reported": "500", "Total Expenses": "3,400", "Net Income from Continuing & Discontinued Operation": "200", "Normalized Income": "200", "Interest Expense": "-", "Net Interest Income": "-", "EBIT": "500", "EBITDA": "-", "Reconciled Cost of Revenue": "1,700", "Reconciled Depreciation": "-", "Net Income from Continuing Operation Net Minority Interest": "200", "Total Unusual Items Excluding Goodwill": "-", "Total Unusual Items": "-", "Normalized EBITDA": "500", "Tax Rate for Calcs": "0", "Tax Effect of Unusual Items": "0"}, "2/28/1989": {"Duration": "2/28/1989", "Total Revenue": "3,200", "Cost of Revenue": "1,400", "Gross Profit": "1,800", "Operating Expense": "1,600", "Operating Income": "200", "Net Non Operating Interest Income Expense": "-", "Other Income Expense": "-", "Pretax Income": "-", "Tax Provision": "-", "Net Income Common Stockholders": "100", "Diluted NI Available to Com Stockholders": "100", "Basic EPS": "0.01", "Diluted EPS": "0.01", "Basic Average Shares": "10,000", "Diluted Average Shares": "10,000", "Total Operating Income as Reported": "200", "Total Expenses": "3,000", "Net Income from Continuing & Discontinued Operation": "100", "Normalized Income": "100", "Interest Expense": "-", "Net Interest Income": "-", "EBIT": "200", "EBITDA": "-", "Reconciled Cost of Revenue": "1,400", "Reconciled Depreciation": "100", "Net Income from Continuing Operation Net Minority Interest": "100", "Total Unusual Items Excluding Goodwill": "-", "Total Unusual Items": "-", "Normalized EBITDA": "300", "Tax Rate for Calcs": "0", "Tax Effect of Unusual Items": "0"}, "2/29/1988": {"Duration": "2/29/1988", "Total Revenue": "2,700", "Cost of Revenue": "1,100", "Gross Profit": "1,600", "Operating Expense": "1,400", "Operating Income": "200", "Net Non Operating Interest Income Expense": "-", "Other Income Expense": "-", "Pretax Income": "-", "Tax Provision": "-", "Net Income Common Stockholders": "100", "Diluted NI Available to Com Stockholders": "100", "Basic EPS": "0.01", "Diluted EPS": "0.01", "Basic Average Shares": "10,000", "Diluted Average Shares": "10,000", "Total Operating Income as Reported": "200", "Total Expenses": "2,500", "Net Income from Continuing & Discontinued Operation": "100", "Normalized Income": "100", "Interest Expense": "-", "Net Interest Income": "-", "EBIT": "200", "EBITDA": "-", "Reconciled Cost of Revenue": "1,100", "Reconciled Depreciation": "100", "Net Income from Continuing Operation Net Minority Interest": "100", "Total Unusual Items Excluding Goodwill": "-", "Total Unusual Items": "-", "Normalized EBITDA": "300", "Tax Rate for Calcs": "0", "Tax Effect of Unusual Items": "0"}, "2/28/1987": {"Duration": "2/28/1987", "Total Revenue": "2,900", "Cost of Revenue": "1,100", "Gross Profit": "1,800", "Operating Expense": "1,500", "Operating Income": "300", "Net Non Operating Interest Income Expense": "-", "Other Income Expense": "100", "Pretax Income": "400", "Tax Provision": "200", "Net Income Common Stockholders": "200", "Diluted NI Available to Com Stockholders": "200", "Basic EPS": "0.03", "Diluted EPS": "0.03", "Basic Average Shares": "6,667", "Diluted Average Shares": "8,000", "Total Operating Income as Reported": "300", "Total Expenses": "2,600", "Net Income from Continuing & Discontinued Operation": "200", "Normalized Income": "140", "Interest Expense": "-", "Net Interest Income": "-", "EBIT": "300", "EBITDA": "-", "Reconciled Cost of Revenue": "1,100", "Reconciled Depreciation": "100", "Net Income from Continuing Operation Net Minority Interest": "200", "Total Unusual Items Excluding Goodwill": "100", "Total Unusual Items": "100", "Normalized EBITDA": "300", "Tax Rate for Calcs": "0", "Tax Effect of Unusual Items": "40"}, "2/28/1986": {"Duration": "2/28/1986", "Total Revenue": "2,600", "Cost of Revenue": "1,300", "Gross Profit": "1,300", "Operating Expense": "1,700", "Operating Income": "-400", "Net Non Operating Interest Income Expense": "-", "Other Income Expense": "-500", "Pretax Income": "-", "Tax Provision": "-", "Net Income Common Stockholders": "-900", "Diluted NI Available to Com Stockholders": "-900", "Basic EPS": "-0.12", "Diluted EPS": "-0.12", "Basic Average Shares": "7,500", "Diluted Average Shares": "7,500", "Total Operating Income as Reported": "-400", "Total Expenses": "3,000", "Net Income from Continuing & Discontinued Operation": "-900", "Normalized Income": "-600", "Interest Expense": "-", "Net Interest Income": "-", "EBIT": "-400", "EBITDA": "-", "Reconciled Cost of Revenue": "1,300", "Reconciled Depreciation": "-", "Net Income from Continuing Operation Net Minority Interest": "-900", "Total Unusual Items Excluding Goodwill": "-500", "Total Unusual Items": "-500", "Normalized EBITDA": "100", "Tax Rate for Calcs": "0", "Tax Effect of Unusual Items": "-200"}}, "bs": {"2/29/2020": {"Duration": "2/29/2020", "Total Assets": "64,703", "Total Liabilities Net Minority Interest": "35,310", "Total Equity Gross Minority Interest": "29,393", "Total Capitalization": "47,177", "Common Stock Equity": "29,393", "Net Tangible Assets": "29,393", "Working Capital": "20,840", "Invested Capital": "48,205", "Tangible Book Value": "29,393", "Total Debt": "18,812", "Net Debt": "15,812", "Share Issued": "12,410", "Ordinary Shares Number": "8,349", "Treasury Shares Number": "4,061"}, "2/28/2019": {"Duration": "2/28/2019", "Total Assets": "69,266", "Total Liabilities Net Minority Interest": "43,336", "Total Equity Gross Minority Interest": "25,931", "Total Capitalization": "44,761", "Common Stock Equity": "25,931", "Net Tangible Assets": "25,931", "Working Capital": "17,984", "Invested Capital": "45,707", "Tangible Book Value": "25,931", "Total Debt": "19,777", "Net Debt": "16,577", "Share Issued": "12,092", "Ordinary Shares Number": "8,195", "Treasury Shares Number": "3,897"}, "2/28/2021": {"Duration": "2/28/2021", "Total Assets": "88,851", "Total Liabilities Net Minority Interest": "48,591", "Total Equity Gross Minority Interest": "40,260", "Total Capitalization": "50,711", "Common Stock Equity": "40,260", "Net Tangible Assets": "40,260", "Working Capital": "20,225", "Invested Capital": "56,490", "Tangible Book Value": "40,260", "Total Debt": "16,230", "Net Debt": "14,418", "Share Issued": "12,410", "Ordinary Shares Number": "8,347", "Treasury Shares Number": "4,063"}, "2/28/2018": {"Duration": "2/28/2018", "Total Assets": "61,621", "Total Liabilities Net Minority Interest": "41,219", "Total Equity Gross Minority Interest": "20,402", "Total Capitalization": "40,227", "Common Stock Equity": "20,402", "Net Tangible Assets": "20,402", "Working Capital": "12,147", "Invested Capital": "41,108", "Tangible Book Value": "20,402", "Total Debt": "20,706", "Net Debt": "17,983", "Share Issued": "12,092", "Ordinary Shares Number": "8,180", "Treasury Shares Number": "3,912"}, "2/28/2017": {"Duration": "2/28/2017", "Total Assets": "66,319", "Total Liabilities Net Minority Interest": "51,102", "Total Equity Gross Minority Interest": "15,217", "Total Capitalization": "35,883", "Common Stock Equity": "15,217", "Net Tangible Assets": "15,217", "Working Capital": "8,934", "Invested Capital": "41,665", "Tangible Book Value": "15,217", "Total Debt": "26,447", "Net Debt": "25,748", "Share Issued": "12,082", "Ordinary Shares Number": "8,180", "Treasury Shares Number": "3,902"}, "2/29/2016": {"Duration": "2/29/2016", "Total Assets": "49,695", "Total Liabilities Net Minority Interest": "36,466", "Total Equity Gross Minority Interest": "13,230", "Total Capitalization": "30,917", "Common Stock Equity": "13,230", "Net Tangible Assets": "13,230", "Working Capital": "3,725", "Invested Capital": "34,864", "Tangible Book Value": "13,230", "Total Debt": "21,635", "Net Debt": "20,451", "Share Issued": "12,082", "Ordinary Shares Number": "8,129", "Treasury Shares Number": "3,953"}, "2/28/2015": {"Duration": "2/28/2015", "Total Assets": "18,013", "Total Liabilities Net Minority Interest": "5,685", "Total Equity Gross Minority Interest": "12,328", "Total Capitalization": "12,328", "Common Stock Equity": "12,328", "Net Tangible Assets": "12,328", "Working Capital": "9,581", "Invested Capital": "13,728", "Tangible Book Value": "12,328", "Total Debt": "1,400", "Net Debt": "1,016", "Share Issued": "12,082", "Ordinary Shares Number": "8,049", "Treasury Shares Number": "4,033"}, "2/28/2014": {"Duration": "2/28/2014", "Total Assets": "16,758", "Total Liabilities Net Minority Interest": "4,176", "Total Equity Gross Minority Interest": "12,582", "Total Capitalization": "12,582", "Common Stock Equity": "12,582", "Net Tangible Assets": "12,582", "Working Capital": "9,896", "Invested Capital": "12,582", "Tangible Book Value": "12,582", "Total Debt": "-", "Net Debt": "-", "Share Issued": "12,082", "Ordinary Shares Number": "7,956", "Treasury Shares Number": "4,126"}, "2/28/2013": {"Duration": "2/28/2013", "Total Assets": "17,901", "Total Liabilities Net Minority Interest": "4,449", "Total Equity Gross Minority Interest": "13,452", "Total Capitalization": "13,452", "Common Stock Equity": "13,452", "Net Tangible Assets": "13,452", "Working Capital": "10,213", "Invested Capital": "14,702", "Tangible Book Value": "13,452", "Total Debt": "1,250", "Net Debt": "780.9", "Share Issued": "12,082", "Ordinary Shares Number": "7,922", "Treasury Shares Number": "4,160"}, "2/29/2012": {"Duration": "2/29/2012", "Total Assets": "18,011", "Total Liabilities Net Minority Interest": "3,794", "Total Equity Gross Minority Interest": "14,218", "Total Capitalization": "14,218", "Common Stock Equity": "14,218", "Net Tangible Assets": "14,218", "Working Capital": "11,052", "Invested Capital": "14,468", "Tangible Book Value": "14,218", "Total Debt": "250", "Net Debt": "-", "Share Issued": "12,082", "Ordinary Shares Number": "7,826", "Treasury Shares Number": "4,256"}, "2/28/2011": {"Duration": "2/28/2011", "Total Assets": "18,705", "Total Liabilities Net Minority Interest": "4,047", "Total Equity Gross Minority Interest": "14,659", "Total Capitalization": "14,659", "Common Stock Equity": "14,659", "Net Tangible Assets": "14,659", "Working Capital": "11,711", "Invested Capital": "14,734", "Tangible Book Value": "14,659", "Total Debt": "75", "Net Debt": "-", "Share Issued": "12,082", "Ordinary Shares Number": "7,812", "Treasury Shares Number": "4,270"}, "2/28/2010": {"Duration": "2/28/2010", "Total Assets": "19,360", "Total Liabilities Net Minority Interest": "3,938", "Total Equity Gross Minority Interest": "15,422", "Total Capitalization": "15,497", "Common Stock Equity": "15,422", "Net Tangible Assets": "15,422", "Working Capital": "12,458", "Invested Capital": "15,572", "Tangible Book Value": "15,422", "Total Debt": "150", "Net Debt": "-", "Share Issued": "12,078", "Ordinary Shares Number": "7,774", "Treasury Shares Number": "4,304"}, "2/28/2009": {"Duration": "2/28/2009", "Total Assets": "19,941", "Total Liabilities Net Minority Interest": "4,046", "Total Equity Gross Minority Interest": "15,895", "Total Capitalization": "16,045", "Common Stock Equity": "15,895", "Net Tangible Assets": "15,895", "Working Capital": "13,088", "Invested Capital": "16,195", "Tangible Book Value": "15,895", "Total Debt": "300", "Net Debt": "-", "Share Issued": "12,044", "Ordinary Shares Number": "7,643", "Treasury Shares Number": "4,401"}, "2/29/2008": {"Duration": "2/29/2008", "Total Assets": "20,065", "Total Liabilities Net Minority Interest": "3,268", "Total Equity Gross Minority Interest": "16,797", "Total Capitalization": "16,797", "Common Stock Equity": "16,797", "Net Tangible Assets": "16,797", "Working Capital": "13,912", "Invested Capital": "16,797", "Tangible Book Value": "16,797", "Total Debt": "-", "Net Debt": "-", "Share Issued": "7,413", "Ordinary Shares Number": "7,413", "Treasury Shares Number": "-"}, "2/28/2007": {"Duration": "2/28/2007", "Total Assets": "19,702", "Total Liabilities Net Minority Interest": "4,041", "Total Equity Gross Minority Interest": "15,661", "Total Capitalization": "15,661", "Common Stock Equity": "15,661", "Net Tangible Assets": "15,661", "Working Capital": "12,667", "Invested Capital": "15,661", "Tangible Book Value": "15,661", "Total Debt": "-", "Net Debt": "-", "Share Issued": "7,532", "Ordinary Shares Number": "7,532", "Treasury Shares Number": "-"}, "2/28/2006": {"Duration": "2/28/2006", "Total Assets": "18,644", "Total Liabilities Net Minority Interest": "5,305", "Total Equity Gross Minority Interest": "13,339", "Total Capitalization": "13,339", "Common Stock Equity": "13,339", "Net Tangible Assets": "13,339", "Working Capital": "10,383", "Invested Capital": "14,015", "Tangible Book Value": "13,339", "Total Debt": "676", "Net Debt": "354.463", "Share Issued": "7,508", "Ordinary Shares Number": "7,508", "Treasury Shares Number": "-"}, "2/28/2005": {"Duration": "2/28/2005", "Total Assets": "17,981", "Total Liabilities Net Minority Interest": "5,848", "Total Equity Gross Minority Interest": "12,132", "Total Capitalization": "12,132", "Common Stock Equity": "12,132", "Net Tangible Assets": "12,132", "Working Capital": "8,909", "Invested Capital": "13,560", "Tangible Book Value": "12,132", "Total Debt": "1,428", "Net Debt": "1,064", "Share Issued": "7,471", "Ordinary Shares Number": "7,471", "Treasury Shares Number": "-"}, "2/29/2004": {"Duration": "2/29/2004", "Total Assets": "19,087", "Total Liabilities Net Minority Interest": "4,869", "Total Equity Gross Minority Interest": "14,218", "Total Capitalization": "14,218", "Common Stock Equity": "14,218", "Net Tangible Assets": "14,218", "Working Capital": "11,544", "Invested Capital": "14,612", "Tangible Book Value": "14,218", "Total Debt": "394", "Net Debt": "133.495", "Share Issued": "8,052", "Ordinary Shares Number": "8,052", "Treasury Shares Number": "-"}, "2/28/2003": {"Duration": "2/28/2003", "Total Assets": "17,562", "Total Liabilities Net Minority Interest": "5,845", "Total Equity Gross Minority Interest": "11,717", "Total Capitalization": "11,717", "Common Stock Equity": "11,717", "Net Tangible Assets": "11,717", "Working Capital": "9,374", "Invested Capital": "11,717", "Tangible Book Value": "11,717", "Total Debt": "-", "Net Debt": "-", "Share Issued": "7,655", "Ordinary Shares Number": "7,655", "Treasury Shares Number": "-"}, "2/28/2002": {"Duration": "2/28/2002", "Total Assets": "14,170", "Total Liabilities Net Minority Interest": "4,054", "Total Equity Gross Minority Interest": "10,115", "Total Capitalization": "10,115", "Common Stock Equity": "10,115", "Net Tangible Assets": "10,115", "Working Capital": "7,537", "Invested Capital": "10,115", "Tangible Book Value": "10,115", "Total Debt": "-", "Net Debt": "-", "Share Issued": "7,644", "Ordinary Shares Number": "7,644", "Treasury Shares Number": "-"}, "2/28/2001": {"Duration": "2/28/2001", "Total Assets": "12,472", "Total Liabilities Net Minority Interest": "3,256", "Total Equity Gross Minority Interest": "9,216", "Total Capitalization": "9,216", "Common Stock Equity": "9,216", "Net Tangible Assets": "9,216", "Working Capital": "8,145", "Invested Capital": "10,300", "Tangible Book Value": "9,216", "Total Debt": "1,084", "Net Debt": "815.729", "Share Issued": "7,823", "Ordinary Shares Number": "7,823", "Treasury Shares Number": "-"}, "2/29/2000": {"Duration": "2/29/2000", "Total Assets": "12,340", "Total Liabilities Net Minority Interest": "3,368", "Total Equity Gross Minority Interest": "8,972", "Total Capitalization": "8,972", "Common Stock Equity": "8,972", "Net Tangible Assets": "8,972", "Working Capital": "7,589", "Invested Capital": "10,250", "Tangible Book Value": "8,972", "Total Debt": "1,278", "Net Debt": "1,064", "Share Issued": "8,335", "Ordinary Shares Number": "8,335", "Treasury Shares Number": "-"}, "2/28/1999": {"Duration": "2/28/1999", "Total Assets": "12,300", "Total Liabilities Net Minority Interest": "2,300", "Total Equity Gross Minority Interest": "10,000", "Total Capitalization": "10,000", "Common Stock Equity": "10,000", "Net Tangible Assets": "10,000", "Working Capital": "9,800", "Invested Capital": "10,800", "Tangible Book Value": "10,000", "Total Debt": "800", "Net Debt": "600", "Share Issued": "9,746", "Ordinary Shares Number": "9,746", "Treasury Shares Number": "-"}, "2/28/1998": {"Duration": "2/28/1998", "Total Assets": "13,600", "Total Liabilities Net Minority Interest": "3,500", "Total Equity Gross Minority Interest": "10,100", "Total Capitalization": "10,100", "Common Stock Equity": "10,100", "Net Tangible Assets": "10,100", "Working Capital": "9,600", "Invested Capital": "11,000", "Tangible Book Value": "10,100", "Total Debt": "900", "Net Debt": "700", "Share Issued": "10,446", "Ordinary Shares Number": "10,446", "Treasury Shares Number": "-"}, "2/28/1997": {"Duration": "2/28/1997", "Total Assets": "13,400", "Total Liabilities Net Minority Interest": "5,100", "Total Equity Gross Minority Interest": "8,300", "Total Capitalization": "8,300", "Common Stock Equity": "8,300", "Net Tangible Assets": "8,300", "Working Capital": "7,400", "Invested Capital": "10,300", "Tangible Book Value": "8,300", "Total Debt": "2,000", "Net Debt": "1,900", "Share Issued": "10,402", "Ordinary Shares Number": "10,402", "Treasury Shares Number": "-"}, "2/29/1996": {"Duration": "2/29/1996", "Total Assets": "16,300", "Total Liabilities Net Minority Interest": "9,600", "Total Equity Gross Minority Interest": "6,700", "Total Capitalization": "6,700", "Common Stock Equity": "6,700", "Net Tangible Assets": "6,700", "Working Capital": "5,900", "Invested Capital": "12,500", "Tangible Book Value": "6,700", "Total Debt": "5,800", "Net Debt": "5,600", "Share Issued": "10,382", "Ordinary Shares Number": "10,382", "Treasury Shares Number": "-"}, "2/28/1995": {"Duration": "2/28/1995", "Total Assets": "9,700", "Total Liabilities Net Minority Interest": "4,400", "Total Equity Gross Minority Interest": "5,300", "Total Capitalization": "6,300", "Common Stock Equity": "5,300", "Net Tangible Assets": "5,300", "Working Capital": "5,700", "Invested Capital": "6,300", "Tangible Book Value": "5,300", "Total Debt": "1,000", "Net Debt": "700", "Share Issued": "9,032", "Ordinary Shares Number": "9,032", "Treasury Shares Number": "-"}, "2/28/1994": {"Duration": "2/28/1994", "Total Assets": "5,400", "Total Liabilities Net Minority Interest": "1,400", "Total Equity Gross Minority Interest": "4,000", "Total Capitalization": "4,000", "Common Stock Equity": "4,000", "Net Tangible Assets": "4,000", "Working Capital": "3,400", "Invested Capital": "4,000", "Tangible Book Value": "4,000", "Total Debt": "-", "Net Debt": "-", "Share Issued": "10,060", "Ordinary Shares Number": "10,060", "Treasury Shares Number": "-"}, "2/28/1993": {"Duration": "2/28/1993", "Total Assets": "4,600", "Total Liabilities Net Minority Interest": "1,500", "Total Equity Gross Minority Interest": "3,100", "Total Capitalization": "3,100", "Common Stock Equity": "3,100", "Net Tangible Assets": "3,100", "Working Capital": "2,700", "Invested Capital": "3,500", "Tangible Book Value": "3,100", "Total Debt": "400", "Net Debt": "300", "Share Issued": "8,892", "Ordinary Shares Number": "8,892", "Treasury Shares Number": "-"}, "2/29/1992": {"Duration": "2/29/1992", "Total Assets": "4,400", "Total Liabilities Net Minority Interest": "2,200", "Total Equity Gross Minority Interest": "2,200", "Total Capitalization": "2,300", "Common Stock Equity": "2,200", "Net Tangible Assets": "2,200", "Working Capital": "2,100", "Invested Capital": "3,100", "Tangible Book Value": "2,200", "Total Debt": "900", "Net Debt": "800", "Share Issued": "8,412", "Ordinary Shares Number": "8,412", "Treasury Shares Number": "-"}, "2/28/1991": {"Duration": "2/28/1991", "Total Assets": "4,300", "Total Liabilities Net Minority Interest": "2,300", "Total Equity Gross Minority Interest": "2,000", "Total Capitalization": "2,100", "Common Stock Equity": "2,000", "Net Tangible Assets": "2,000", "Working Capital": "1,700", "Invested Capital": "3,200", "Tangible Book Value": "2,000", "Total Debt": "1,200", "Net Debt": "1,200", "Share Issued": "8,392", "Ordinary Shares Number": "8,392", "Treasury Shares Number": "-"}, "2/28/1990": {"Duration": "2/28/1990", "Total Assets": "3,600", "Total Liabilities Net Minority Interest": "1,600", "Total Equity Gross Minority Interest": "2,000", "Total Capitalization": "2,900", "Common Stock Equity": "2,000", "Net Tangible Assets": "2,000", "Working Capital": "2,500", "Invested Capital": "2,900", "Tangible Book Value": "2,000", "Total Debt": "900", "Net Debt": "900", "Share Issued": "8,132", "Ordinary Shares Number": "8,132", "Treasury Shares Number": "-"}, "2/28/1989": {"Duration": "2/28/1989", "Total Assets": "3,200", "Total Liabilities Net Minority Interest": "1,600", "Total Equity Gross Minority Interest": "1,600", "Total Capitalization": "1,900", "Common Stock Equity": "1,600", "Net Tangible Assets": "1,600", "Working Capital": "1,800", "Invested Capital": "2,300", "Tangible Book Value": "1,600", "Total Debt": "700", "Net Debt": "700", "Share Issued": "8,132", "Ordinary Shares Number": "8,132", "Treasury Shares Number": "-"}, "2/29/1988": {"Duration": "2/29/1988", "Total Assets": "3,000", "Total Liabilities Net Minority Interest": "1,500", "Total Equity Gross Minority Interest": "1,500", "Total Capitalization": "1,800", "Common Stock Equity": "1,500", "Net Tangible Assets": "1,500", "Working Capital": "1,600", "Invested Capital": "2,300", "Tangible Book Value": "1,500", "Total Debt": "800", "Net Debt": "800", "Share Issued": "8,032", "Ordinary Shares Number": "8,032", "Treasury Shares Number": "-"}, "2/28/1987": {"Duration": "2/28/1987", "Total Assets": "2,400", "Total Liabilities Net Minority Interest": "1,400", "Total Equity Gross Minority Interest": "1,000", "Total Capitalization": "1,300", "Common Stock Equity": "1,000", "Net Tangible Assets": "1,000", "Working Capital": "1,100", "Invested Capital": "1,500", "Tangible Book Value": "1,000", "Total Debt": "500", "Net Debt": "400", "Share Issued": "8,024", "Ordinary Shares Number": "8,024", "Treasury Shares Number": "-"}, "2/28/1986": {"Duration": "2/28/1986", "Total Assets": "2,100", "Total Liabilities Net Minority Interest": "1,600", "Total Equity Gross Minority Interest": "500", "Total Capitalization": "500", "Common Stock Equity": "500", "Net Tangible Assets": "500", "Working Capital": "400", "Invested Capital": "1,100", "Tangible Book Value": "500", "Total Debt": "600", "Net Debt": "500", "Share Issued": "7,624", "Ordinary Shares Number": "7,624", "Treasury Shares Number": "-"}}, "cf": {"TTM": {"Duration": "TTM", "Operating Cash Flow": "7,818", "Investing Cash Flow": "-4,145", "Financing Cash Flow": "-4,860", "End Cash Position": "1,812", "Income Tax Paid Supplemental Data": "4,807", "Interest Paid Supplemental Data": "582", "Capital Expenditure": "-4,145", "Issuance of Capital Stock": "141.4", "Issuance of Debt": "6,693", "Repayment of Debt": "-9,274", "Repurchase of Capital Stock": "-163.8", "Free Cash Flow": "3,672"}, "2/29/2020": {"Duration": "2/29/2020", "Operating Cash Flow": "4,244", "Investing Cash Flow": "-638.8", "Financing Cash Flow": "-3,805", "End Cash Position": "2,999", "Income Tax Paid Supplemental Data": "3,084", "Interest Paid Supplemental Data": "899.1", "Capital Expenditure": "-638.8", "Issuance of Capital Stock": "499.4", "Issuance of Debt": "-", "Repayment of Debt": "-964.9", "Repurchase of Capital Stock": "-1,706", "Free Cash Flow": "3,606"}, "2/28/2019": {"Duration": "2/28/2019", "Operating Cash Flow": "3,947", "Investing Cash Flow": "-1,399", "Financing Cash Flow": "-2,071", "End Cash Position": "3,199", "Income Tax Paid Supplemental Data": "2,874", "Interest Paid Supplemental Data": "926.9", "Capital Expenditure": "-1,399", "Issuance of Capital Stock": "342.7", "Issuance of Debt": "0", "Repayment of Debt": "-929.7", "Repurchase of Capital Stock": "-256.5", "Free Cash Flow": "2,547"}, "2/28/2021": {"Duration": "2/28/2021", "Operating Cash Flow": "7,818", "Investing Cash Flow": "-4,145", "Financing Cash Flow": "-4,860", "End Cash Position": "1,812", "Income Tax Paid Supplemental Data": "4,807", "Interest Paid Supplemental Data": "582", "Capital Expenditure": "-4,145", "Issuance of Capital Stock": "141.4", "Issuance of Debt": "6,693", "Repayment of Debt": "-9,274", "Repurchase of Capital Stock": "-163.8", "Free Cash Flow": "3,672"}, "2/28/2018": {"Duration": "2/28/2018", "Operating Cash Flow": "9,233", "Investing Cash Flow": "-1,438", "Financing Cash Flow": "-5,771", "End Cash Position": "2,723", "Income Tax Paid Supplemental Data": "2,074", "Interest Paid Supplemental Data": "1,117", "Capital Expenditure": "-1,438", "Issuance of Capital Stock": "42.1", "Issuance of Debt": "1,019", "Repayment of Debt": "-1,877", "Repurchase of Capital Stock": "-98.4", "Free Cash Flow": "7,795"}, "2/28/2017": {"Duration": "2/28/2017", "Operating Cash Flow": "-1,572", "Investing Cash Flow": "-2,485", "Financing Cash Flow": "3,573", "End Cash Position": "699.2", "Income Tax Paid Supplemental Data": "543.8", "Interest Paid Supplemental Data": "1,005", "Capital Expenditure": "-2,485", "Issuance of Capital Stock": "227.8", "Issuance of Debt": "5,551", "Repayment of Debt": "-738.5", "Repurchase of Capital Stock": "-0.2", "Free Cash Flow": "-4,058"}, "2/29/2016": {"Duration": "2/29/2016", "Operating Cash Flow": "6,651", "Investing Cash Flow": "-24,912", "Financing Cash Flow": "19,061", "End Cash Position": "1,184", "Income Tax Paid Supplemental Data": "706.4", "Interest Paid Supplemental Data": "179.8", "Capital Expenditure": "-24,912", "Issuance of Capital Stock": "202.5", "Issuance of Debt": "23,282", "Repayment of Debt": "-3,047", "Repurchase of Capital Stock": "-1.6", "Free Cash Flow": "-18,261"}, "2/28/2015": {"Duration": "2/28/2015", "Operating Cash Flow": "-261.6", "Investing Cash Flow": "-325", "Financing Cash Flow": "290.5", "End Cash Position": "383.9", "Income Tax Paid Supplemental Data": "619.9", "Interest Paid Supplemental Data": "54", "Capital Expenditure": "-325", "Issuance of Capital Stock": "174.4", "Issuance of Debt": "4,550", "Repayment of Debt": "-3,150", "Repurchase of Capital Stock": "-5.2", "Free Cash Flow": "-586.6"}, "2/28/2014": {"Duration": "2/28/2014", "Operating Cash Flow": "2,765", "Investing Cash Flow": "-77.5", "Financing Cash Flow": "-2,477", "End Cash Position": "680", "Income Tax Paid Supplemental Data": "11", "Interest Paid Supplemental Data": "34.5", "Capital Expenditure": "-77.5", "Issuance of Capital Stock": "174", "Issuance of Debt": "1,250", "Repayment of Debt": "-2,500", "Repurchase of Capital Stock": "-129.2", "Free Cash Flow": "2,688"}, "2/28/2013": {"Duration": "2/28/2013", "Operating Cash Flow": "639", "Investing Cash Flow": "-209.6", "Financing Cash Flow": "-720.4", "End Cash Position": "469.1", "Income Tax Paid Supplemental Data": "785.1", "Interest Paid Supplemental Data": "24.3", "Capital Expenditure": "-29.3", "Issuance of Capital Stock": "221.1", "Issuance of Debt": "2,185", "Repayment of Debt": "-1,185", "Repurchase of Capital Stock": "-56.7", "Free Cash Flow": "609.7"}, "2/29/2012": {"Duration": "2/29/2012", "Operating Cash Flow": "783.9", "Investing Cash Flow": "-326.1", "Financing Cash Flow": "-1,686", "End Cash Position": "760.1", "Income Tax Paid Supplemental Data": "-", "Interest Paid Supplemental Data": "-", "Capital Expenditure": "-76.1", "Issuance of Capital Stock": "223.6", "Issuance of Debt": "250", "Repayment of Debt": "-75", "Repurchase of Capital Stock": "-214.3", "Free Cash Flow": "707.8"}, "2/28/2011": {"Duration": "2/28/2011", "Operating Cash Flow": "2,815", "Investing Cash Flow": "-19.6", "Financing Cash Flow": "-2,004", "End Cash Position": "1,988", "Income Tax Paid Supplemental Data": "742.7", "Interest Paid Supplemental Data": "-", "Capital Expenditure": "-19.6", "Issuance of Capital Stock": "239.6", "Issuance of Debt": "0", "Repayment of Debt": "-75", "Repurchase of Capital Stock": "-191", "Free Cash Flow": "2,796"}, "2/28/2010": {"Duration": "2/28/2010", "Operating Cash Flow": "412.3", "Investing Cash Flow": "-5.6", "Financing Cash Flow": "-2,106", "End Cash Position": "1,197", "Income Tax Paid Supplemental Data": "1,290", "Interest Paid Supplemental Data": "-", "Capital Expenditure": "-5.6", "Issuance of Capital Stock": "208.7", "Issuance of Debt": "2,200", "Repayment of Debt": "-2,350", "Repurchase of Capital Stock": "-46.4", "Free Cash Flow": "406.7"}, "2/28/2009": {"Duration": "2/28/2009", "Operating Cash Flow": "4,011", "Investing Cash Flow": "-740.3", "Financing Cash Flow": "-2,814", "End Cash Position": "2,896", "Income Tax Paid Supplemental Data": "1,215", "Interest Paid Supplemental Data": "-", "Capital Expenditure": "-30.5", "Issuance of Capital Stock": "195.6", "Issuance of Debt": "-", "Repayment of Debt": "-", "Repurchase of Capital Stock": "-802.8", "Free Cash Flow": "3,980"}, "2/29/2008": {"Duration": "2/29/2008", "Operating Cash Flow": "2,512", "Investing Cash Flow": "-136.9", "Financing Cash Flow": "-1,189", "End Cash Position": "2,440", "Income Tax Paid Supplemental Data": "-", "Interest Paid Supplemental Data": "-", "Capital Expenditure": "-136.9", "Issuance of Capital Stock": "142.3", "Issuance of Debt": "-", "Repayment of Debt": "-", "Repurchase of Capital Stock": "-504.9", "Free Cash Flow": "2,375"}, "2/28/2007": {"Duration": "2/28/2007", "Operating Cash Flow": "2,479", "Investing Cash Flow": "-34.942", "Financing Cash Flow": "-1,511", "End Cash Position": "1,254", "Income Tax Paid Supplemental Data": "-", "Interest Paid Supplemental Data": "-", "Capital Expenditure": "-34.942", "Issuance of Capital Stock": "167.489", "Issuance of Debt": "-", "Repayment of Debt": "-", "Repurchase of Capital Stock": "-260.664", "Free Cash Flow": "2,444"}, "2/28/2006": {"Duration": "2/28/2006", "Operating Cash Flow": "1,380", "Investing Cash Flow": "-229.185", "Financing Cash Flow": "-1,193", "End Cash Position": "321.537", "Income Tax Paid Supplemental Data": "-", "Interest Paid Supplemental Data": "-", "Capital Expenditure": "-229.185", "Issuance of Capital Stock": "184.588", "Issuance of Debt": "-", "Repayment of Debt": "-", "Repurchase of Capital Stock": "-77.25", "Free Cash Flow": "1,151"}, "2/28/2005": {"Duration": "2/28/2005", "Operating Cash Flow": "4,075", "Investing Cash Flow": "-483.358", "Financing Cash Flow": "-3,488", "End Cash Position": "364.024", "Income Tax Paid Supplemental Data": "-", "Interest Paid Supplemental Data": "-", "Capital Expenditure": "-483.358", "Issuance of Capital Stock": "1,065", "Issuance of Debt": "-", "Repayment of Debt": "-", "Repurchase of Capital Stock": "-5,103", "Free Cash Flow": "3,592"}, "2/29/2004": {"Duration": "2/29/2004", "Operating Cash Flow": "-1,371", "Investing Cash Flow": "-235.854", "Financing Cash Flow": "433.902", "End Cash Position": "260.505", "Income Tax Paid Supplemental Data": "-", "Interest Paid Supplemental Data": "-", "Capital Expenditure": "-235.854", "Issuance of Capital Stock": "1,010", "Issuance of Debt": "-", "Repayment of Debt": "-", "Repurchase of Capital Stock": "-575.82", "Free Cash Flow": "-1,606"}, "2/28/2003": {"Duration": "2/28/2003", "Operating Cash Flow": "1,119", "Investing Cash Flow": "-155.744", "Financing Cash Flow": "-436.821", "End Cash Position": "1,433", "Income Tax Paid Supplemental Data": "-", "Interest Paid Supplemental Data": "-", "Capital Expenditure": "-155.744", "Issuance of Capital Stock": "558.552", "Issuance of Debt": "-", "Repayment of Debt": "-", "Repurchase of Capital Stock": "-765.227", "Free Cash Flow": "962.914"}, "2/28/2002": {"Duration": "2/28/2002", "Operating Cash Flow": "4,248", "Investing Cash Flow": "-1,889", "Financing Cash Flow": "-1,720", "End Cash Position": "906.889", "Income Tax Paid Supplemental Data": "-", "Interest Paid Supplemental Data": "-", "Capital Expenditure": "-1,889", "Issuance of Capital Stock": "152.817", "Issuance of Debt": "-", "Repayment of Debt": "-", "Repurchase of Capital Stock": "-634.752", "Free Cash Flow": "2,359"}, "2/28/2001": {"Duration": "2/28/2001", "Operating Cash Flow": "1,155", "Investing Cash Flow": "-58.571", "Financing Cash Flow": "-1,043", "End Cash Position": "268.271", "Income Tax Paid Supplemental Data": "-", "Interest Paid Supplemental Data": "-", "Capital Expenditure": "-58.571", "Issuance of Capital Stock": "86.45", "Issuance of Debt": "-", "Repayment of Debt": "-", "Repurchase of Capital Stock": "-856.215", "Free Cash Flow": "1,096"}, "2/29/2000": {"Duration": "2/29/2000", "Operating Cash Flow": "1,671", "Investing Cash Flow": "-43.184", "Financing Cash Flow": "-1,625", "End Cash Position": "214.321", "Income Tax Paid Supplemental Data": "-", "Interest Paid Supplemental Data": "-", "Capital Expenditure": "-43.184", "Issuance of Capital Stock": "455.946", "Issuance of Debt": "-", "Repayment of Debt": "-", "Repurchase of Capital Stock": "-2,516", "Free Cash Flow": "1,628"}, "2/28/1999": {"Duration": "2/28/1999", "Operating Cash Flow": "1,500", "Investing Cash Flow": "-100", "Financing Cash Flow": "-1,400", "End Cash Position": "0", "Income Tax Paid Supplemental Data": "-", "Interest Paid Supplemental Data": "-", "Capital Expenditure": "-100", "Issuance of Capital Stock": "100", "Issuance of Debt": "-", "Repayment of Debt": "-", "Repurchase of Capital Stock": "-1,300", "Free Cash Flow": "1,400"}, "2/28/1998": {"Duration": "2/28/1998", "Operating Cash Flow": "1,200", "Investing Cash Flow": "0", "Financing Cash Flow": "-1,000", "End Cash Position": "0", "Income Tax Paid Supplemental Data": "-", "Interest Paid Supplemental Data": "-", "Capital Expenditure": "-", "Issuance of Capital Stock": "200", "Issuance of Debt": "-", "Repayment of Debt": "-", "Repurchase of Capital Stock": "-100", "Free Cash Flow": "1,200"}, "2/28/1997": {"Duration": "2/28/1997", "Operating Cash Flow": "4,100", "Investing Cash Flow": "-300", "Financing Cash Flow": "-3,900", "End Cash Position": "0", "Income Tax Paid Supplemental Data": "-", "Interest Paid Supplemental Data": "-", "Capital Expenditure": "-300", "Issuance of Capital Stock": "100", "Issuance of Debt": "-", "Repayment of Debt": "-", "Repurchase of Capital Stock": "-200", "Free Cash Flow": "3,800"}, "2/29/1996": {"Duration": "2/29/1996", "Operating Cash Flow": "-4,300", "Investing Cash Flow": "-600", "Financing Cash Flow": "4,800", "End Cash Position": "0", "Income Tax Paid Supplemental Data": "-", "Interest Paid Supplemental Data": "-", "Capital Expenditure": "-600", "Issuance of Capital Stock": "200", "Issuance of Debt": "-", "Repayment of Debt": "-", "Repurchase of Capital Stock": "-200", "Free Cash Flow": "-4,900"}, "2/28/1995": {"Duration": "2/28/1995", "Operating Cash Flow": "-600", "Investing Cash Flow": "-300", "Financing Cash Flow": "1,100", "End Cash Position": "0", "Income Tax Paid Supplemental Data": "-", "Interest Paid Supplemental Data": "-", "Capital Expenditure": "-300", "Issuance of Capital Stock": "100", "Issuance of Debt": "-", "Repayment of Debt": "-", "Repurchase of Capital Stock": "-", "Free Cash Flow": "-900"}, "2/28/1994": {"Duration": "2/28/1994", "Operating Cash Flow": "500", "Investing Cash Flow": "-100", "Financing Cash Flow": "-400", "End Cash Position": "0", "Income Tax Paid Supplemental Data": "-", "Interest Paid Supplemental Data": "-", "Capital Expenditure": "-100", "Issuance of Capital Stock": "-", "Issuance of Debt": "-", "Repayment of Debt": "-", "Repurchase of Capital Stock": "-", "Free Cash Flow": "400"}, "2/28/1993": {"Duration": "2/28/1993", "Operating Cash Flow": "400", "Investing Cash Flow": "0", "Financing Cash Flow": "-400", "End Cash Position": "0", "Income Tax Paid Supplemental Data": "-", "Interest Paid Supplemental Data": "-", "Capital Expenditure": "-", "Issuance of Capital Stock": "400", "Issuance of Debt": "-", "Repayment of Debt": "-", "Repurchase of Capital Stock": "-400", "Free Cash Flow": "400"}, "2/29/1992": {"Duration": "2/29/1992", "Operating Cash Flow": "400", "Investing Cash Flow": "0", "Financing Cash Flow": "-300", "End Cash Position": "0", "Income Tax Paid Supplemental Data": "-", "Interest Paid Supplemental Data": "-", "Capital Expenditure": "-", "Issuance of Capital Stock": "-", "Issuance of Debt": "-", "Repayment of Debt": "-", "Repurchase of Capital Stock": "-", "Free Cash Flow": "400"}, "2/28/1991": {"Duration": "2/28/1991", "Operating Cash Flow": "-100", "Investing Cash Flow": "-100", "Financing Cash Flow": "200", "End Cash Position": "0", "Income Tax Paid Supplemental Data": "-", "Interest Paid Supplemental Data": "-", "Capital Expenditure": "-", "Issuance of Capital Stock": "-", "Issuance of Debt": "-", "Repayment of Debt": "-", "Repurchase of Capital Stock": "-", "Free Cash Flow": "-100"}, "2/28/1990": {"Duration": "2/28/1990", "Operating Cash Flow": "0", "Investing Cash Flow": "-200", "Financing Cash Flow": "200", "End Cash Position": "0", "Income Tax Paid Supplemental Data": "-", "Interest Paid Supplemental Data": "-", "Capital Expenditure": "-", "Issuance of Capital Stock": "-", "Issuance of Debt": "-", "Repayment of Debt": "-", "Repurchase of Capital Stock": "-", "Free Cash Flow": "0"}, "2/28/1989": {"Duration": "2/28/1989", "Operating Cash Flow": "100", "Investing Cash Flow": "0", "Financing Cash Flow": "-100", "End Cash Position": "0", "Income Tax Paid Supplemental Data": "-", "Interest Paid Supplemental Data": "-", "Capital Expenditure": "-", "Issuance of Capital Stock": "-", "Issuance of Debt": "-", "Repayment of Debt": "-", "Repurchase of Capital Stock": "-", "Free Cash Flow": "100"}}, "ks": {"Current": {"Duration": "Current", "Market Cap (intraday) 5": "110.40M", "Enterprise Value 3": "124.82M", "Trailing P/E ": "N/A", "Forward P/E 1": "N/A", "PEG Ratio (5 yr expected) 1": "N/A", "Price/Sales (ttm)": "0.62", "Price/Book (mrq)": "2.74", "Enterprise Value/Revenue 3": "0.68", "Enterprise Value/EBITDA 7": "N/A"}, "2/28/2021": {"Duration": "2/28/2021", "Market Cap (intraday) 5": "130.36M", "Enterprise Value 3": "109.98M", "Trailing P/E ": "11.92", "Forward P/E 1": "N/A", "PEG Ratio (5 yr expected) 1": "N/A", "Price/Sales (ttm)": "0.71", "Price/Book (mrq)": "3.37", "Enterprise Value/Revenue 3": "2.73", "Enterprise Value/EBITDA 7": "30.91"}, "11/30/2020": {"Duration": "11/30/2020", "Market Cap (intraday) 5": "131.44M", "Enterprise Value 3": "120.05M", "Trailing P/E ": "13.92", "Forward P/E 1": "N/A", "PEG Ratio (5 yr expected) 1": "N/A", "Price/Sales (ttm)": "0.83", "Price/Book (mrq)": "3.76", "Enterprise Value/Revenue 3": "1.80", "Enterprise Value/EBITDA 7": "19.11"}, "8/31/2020": {"Duration": "8/31/2020", "Market Cap (intraday) 5": "127.99M", "Enterprise Value 3": "131.78M", "Trailing P/E ": "20.70", "Forward P/E 1": "N/A", "PEG Ratio (5 yr expected) 1": "N/A", "Price/Sales (ttm)": "1.04", "Price/Book (mrq)": "4.13", "Enterprise Value/Revenue 3": "2.22", "Enterprise Value/EBITDA 7": "20.75"}, "5/31/2020": {"Duration": "5/31/2020", "Market Cap (intraday) 5": "69.05M", "Enterprise Value 3": "84.86M", "Trailing P/E ": "12.13", "Forward P/E 1": "N/A", "PEG Ratio (5 yr expected) 1": "N/A", "Price/Sales (ttm)": "0.61", "Price/Book (mrq)": "2.34", "Enterprise Value/Revenue 3": "2.22", "Enterprise Value/EBITDA 7": "26.22"}, "2/29/2020": {"Duration": "2/29/2020", "Market Cap (intraday) 5": "43.66M", "Enterprise Value 3": "53.72M", "Trailing P/E ": "7.70", "Forward P/E 1": "N/A", "PEG Ratio (5 yr expected) 1": "N/A", "Price/Sales (ttm)": "0.37", "Price/Book (mrq)": "1.46", "Enterprise Value/Revenue 3": "2.66", "Enterprise Value/EBITDA 7": "42.25"}, "11/30/2019": {"Duration": "11/30/2019", "Market Cap (intraday) 5": "51.57M", "Enterprise Value 3": "70.96M", "Trailing P/E ": "8.70", "Forward P/E 1": "N/A", "PEG Ratio (5 yr expected) 1": "N/A", "Price/Sales (ttm)": "0.43", "Price/Book (mrq)": "1.87", "Enterprise Value/Revenue 3": "1.74", "Enterprise Value/EBITDA 7": "16.05"}, "8/31/2019": {"Duration": "8/31/2019", "Market Cap (intraday) 5": "49.60M", "Enterprise Value 3": "67.73M", "Trailing P/E ": "7.74", "Forward P/E 1": "N/A", "PEG Ratio (5 yr expected) 1": "N/A", "Price/Sales (ttm)": "0.41", "Price/Book (mrq)": "1.85", "Enterprise Value/Revenue 3": "2.77", "Enterprise Value/EBITDA 7": "35.14"}, "5/31/2019": {"Duration": "5/31/2019", "Market Cap (intraday) 5": "59.85M", "Enterprise Value 3": "76.42M", "Trailing P/E ": "9.04", "Forward P/E 1": "N/A", "PEG Ratio (5 yr expected) 1": "N/A", "Price/Sales (ttm)": "0.50", "Price/Book (mrq)": "2.31", "Enterprise Value/Revenue 3": "2.77", "Enterprise Value/EBITDA 7": "31.26"}, "2/28/2019": {"Duration": "2/28/2019", "Market Cap (intraday) 5": "65.97M", "Enterprise Value 3": "78.13M", "Trailing P/E ": "9.53", "Forward P/E 1": "N/A", "PEG Ratio (5 yr expected) 1": "N/A", "Price/Sales (ttm)": "0.56", "Price/Book (mrq)": "2.56", "Enterprise Value/Revenue 3": "3.31", "Enterprise Value/EBITDA 7": "54.44"}, "11/30/2018": {"Duration": "11/30/2018", "Market Cap (intraday) 5": "79.91M", "Enterprise Value 3": "101.91M", "Trailing P/E ": "12.91", "Forward P/E 1": "N/A", "PEG Ratio (5 yr expected) 1": "N/A", "Price/Sales (ttm)": "0.69", "Price/Book (mrq)": "3.41", "Enterprise Value/Revenue 3": "2.52", "Enterprise Value/EBITDA 7": "23.16"}, "8/31/2018": {"Duration": "8/31/2018", "Market Cap (intraday) 5": "98.24M", "Enterprise Value 3": "114.27M", "Trailing P/E ": "17.02", "Forward P/E 1": "N/A", "PEG Ratio (5 yr expected) 1": "N/A", "Price/Sales (ttm)": "0.85", "Price/Book (mrq)": "4.51", "Enterprise Value/Revenue 3": "4.63", "Enterprise Value/EBITDA 7": "42.79"}, "5/31/2018": {"Duration": "5/31/2018", "Market Cap (intraday) 5": "92.40M", "Enterprise Value 3": "110.38M", "Trailing P/E ": "17.80", "Forward P/E 1": "N/A", "PEG Ratio (5 yr expected) 1": "N/A", "Price/Sales (ttm)": "0.83", "Price/Book (mrq)": "4.53", "Enterprise Value/Revenue 3": "3.68", "Enterprise Value/EBITDA 7": "36.05"}, "2/28/2018": {"Duration": "2/28/2018", "Market Cap (intraday) 5": "79.14M", "Enterprise Value 3": "94.92M", "Trailing P/E ": "15.74", "Forward P/E 1": "N/A", "PEG Ratio (5 yr expected) 1": "N/A", "Price/Sales (ttm)": "0.68", "Price/Book (mrq)": "4.05", "Enterprise Value/Revenue 3": "4.33", "Enterprise Value/EBITDA 7": "71.37"}, "11/30/2017": {"Duration": "11/30/2017", "Market Cap (intraday) 5": "57.05M", "Enterprise Value 3": "85.02M", "Trailing P/E ": "13.68", "Forward P/E 1": "N/A", "PEG Ratio (5 yr expected) 1": "N/A", "Price/Sales (ttm)": "0.52", "Price/Book (mrq)": "3.27", "Enterprise Value/Revenue 3": "2.19", "Enterprise Value/EBITDA 7": "21.01"}, "8/31/2017": {"Duration": "8/31/2017", "Market Cap (intraday) 5": "43.16M", "Enterprise Value 3": "69.48M", "Trailing P/E ": "12.41", "Forward P/E 1": "N/A", "PEG Ratio (5 yr expected) 1": "N/A", "Price/Sales (ttm)": "0.39", "Price/Book (mrq)": "2.62", "Enterprise Value/Revenue 3": "2.87", "Enterprise Value/EBITDA 7": "30.61"}, "5/31/2017": {"Duration": "5/31/2017", "Market Cap (intraday) 5": "40.30M", "Enterprise Value 3": "66.05M", "Trailing P/E ": "14.07", "Forward P/E 1": "N/A", "PEG Ratio (5 yr expected) 1": "N/A", "Price/Sales (ttm)": "0.38", "Price/Book (mrq)": "2.65", "Enterprise Value/Revenue 3": "2.45", "Enterprise Value/EBITDA 7": "25.83"}, "2/28/2017": {"Duration": "2/28/2017", "Market Cap (intraday) 5": "39.06M", "Enterprise Value 3": "62.73M", "Trailing P/E ": "18.73", "Forward P/E 1": "N/A", "PEG Ratio (5 yr expected) 1": "N/A", "Price/Sales (ttm)": "0.40", "Price/Book (mrq)": "2.69", "Enterprise Value/Revenue 3": "2.30", "Enterprise Value/EBITDA 7": "46.62"}, "11/30/2016": {"Duration": "11/30/2016", "Market Cap (intraday) 5": "36.94M", "Enterprise Value 3": "61.76M", "Trailing P/E ": "17.75", "Forward P/E 1": "N/A", "PEG Ratio (5 yr expected) 1": "N/A", "Price/Sales (ttm)": "0.41", "Price/Book (mrq)": "2.73", "Enterprise Value/Revenue 3": "2.01", "Enterprise Value/EBITDA 7": "26.79"}, "8/31/2016": {"Duration": "8/31/2016", "Market Cap (intraday) 5": "49.32M", "Enterprise Value 3": "72.46M", "Trailing P/E ": "20.51", "Forward P/E 1": "N/A", "PEG Ratio (5 yr expected) 1": "N/A", "Price/Sales (ttm)": "0.64", "Price/Book (mrq)": "3.65", "Enterprise Value/Revenue 3": "2.80", "Enterprise Value/EBITDA 7": "94.21"}, "5/31/2016": {"Duration": "5/31/2016", "Market Cap (intraday) 5": "43.34M", "Enterprise Value 3": "63.79M", "Trailing P/E ": "20.48", "Forward P/E 1": "N/A", "PEG Ratio (5 yr expected) 1": "N/A", "Price/Sales (ttm)": "0.68", "Price/Book (mrq)": "3.28", "Enterprise Value/Revenue 3": "2.80", "Enterprise Value/EBITDA 7": "52.24"}, "2/29/2016": {"Duration": "2/29/2016", "Market Cap (intraday) 5": "46.09M", "Enterprise Value 3": "39.41M", "Trailing P/E ": "19.89", "Forward P/E 1": "N/A", "PEG Ratio (5 yr expected) 1": "N/A", "Price/Sales (ttm)": "0.84", "Price/Book (mrq)": "3.38", "Enterprise Value/Revenue 3": "2.32", "Enterprise Value/EBITDA 7": "258.23"}, "11/30/2015": {"Duration": "11/30/2015", "Market Cap (intraday) 5": "56.14M", "Enterprise Value 3": "57.18M", "Trailing P/E ": "35.46", "Forward P/E 1": "N/A", "PEG Ratio (5 yr expected) 1": "N/A", "Price/Sales (ttm)": "1.36", "Price/Book (mrq)": "4.42", "Enterprise Value/Revenue 3": "2.34", "Enterprise Value/EBITDA 7": "28.08"}, "8/31/2015": {"Duration": "8/31/2015", "Market Cap (intraday) 5": "24.50M", "Enterprise Value 3": "25.83M", "Trailing P/E ": "26.30", "Forward P/E 1": "N/A", "PEG Ratio (5 yr expected) 1": "N/A", "Price/Sales (ttm)": "0.69", "Price/Book (mrq)": "1.98", "Enterprise Value/Revenue 3": "2.05", "Enterprise Value/EBITDA 7": "24.35"}, "5/31/2015": {"Duration": "5/31/2015", "Market Cap (intraday) 5": "19.45M", "Enterprise Value 3": "20.47M", "Trailing P/E ": "22.95", "Forward P/E 1": "N/A", "PEG Ratio (5 yr expected) 1": "N/A", "Price/Sales (ttm)": "0.59", "Price/Book (mrq)": "1.58", "Enterprise Value/Revenue 3": "2.12", "Enterprise Value/EBITDA 7": "37.78"}, "2/28/2015": {"Duration": "2/28/2015", "Market Cap (intraday) 5": "17.34M", "Enterprise Value 3": "18.09M", "Trailing P/E ": "39.18", "Forward P/E 1": "N/A", "PEG Ratio (5 yr expected) 1": "N/A", "Price/Sales (ttm)": "0.56", "Price/Book (mrq)": "1.39", "Enterprise Value/Revenue 3": "2.37", "Enterprise Value/EBITDA 7": "170.65"}, "11/30/2014": {"Duration": "11/30/2014", "Market Cap (intraday) 5": "16.93M", "Enterprise Value 3": "19.35M", "Trailing P/E ": "35.17", "Forward P/E 1": "N/A", "PEG Ratio (5 yr expected) 1": "N/A", "Price/Sales (ttm)": "0.59", "Price/Book (mrq)": "1.38", "Enterprise Value/Revenue 3": "1.77", "Enterprise Value/EBITDA 7": "22.06"}, "8/31/2014": {"Duration": "8/31/2014", "Market Cap (intraday) 5": "19.60M", "Enterprise Value 3": "19.77M", "Trailing P/E ": "37.69", "Forward P/E 1": "N/A", "PEG Ratio (5 yr expected) 1": "N/A", "Price/Sales (ttm)": "0.71", "Price/Book (mrq)": "1.56", "Enterprise Value/Revenue 3": "2.90", "Enterprise Value/EBITDA 7": "1.02k"}, "5/31/2014": {"Duration": "5/31/2014", "Market Cap (intraday) 5": "15.35M", "Enterprise Value 3": "14.67M", "Trailing P/E ": "42.77", "Forward P/E 1": "19.65", "PEG Ratio (5 yr expected) 1": "N/A", "Price/Sales (ttm)": "0.59", "Price/Book (mrq)": "1.22", "Enterprise Value/Revenue 3": "2.04", "Enterprise Value/EBITDA 7": "38.21"}, "2/28/2014": {"Duration": "2/28/2014", "Market Cap (intraday) 5": "14.90M", "Enterprise Value 3": "14.94M", "Trailing P/E ": "34.05", "Forward P/E 1": "19.12", "PEG Ratio (5 yr expected) 1": "N/A", "Price/Sales (ttm)": "0.58", "Price/Book (mrq)": "1.13", "Enterprise Value/Revenue 3": "2.54", "Enterprise Value/EBITDA 7": "102.44"}, "11/30/2013": {"Duration": "11/30/2013", "Market Cap (intraday) 5": "12.10M", "Enterprise Value 3": "13.07M", "Trailing P/E ": "27.70", "Forward P/E 1": "15.87", "PEG Ratio (5 yr expected) 1": "N/A", "Price/Sales (ttm)": "0.48", "Price/Book (mrq)": "0.93", "Enterprise Value/Revenue 3": "1.54", "Enterprise Value/EBITDA 7": "14.18"}, "8/31/2013": {"Duration": "8/31/2013", "Market Cap (intraday) 5": "12.23M", "Enterprise Value 3": "12.30M", "Trailing P/E ": "23.62", "Forward P/E 1": "13.95", "PEG Ratio (5 yr expected) 1": "N/A", "Price/Sales (ttm)": "0.49", "Price/Book (mrq)": "0.92", "Enterprise Value/Revenue 3": "2.15", "Enterprise Value/EBITDA 7": "145.68"}, "5/31/2013": {"Duration": "5/31/2013", "Market Cap (intraday) 5": "14.10M", "Enterprise Value 3": "14.88M", "Trailing P/E ": "17.75", "Forward P/E 1": "8.98", "PEG Ratio (5 yr expected) 1": "N/A", "Price/Sales (ttm)": "0.55", "Price/Book (mrq)": "1.05", "Enterprise Value/Revenue 3": "2.48", "Enterprise Value/EBITDA 7": "148.54"}, "2/28/2013": {"Duration": "2/28/2013", "Market Cap (intraday) 5": "15.49M", "Enterprise Value 3": "15.57M", "Trailing P/E ": "12.22", "Forward P/E 1": "9.24", "PEG Ratio (5 yr expected) 1": "N/A", "Price/Sales (ttm)": "0.59", "Price/Book (mrq)": "1.11", "Enterprise Value/Revenue 3": "2.80", "Enterprise Value/EBITDA 7": "-38.62"}, "11/30/2012": {"Duration": "11/30/2012", "Market Cap (intraday) 5": "15.23M", "Enterprise Value 3": "15.32M", "Trailing P/E ": "12.06", "Forward P/E 1": "7.89", "PEG Ratio (5 yr expected) 1": "N/A", "Price/Sales (ttm)": "0.59", "Price/Book (mrq)": "1.09", "Enterprise Value/Revenue 3": "1.95", "Enterprise Value/EBITDA 7": "17.99"}, "8/31/2012": {"Duration": "8/31/2012", "Market Cap (intraday) 5": "14.94M", "Enterprise Value 3": "15.28M", "Trailing P/E ": "10.27", "Forward P/E 1": "8.50", "PEG Ratio (5 yr expected) 1": "N/A", "Price/Sales (ttm)": "0.56", "Price/Book (mrq)": "1.08", "Enterprise Value/Revenue 3": "2.80", "Enterprise Value/EBITDA 7": "69.27"}, "5/31/2012": {"Duration": "5/31/2012", "Market Cap (intraday) 5": "17.27M", "Enterprise Value 3": "16.31M", "Trailing P/E ": "11.92", "Forward P/E 1": "N/A", "PEG Ratio (5 yr expected) 1": "N/A", "Price/Sales (ttm)": "0.65", "Price/Book (mrq)": "1.22", "Enterprise Value/Revenue 3": "2.47", "Enterprise Value/EBITDA 7": "29.15"}, "2/29/2012": {"Duration": "2/29/2012", "Market Cap (intraday) 5": "19.41M", "Enterprise Value 3": "18.90M", "Trailing P/E ": "13.78", "Forward P/E 1": "21.55", "PEG Ratio (5 yr expected) 1": "N/A", "Price/Sales (ttm)": "0.74", "Price/Book (mrq)": "1.37", "Enterprise Value/Revenue 3": "3.21", "Enterprise Value/EBITDA 7": "53.55"}, "11/30/2011": {"Duration": "11/30/2011", "Market Cap (intraday) 5": "20.46M", "Enterprise Value 3": "19.39M", "Trailing P/E ": "17.48", "Forward P/E 1": "22.78", "PEG Ratio (5 yr expected) 1": "N/A", "Price/Sales (ttm)": "0.78", "Price/Book (mrq)": "1.42", "Enterprise Value/Revenue 3": "2.23", "Enterprise Value/EBITDA 7": "16.68"}, "8/31/2011": {"Duration": "8/31/2011", "Market Cap (intraday) 5": "20.22M", "Enterprise Value 3": "19.37M", "Trailing P/E ": "16.77", "Forward P/E 1": "12.69", "PEG Ratio (5 yr expected) 1": "N/A", "Price/Sales (ttm)": "0.75", "Price/Book (mrq)": "1.44", "Enterprise Value/Revenue 3": "3.56", "Enterprise Value/EBITDA 7": "99.11"}, "5/31/2011": {"Duration": "5/31/2011", "Market Cap (intraday) 5": "21.47M", "Enterprise Value 3": "19.70M", "Trailing P/E ": "16.73", "Forward P/E 1": "N/A", "PEG Ratio (5 yr expected) 1": "N/A", "Price/Sales (ttm)": "0.79", "Price/Book (mrq)": "1.49", "Enterprise Value/Revenue 3": "3.14", "Enterprise Value/EBITDA 7": "41.44"}, "2/28/2011": {"Duration": "2/28/2011", "Market Cap (intraday) 5": "25.39M", "Enterprise Value 3": "23.48M", "Trailing P/E ": "21.67", "Forward P/E 1": "N/A", "PEG Ratio (5 yr expected) 1": "N/A", "Price/Sales (ttm)": "0.93", "Price/Book (mrq)": "1.73", "Enterprise Value/Revenue 3": "4.11", "Enterprise Value/EBITDA 7": "180.30"}, "11/30/2010": {"Duration": "11/30/2010", "Market Cap (intraday) 5": "23.84M", "Enterprise Value 3": "22.29M", "Trailing P/E ": "16.11", "Forward P/E 1": "N/A", "PEG Ratio (5 yr expected) 1": "N/A", "Price/Sales (ttm)": "0.86", "Price/Book (mrq)": "1.61", "Enterprise Value/Revenue 3": "2.35", "Enterprise Value/EBITDA 7": "17.98"}, "8/31/2010": {"Duration": "8/31/2010", "Market Cap (intraday) 5": "22.15M", "Enterprise Value 3": "20.60M", "Trailing P/E ": "13.57", "Forward P/E 1": "N/A", "PEG Ratio (5 yr expected) 1": "N/A", "Price/Sales (ttm)": "0.78", "Price/Book (mrq)": "1.50", "Enterprise Value/Revenue 3": "3.58", "Enterprise Value/EBITDA 7": "77.42"}, "5/31/2010": {"Duration": "5/31/2010", "Market Cap (intraday) 5": "23.11M", "Enterprise Value 3": "22.08M", "Trailing P/E ": "12.17", "Forward P/E 1": "N/A", "PEG Ratio (5 yr expected) 1": "N/A", "Price/Sales (ttm)": "0.80", "Price/Book (mrq)": "1.50", "Enterprise Value/Revenue 3": "3.51", "Enterprise Value/EBITDA 7": "74.57"}, "2/28/2010": {"Duration": "2/28/2010", "Market Cap (intraday) 5": "23.66M", "Enterprise Value 3": "22.20M", "Trailing P/E ": "11.51", "Forward P/E 1": "N/A", "PEG Ratio (5 yr expected) 1": "N/A", "Price/Sales (ttm)": "0.82", "Price/Book (mrq)": "1.53", "Enterprise Value/Revenue 3": "3.55", "Enterprise Value/EBITDA 7": "49.36"}, "11/30/2009": {"Duration": "11/30/2009", "Market Cap (intraday) 5": "19.86M", "Enterprise Value 3": "18.40M", "Trailing P/E ": "9.66", "Forward P/E 1": "N/A", "PEG Ratio (5 yr expected) 1": "N/A", "Price/Sales (ttm)": "0.69", "Price/Book (mrq)": "1.28", "Enterprise Value/Revenue 3": "1.84", "Enterprise Value/EBITDA 7": "12.44"}, "8/31/2009": {"Duration": "8/31/2009", "Market Cap (intraday) 5": "20.31M", "Enterprise Value 3": "20.51M", "Trailing P/E ": "11.40", "Forward P/E 1": "N/A", "PEG Ratio (5 yr expected) 1": "N/A", "Price/Sales (ttm)": "0.72", "Price/Book (mrq)": "1.34", "Enterprise Value/Revenue 3": "3.41", "Enterprise Value/EBITDA 7": "57.06"}, "5/31/2009": {"Duration": "5/31/2009", "Market Cap (intraday) 5": "21.27M", "Enterprise Value 3": "18.67M", "Trailing P/E ": "11.00", "Forward P/E 1": "N/A", "PEG Ratio (5 yr expected) 1": "N/A", "Price/Sales (ttm)": "0.71", "Price/Book (mrq)": "1.34", "Enterprise Value/Revenue 3": "2.92", "Enterprise Value/EBITDA 7": "29.22"}, "2/28/2009": {"Duration": "2/28/2009", "Market Cap (intraday) 5": "13.68M", "Enterprise Value 3": "8.62M", "Trailing P/E ": "7.16", "Forward P/E 1": "N/A", "PEG Ratio (5 yr expected) 1": "N/A", "Price/Sales (ttm)": "0.45", "Price/Book (mrq)": "0.81", "Enterprise Value/Revenue 3": "1.38", "Enterprise Value/EBITDA 7": "12.85"}, "11/30/2008": {"Duration": "11/30/2008", "Market Cap (intraday) 5": "14.33M", "Enterprise Value 3": "11.23M", "Trailing P/E ": "6.70", "Forward P/E 1": "N/A", "PEG Ratio (5 yr expected) 1": "N/A", "Price/Sales (ttm)": "0.47", "Price/Book (mrq)": "0.88", "Enterprise Value/Revenue 3": "1.20", "Enterprise Value/EBITDA 7": "10.94"}, "8/31/2008": {"Duration": "8/31/2008", "Market Cap (intraday) 5": "20.22M", "Enterprise Value 3": "18.23M", "Trailing P/E ": "9.12", "Forward P/E 1": "N/A", "PEG Ratio (5 yr expected) 1": "N/A", "Price/Sales (ttm)": "0.67", "Price/Book (mrq)": "1.27", "Enterprise Value/Revenue 3": "2.86", "Enterprise Value/EBITDA 7": "35.55"}, "5/31/2008": {"Duration": "5/31/2008", "Market Cap (intraday) 5": "23.13M", "Enterprise Value 3": "20.69M", "Trailing P/E ": "10.07", "Forward P/E 1": "N/A", "PEG Ratio (5 yr expected) 1": "N/A", "Price/Sales (ttm)": "0.76", "Price/Book (mrq)": "1.38", "Enterprise Value/Revenue 3": "2.81", "Enterprise Value/EBITDA 7": "27.46"}, "2/29/2008": {"Duration": "2/29/2008", "Market Cap (intraday) 5": "21.13M", "Enterprise Value 3": "18.69M", "Trailing P/E ": "9.50", "Forward P/E 1": "N/A", "PEG Ratio (5 yr expected) 1": "N/A", "Price/Sales (ttm)": "0.72", "Price/Book (mrq)": "1.26", "Enterprise Value/Revenue 3": "2.75", "Enterprise Value/EBITDA 7": "28.82"}, "11/30/2007": {"Duration": "11/30/2007", "Market Cap (intraday) 5": "20.60M", "Enterprise Value 3": "16.90M", "Trailing P/E ": "9.02", "Forward P/E 1": "N/A", "PEG Ratio (5 yr expected) 1": "N/A", "Price/Sales (ttm)": "0.69", "Price/Book (mrq)": "1.24", "Enterprise Value/Revenue 3": "1.71", "Enterprise Value/EBITDA 7": "12.20"}, "8/31/2007": {"Duration": "8/31/2007", "Market Cap (intraday) 5": "24.43M", "Enterprise Value 3": "23.00M", "Trailing P/E ": "11.21", "Forward P/E 1": "N/A", "PEG Ratio (5 yr expected) 1": "N/A", "Price/Sales (ttm)": "0.82", "Price/Book (mrq)": "1.55", "Enterprise Value/Revenue 3": "3.70", "Enterprise Value/EBITDA 7": "38.48"}, "5/31/2007": {"Duration": "5/31/2007", "Market Cap (intraday) 5": "30.88M", "Enterprise Value 3": "30.05M", "Trailing P/E ": "13.90", "Forward P/E 1": "N/A", "PEG Ratio (5 yr expected) 1": "N/A", "Price/Sales (ttm)": "1.03", "Price/Book (mrq)": "1.99", "Enterprise Value/Revenue 3": "3.95", "Enterprise Value/EBITDA 7": "32.50"}, "2/28/2007": {"Duration": "2/28/2007", "Market Cap (intraday) 5": "28.92M", "Enterprise Value 3": "27.67M", "Trailing P/E ": "12.39", "Forward P/E 1": "N/A", "PEG Ratio (5 yr expected) 1": "N/A", "Price/Sales (ttm)": "0.95", "Price/Book (mrq)": "1.85", "Enterprise Value/Revenue 3": "3.96", "Enterprise Value/EBITDA 7": "40.69"}, "11/30/2006": {"Duration": "11/30/2006", "Market Cap (intraday) 5": "25.16M", "Enterprise Value 3": "22.15M", "Trailing P/E ": "10.63", "Forward P/E 1": "N/A", "PEG Ratio (5 yr expected) 1": "N/A", "Price/Sales (ttm)": "0.83", "Price/Book (mrq)": "1.65", "Enterprise Value/Revenue 3": "2.26", "Enterprise Value/EBITDA 7": "17.15"}, "8/31/2006": {"Duration": "8/31/2006", "Market Cap (intraday) 5": "24.81M", "Enterprise Value 3": "24.54M", "Trailing P/E ": "10.65", "Forward P/E 1": "N/A", "PEG Ratio (5 yr expected) 1": "N/A", "Price/Sales (ttm)": "0.82", "Price/Book (mrq)": "1.72", "Enterprise Value/Revenue 3": "3.78", "Enterprise Value/EBITDA 7": "55.81"}, "5/31/2006": {"Duration": "5/31/2006", "Market Cap (intraday) 5": "26.34M", "Enterprise Value 3": "26.13M", "Trailing P/E ": "11.48", "Forward P/E 1": "N/A", "PEG Ratio (5 yr expected) 1": "N/A", "Price/Sales (ttm)": "0.86", "Price/Book (mrq)": "1.87", "Enterprise Value/Revenue 3": "3.22", "Enterprise Value/EBITDA 7": "24.02"}, "2/28/2006": {"Duration": "2/28/2006", "Market Cap (intraday) 5": "30.22M", "Enterprise Value 3": "30.57M", "Trailing P/E ": "12.98", "Forward P/E 1": "N/A", "PEG Ratio (5 yr expected) 1": "N/A", "Price/Sales (ttm)": "0.99", "Price/Book (mrq)": "2.27", "Enterprise Value/Revenue 3": "4.32", "Enterprise Value/EBITDA 7": "40.54"}, "11/30/2005": {"Duration": "11/30/2005", "Market Cap (intraday) 5": "31.87M", "Enterprise Value 3": "32.24M", "Trailing P/E ": "14.89", "Forward P/E 1": "N/A", "PEG Ratio (5 yr expected) 1": "N/A", "Price/Sales (ttm)": "1.05", "Price/Book (mrq)": "2.35", "Enterprise Value/Revenue 3": "3.33", "Enterprise Value/EBITDA 7": "27.27"}, "8/31/2005": {"Duration": "8/31/2005", "Market Cap (intraday) 5": "37.66M", "Enterprise Value 3": "39.81M", "Trailing P/E ": "17.33", "Forward P/E 1": "N/A", "PEG Ratio (5 yr expected) 1": "N/A", "Price/Sales (ttm)": "1.27", "Price/Book (mrq)": "2.95", "Enterprise Value/Revenue 3": "5.86", "Enterprise Value/EBITDA 7": "60.46"}, "5/31/2005": {"Duration": "5/31/2005", "Market Cap (intraday) 5": "37.76M", "Enterprise Value 3": "38.00M", "Trailing P/E ": "17.12", "Forward P/E 1": "N/A", "PEG Ratio (5 yr expected) 1": "N/A", "Price/Sales (ttm)": "1.29", "Price/Book (mrq)": "3.07", "Enterprise Value/Revenue 3": "4.62", "Enterprise Value/EBITDA 7": "31.42"}, "2/28/2005": {"Duration": "2/28/2005", "Market Cap (intraday) 5": "38.85M", "Enterprise Value 3": "39.91M", "Trailing P/E ": "17.63", "Forward P/E 1": "N/A", "PEG Ratio (5 yr expected) 1": "N/A", "Price/Sales (ttm)": "1.34", "Price/Book (mrq)": "3.20", "Enterprise Value/Revenue 3": "5.49", "Enterprise Value/EBITDA 7": "84.91"}, "11/30/2004": {"Duration": "11/30/2004", "Market Cap (intraday) 5": "38.89M", "Enterprise Value 3": "39.18M", "Trailing P/E ": "17.32", "Forward P/E 1": "N/A", "PEG Ratio (5 yr expected) 1": "N/A", "Price/Sales (ttm)": "1.40", "Price/Book (mrq)": "3.13", "Enterprise Value/Revenue 3": "4.26", "Enterprise Value/EBITDA 7": "29.87"}, "8/31/2004": {"Duration": "8/31/2004", "Market Cap (intraday) 5": "44.96M", "Enterprise Value 3": "47.25M", "Trailing P/E ": "19.49", "Forward P/E 1": "N/A", "PEG Ratio (5 yr expected) 1": "N/A", "Price/Sales (ttm)": "1.56", "Price/Book (mrq)": "3.54", "Enterprise Value/Revenue 3": "6.97", "Enterprise Value/EBITDA 7": "64.13"}, "5/31/2004": {"Duration": "5/31/2004", "Market Cap (intraday) 5": "43.55M", "Enterprise Value 3": "44.50M", "Trailing P/E ": "19.64", "Forward P/E 1": "N/A", "PEG Ratio (5 yr expected) 1": "N/A", "Price/Sales (ttm)": "1.53", "Price/Book (mrq)": "3.06", "Enterprise Value/Revenue 3": "5.29", "Enterprise Value/EBITDA 7": "33.25"}, "2/29/2004": {"Duration": "2/29/2004", "Market Cap (intraday) 5": "42.87M", "Enterprise Value 3": "42.28M", "Trailing P/E ": "20.48", "Forward P/E 1": "N/A", "PEG Ratio (5 yr expected) 1": "N/A", "Price/Sales (ttm)": "1.60", "Price/Book (mrq)": "3.13", "Enterprise Value/Revenue 3": "6.79", "Enterprise Value/EBITDA 7": "76.88"}, "11/30/2003": {"Duration": "11/30/2003", "Market Cap (intraday) 5": "45.27M", "Enterprise Value 3": "45.35M", "Trailing P/E ": "22.35", "Forward P/E 1": "N/A", "PEG Ratio (5 yr expected) 1": "N/A", "Price/Sales (ttm)": "1.76", "Price/Book (mrq)": "3.52", "Enterprise Value/Revenue 3": "4.55", "Enterprise Value/EBITDA 7": "32.13"}, "8/31/2003": {"Duration": "8/31/2003", "Market Cap (intraday) 5": "51.54M", "Enterprise Value 3": "50.77M", "Trailing P/E ": "26.06", "Forward P/E 1": "N/A", "PEG Ratio (5 yr expected) 1": "N/A", "Price/Sales (ttm)": "2.12", "Price/Book (mrq)": "4.23", "Enterprise Value/Revenue 3": "7.36", "Enterprise Value/EBITDA 7": "59.29"}, "5/31/2003": {"Duration": "5/31/2003", "Market Cap (intraday) 5": "39.91M", "Enterprise Value 3": "38.48M", "Trailing P/E ": "20.68", "Forward P/E 1": "N/A", "PEG Ratio (5 yr expected) 1": "N/A", "Price/Sales (ttm)": "1.69", "Price/Book (mrq)": "3.41", "Enterprise Value/Revenue 3": "5.56", "Enterprise Value/EBITDA 7": "64.81"}, "2/28/2003": {"Duration": "2/28/2003", "Market Cap (intraday) 5": "37.32M", "Enterprise Value 3": "35.89M", "Trailing P/E ": "19.90", "Forward P/E 1": "N/A", "PEG Ratio (5 yr expected) 1": "N/A", "Price/Sales (ttm)": "1.63", "Price/Book (mrq)": "3.19", "Enterprise Value/Revenue 3": "6.75", "Enterprise Value/EBITDA 7": "96.58"}, "11/30/2002": {"Duration": "11/30/2002", "Market Cap (intraday) 5": "29.03M", "Enterprise Value 3": "28.56M", "Trailing P/E ": "18.02", "Forward P/E 1": "N/A", "PEG Ratio (5 yr expected) 1": "N/A", "Price/Sales (ttm)": "1.40", "Price/Book (mrq)": "2.68", "Enterprise Value/Revenue 3": "3.65", "Enterprise Value/EBITDA 7": "23.31"}, "8/31/2002": {"Duration": "8/31/2002", "Market Cap (intraday) 5": "25.95M", "Enterprise Value 3": "25.91M", "Trailing P/E ": "16.14", "Forward P/E 1": "N/A", "PEG Ratio (5 yr expected) 1": "N/A", "Price/Sales (ttm)": "1.27", "Price/Book (mrq)": "2.48", "Enterprise Value/Revenue 3": "4.62", "Enterprise Value/EBITDA 7": "36.25"}, "5/31/2002": {"Duration": "5/31/2002", "Market Cap (intraday) 5": "25.53M", "Enterprise Value 3": "25.49M", "Trailing P/E ": "15.83", "Forward P/E 1": "N/A", "PEG Ratio (5 yr expected) 1": "N/A", "Price/Sales (ttm)": "1.25", "Price/Book (mrq)": "2.44", "Enterprise Value/Revenue 3": "4.16", "Enterprise Value/EBITDA 7": "29.05"}, "2/28/2002": {"Duration": "2/28/2002", "Market Cap (intraday) 5": "26.03M", "Enterprise Value 3": "25.12M", "Trailing P/E ": "17.92", "Forward P/E 1": "N/A", "PEG Ratio (5 yr expected) 1": "N/A", "Price/Sales (ttm)": "1.35", "Price/Book (mrq)": "2.57", "Enterprise Value/Revenue 3": "5.42", "Enterprise Value/EBITDA 7": "74.22"}, "11/30/2001": {"Duration": "11/30/2001", "Market Cap (intraday) 5": "20.18M", "Enterprise Value 3": "17.87M", "Trailing P/E ": "15.44", "Forward P/E 1": "N/A", "PEG Ratio (5 yr expected) 1": "N/A", "Price/Sales (ttm)": "1.08", "Price/Book (mrq)": "2.01", "Enterprise Value/Revenue 3": "2.97", "Enterprise Value/EBITDA 7": "22.89"}, "8/31/2001": {"Duration": "8/31/2001", "Market Cap (intraday) 5": "20.59M", "Enterprise Value 3": "20.18M", "Trailing P/E ": "17.23", "Forward P/E 1": "N/A", "PEG Ratio (5 yr expected) 1": "N/A", "Price/Sales (ttm)": "1.14", "Price/Book (mrq)": "2.13", "Enterprise Value/Revenue 3": "3.95", "Enterprise Value/EBITDA 7": "30.72"}, "5/31/2001": {"Duration": "5/31/2001", "Market Cap (intraday) 5": "12.70M", "Enterprise Value 3": "13.19M", "Trailing P/E ": "11.21", "Forward P/E 1": "N/A", "PEG Ratio (5 yr expected) 1": "N/A", "Price/Sales (ttm)": "0.72", "Price/Book (mrq)": "1.34", "Enterprise Value/Revenue 3": "2.75", "Enterprise Value/EBITDA 7": "21.69"}, "2/28/2001": {"Duration": "2/28/2001", "Market Cap (intraday) 5": "13.20M", "Enterprise Value 3": "14.02M", "Trailing P/E ": "12.50", "Forward P/E 1": "N/A", "PEG Ratio (5 yr expected) 1": "N/A", "Price/Sales (ttm)": "0.78", "Price/Book (mrq)": "1.43", "Enterprise Value/Revenue 3": "3.80", "Enterprise Value/EBITDA 7": "110.61"}, "11/30/2000": {"Duration": "11/30/2000", "Market Cap (intraday) 5": "14.90M", "Enterprise Value 3": "15.56M", "Trailing P/E ": "14.67", "Forward P/E 1": "N/A", "PEG Ratio (5 yr expected) 1": "N/A", "Price/Sales (ttm)": "0.90", "Price/Book (mrq)": "1.63", "Enterprise Value/Revenue 3": "2.97", "Enterprise Value/EBITDA 7": "24.36"}, "8/31/2000": {"Duration": "8/31/2000", "Market Cap (intraday) 5": "13.70M", "Enterprise Value 3": "15.00M", "Trailing P/E ": "12.96", "Forward P/E 1": "N/A", "PEG Ratio (5 yr expected) 1": "N/A", "Price/Sales (ttm)": "0.86", "Price/Book (mrq)": "1.56", "Enterprise Value/Revenue 3": "3.40", "Enterprise Value/EBITDA 7": "25.10"}, "5/31/2000": {"Duration": "5/31/2000", "Market Cap (intraday) 5": "9.85M", "Enterprise Value 3": "11.19M", "Trailing P/E ": "10.00", "Forward P/E 1": "N/A", "PEG Ratio (5 yr expected) 1": "N/A", "Price/Sales (ttm)": "0.61", "Price/Book (mrq)": "1.14", "Enterprise Value/Revenue 3": "2.63", "Enterprise Value/EBITDA 7": "23.97"}, "2/29/2000": {"Duration": "2/29/2000", "Market Cap (intraday) 5": "14.06M", "Enterprise Value 3": "15.13M", "Trailing P/E ": "14.06", "Forward P/E 1": "N/A", "PEG Ratio (5 yr expected) 1": "N/A", "Price/Sales (ttm)": "0.89", "Price/Book (mrq)": "1.57", "Enterprise Value/Revenue 3": "4.26", "Enterprise Value/EBITDA 7": "106.79"}, "11/30/1999": {"Duration": "11/30/1999", "Market Cap (intraday) 5": "17.56M", "Enterprise Value 3": "17.56M", "Trailing P/E ": "16.50", "Forward P/E 1": "N/A", "PEG Ratio (5 yr expected) 1": "N/A", "Price/Sales (ttm)": "1.16", "Price/Book (mrq)": "1.89", "Enterprise Value/Revenue 3": "3.51", "Enterprise Value/EBITDA 7": "29.26"}, "8/31/1999": {"Duration": "8/31/1999", "Market Cap (intraday) 5": "12.96M", "Enterprise Value 3": "13.36M", "Trailing P/E ": "11.54", "Forward P/E 1": "N/A", "PEG Ratio (5 yr expected) 1": "N/A", "Price/Sales (ttm)": "0.84", "Price/Book (mrq)": "1.41", "Enterprise Value/Revenue 3": "3.18", "Enterprise Value/EBITDA 7": "26.73"}, "5/31/1999": {"Duration": "5/31/1999", "Market Cap (intraday) 5": "11.12M", "Enterprise Value 3": "12.62M", "Trailing P/E ": "9.62", "Forward P/E 1": "N/A", "PEG Ratio (5 yr expected) 1": "N/A", "Price/Sales (ttm)": "0.76", "Price/Book (mrq)": "1.11", "Enterprise Value/Revenue 3": "3.08", "Enterprise Value/EBITDA 7": "25.23"}, "2/28/1999": {"Duration": "2/28/1999", "Market Cap (intraday) 5": "12.18M", "Enterprise Value 3": "12.38M", "Trailing P/E ": "9.26", "Forward P/E 1": "N/A", "PEG Ratio (5 yr expected) 1": "N/A", "Price/Sales (ttm)": "0.75", "Price/Book (mrq)": "1.22", "Enterprise Value/Revenue 3": "3.99", "Enterprise Value/EBITDA 7": "123.83"}, "11/30/1998": {"Duration": "11/30/1998", "Market Cap (intraday) 5": "11.37M", "Enterprise Value 3": "11.57M", "Trailing P/E ": "8.57", "Forward P/E 1": "N/A", "PEG Ratio (5 yr expected) 1": "N/A", "Price/Sales (ttm)": "0.70", "Price/Book (mrq)": "1.14", "Enterprise Value/Revenue 3": "2.10", "Enterprise Value/EBITDA 7": "12.86"}, "8/31/1998": {"Duration": "8/31/1998", "Market Cap (intraday) 5": "13.30M", "Enterprise Value 3": "15.30M", "Trailing P/E ": "9.72", "Forward P/E 1": "N/A", "PEG Ratio (5 yr expected) 1": "N/A", "Price/Sales (ttm)": "0.83", "Price/Book (mrq)": "1.34", "Enterprise Value/Revenue 3": "3.83", "Enterprise Value/EBITDA 7": "25.50"}, "5/31/1998": {"Duration": "5/31/1998", "Market Cap (intraday) 5": "23.53M", "Enterprise Value 3": "24.23M", "Trailing P/E ": "14.45", "Forward P/E 1": "N/A", "PEG Ratio (5 yr expected) 1": "N/A", "Price/Sales (ttm)": "1.28", "Price/Book (mrq)": "2.33", "Enterprise Value/Revenue 3": "5.77", "Enterprise Value/EBITDA 7": "34.62"}, "2/28/1998": {"Duration": "2/28/1998", "Market Cap (intraday) 5": "22.85M", "Enterprise Value 3": "23.85M", "Trailing P/E ": "12.87", "Forward P/E 1": "N/A", "PEG Ratio (5 yr expected) 1": "N/A", "Price/Sales (ttm)": "1.22", "Price/Book (mrq)": "2.31", "Enterprise Value/Revenue 3": "6.28", "Enterprise Value/EBITDA 7": "59.63"}, "11/30/1997": {"Duration": "11/30/1997", "Market Cap (intraday) 5": "30.05M", "Enterprise Value 3": "32.15M", "Trailing P/E ": "15.97", "Forward P/E 1": "N/A", "PEG Ratio (5 yr expected) 1": "N/A", "Price/Sales (ttm)": "1.45", "Price/Book (mrq)": "3.27", "Enterprise Value/Revenue 3": "5.74", "Enterprise Value/EBITDA 7": "32.15"}, "8/31/1997": {"Duration": "8/31/1997", "Market Cap (intraday) 5": "36.53M", "Enterprise Value 3": "38.33M", "Trailing P/E ": "20.59", "Forward P/E 1": "N/A", "PEG Ratio (5 yr expected) 1": "N/A", "Price/Sales (ttm)": "1.90", "Price/Book (mrq)": "4.15", "Enterprise Value/Revenue 3": "7.23", "Enterprise Value/EBITDA 7": "42.59"}, "5/31/1997": {"Duration": "5/31/1997", "Market Cap (intraday) 5": "31.62M", "Enterprise Value 3": "33.52M", "Trailing P/E ": "19.56", "Forward P/E 1": "N/A", "PEG Ratio (5 yr expected) 1": "N/A", "Price/Sales (ttm)": "1.53", "Price/Book (mrq)": "3.81", "Enterprise Value/Revenue 3": "7.13", "Enterprise Value/EBITDA 7": "37.25"}, "2/28/1997": {"Duration": "2/28/1997", "Market Cap (intraday) 5": "31.21M", "Enterprise Value 3": "33.11M", "Trailing P/E ": "19.35", "Forward P/E 1": "N/A", "PEG Ratio (5 yr expected) 1": "N/A", "Price/Sales (ttm)": "1.52", "Price/Book (mrq)": "3.76", "Enterprise Value/Revenue 3": "7.88", "Enterprise Value/EBITDA 7": "66.21"}, "11/30/1996": {"Duration": "11/30/1996", "Market Cap (intraday) 5": "41.58M", "Enterprise Value 3": "45.88M", "Trailing P/E ": "28.57", "Forward P/E 1": "N/A", "PEG Ratio (5 yr expected) 1": "N/A", "Price/Sales (ttm)": "2.03", "Price/Book (mrq)": "5.54", "Enterprise Value/Revenue 3": "7.28", "Enterprise Value/EBITDA 7": "38.23"}, "8/31/1996": {"Duration": "8/31/1996", "Market Cap (intraday) 5": "33.94M", "Enterprise Value 3": "39.24M", "Trailing P/E ": "20.31", "Forward P/E 1": "N/A", "PEG Ratio (5 yr expected) 1": "N/A", "Price/Sales (ttm)": "1.65", "Price/Book (mrq)": "4.78", "Enterprise Value/Revenue 3": "7.85", "Enterprise Value/EBITDA 7": "49.05"}, "5/31/1996": {"Duration": "5/31/1996", "Market Cap (intraday) 5": "50.91M", "Enterprise Value 3": "56.21M", "Trailing P/E ": "30.47", "Forward P/E 1": "N/A", "PEG Ratio (5 yr expected) 1": "N/A", "Price/Sales (ttm)": "2.48", "Price/Book (mrq)": "7.17", "Enterprise Value/Revenue 3": "9.86", "Enterprise Value/EBITDA 7": "80.31"}, "2/29/1996": {"Duration": "2/29/1996", "Market Cap (intraday) 5": "64.89M", "Enterprise Value 3": "70.49M", "Trailing P/E ": "36.76", "Forward P/E 1": "N/A", "PEG Ratio (5 yr expected) 1": "N/A", "Price/Sales (ttm)": "3.46", "Price/Book (mrq)": "9.68", "Enterprise Value/Revenue 3": "15.00", "Enterprise Value/EBITDA 7": "140.97"}, "11/30/1995": {"Duration": "11/30/1995", "Market Cap (intraday) 5": "51.94M", "Enterprise Value 3": "55.74M", "Trailing P/E ": "35.55", "Forward P/E 1": "N/A", "PEG Ratio (5 yr expected) 1": "N/A", "Price/Sales (ttm)": "3.33", "Price/Book (mrq)": "7.53", "Enterprise Value/Revenue 3": "9.45", "Enterprise Value/EBITDA 7": "61.93"}, "8/31/1995": {"Duration": "8/31/1995", "Market Cap (intraday) 5": "36.83M", "Enterprise Value 3": "39.93M", "Trailing P/E ": "28.80", "Forward P/E 1": "N/A", "PEG Ratio (5 yr expected) 1": "N/A", "Price/Sales (ttm)": "2.95", "Price/Book (mrq)": "5.85", "Enterprise Value/Revenue 3": "8.50", "Enterprise Value/EBITDA 7": "39.93"}, "5/31/1995": {"Duration": "5/31/1995", "Market Cap (intraday) 5": "27.38M", "Enterprise Value 3": "29.68M", "Trailing P/E ": "25.26", "Forward P/E 1": "N/A", "PEG Ratio (5 yr expected) 1": "N/A", "Price/Sales (ttm)": "2.36", "Price/Book (mrq)": "4.80", "Enterprise Value/Revenue 3": "7.42", "Enterprise Value/EBITDA 7": "42.40"}, "2/28/1995": {"Duration": "2/28/1995", "Market Cap (intraday) 5": "30.48M", "Enterprise Value 3": "31.18M", "Trailing P/E ": "30.68", "Forward P/E 1": "N/A", "PEG Ratio (5 yr expected) 1": "N/A", "Price/Sales (ttm)": "2.95", "Price/Book (mrq)": "5.75", "Enterprise Value/Revenue 3": "8.21", "Enterprise Value/EBITDA 7": "62.37"}, "11/30/1994": {"Duration": "11/30/1994", "Market Cap (intraday) 5": "29.69M", "Enterprise Value 3": "29.19M", "Trailing P/E ": "33.12", "Forward P/E 1": "N/A", "PEG Ratio (5 yr expected) 1": "N/A", "Price/Sales (ttm)": "3.28", "Price/Book (mrq)": "5.94", "Enterprise Value/Revenue 3": "8.85", "Enterprise Value/EBITDA 7": "72.98"}, "8/31/1994": {"Duration": "8/31/1994", "Market Cap (intraday) 5": "18.42M", "Enterprise Value 3": "18.32M", "Trailing P/E ": "22.92", "Forward P/E 1": "N/A", "PEG Ratio (5 yr expected) 1": "N/A", "Price/Sales (ttm)": "2.13", "Price/Book (mrq)": "4.00", "Enterprise Value/Revenue 3": "6.32", "Enterprise Value/EBITDA 7": "36.64"}, "5/31/1994": {"Duration": "5/31/1994", "Market Cap (intraday) 5": "12.84M", "Enterprise Value 3": "12.64M", "Trailing P/E ": "17.97", "Forward P/E 1": "N/A", "PEG Ratio (5 yr expected) 1": "N/A", "Price/Sales (ttm)": "1.74", "Price/Book (mrq)": "2.92", "Enterprise Value/Revenue 3": "5.06", "Enterprise Value/EBITDA 7": "42.13"}, "2/28/1994": {"Duration": "2/28/1994", "Market Cap (intraday) 5": "17.29M", "Enterprise Value 3": "17.19M", "Trailing P/E ": "26.44", "Forward P/E 1": "N/A", "PEG Ratio (5 yr expected) 1": "N/A", "Price/Sales (ttm)": "2.23", "Price/Book (mrq)": "4.32", "Enterprise Value/Revenue 3": "9.55", "Enterprise Value/EBITDA 7": "171.91"}, "11/30/1993": {"Duration": "11/30/1993", "Market Cap (intraday) 5": "8.37M", "Enterprise Value 3": "8.17M", "Trailing P/E ": "14.42", "Forward P/E 1": "N/A", "PEG Ratio (5 yr expected) 1": "N/A", "Price/Sales (ttm)": "1.35", "Price/Book (mrq)": "2.15", "Enterprise Value/Revenue 3": "3.89", "Enterprise Value/EBITDA 7": "27.25"}, "8/31/1993": {"Duration": "8/31/1993", "Market Cap (intraday) 5": "6.42M", "Enterprise Value 3": "6.52M", "Trailing P/E ": "20.54", "Forward P/E 1": "N/A", "PEG Ratio (5 yr expected) 1": "N/A", "Price/Sales (ttm)": "1.00", "Price/Book (mrq)": "1.69", "Enterprise Value/Revenue 3": "3.10", "Enterprise Value/EBITDA 7": "21.73"}, "5/31/1993": {"Duration": "5/31/1993", "Market Cap (intraday) 5": "6.42M", "Enterprise Value 3": "6.72M", "Trailing P/E ": "17.97", "Forward P/E 1": "N/A", "PEG Ratio (5 yr expected) 1": "N/A", "Price/Sales (ttm)": "1.04", "Price/Book (mrq)": "2.07", "Enterprise Value/Revenue 3": "3.95", "Enterprise Value/EBITDA 7": "33.60"}, "2/28/1993": {"Duration": "2/28/1993", "Market Cap (intraday) 5": "6.95M", "Enterprise Value 3": "7.25M", "Trailing P/E ": "39.06", "Forward P/E 1": "N/A", "PEG Ratio (5 yr expected) 1": "N/A", "Price/Sales (ttm)": "1.19", "Price/Book (mrq)": "2.32", "Enterprise Value/Revenue 3": "5.18", "Enterprise Value/EBITDA 7": "N/A"}, "11/30/1992": {"Duration": "11/30/1992", "Market Cap (intraday) 5": "7.22M", "Enterprise Value 3": "7.52M", "Trailing P/E ": "40.62", "Forward P/E 1": "N/A", "PEG Ratio (5 yr expected) 1": "N/A", "Price/Sales (ttm)": "1.24", "Price/Book (mrq)": "2.41", "Enterprise Value/Revenue 3": "4.43", "Enterprise Value/EBITDA 7": "37.62"}, "8/31/1992": {"Duration": "8/31/1992", "Market Cap (intraday) 5": "5.76M", "Enterprise Value 3": "6.86M", "Trailing P/E ": "15.97", "Forward P/E 1": "N/A", "PEG Ratio (5 yr expected) 1": "N/A", "Price/Sales (ttm)": "1.15", "Price/Book (mrq)": "2.30", "Enterprise Value/Revenue 3": "4.03", "Enterprise Value/EBITDA 7": "22.86"}, "5/31/1992": {"Duration": "5/31/1992", "Market Cap (intraday) 5": "3.42M", "Enterprise Value 3": "4.22M", "Trailing P/E ": "13.54", "Forward P/E 1": "N/A", "PEG Ratio (5 yr expected) 1": "N/A", "Price/Sales (ttm)": "0.73", "Price/Book (mrq)": "1.55", "Enterprise Value/Revenue 3": "2.81", "Enterprise Value/EBITDA 7": "21.09"}, "2/29/1992": {"Duration": "2/29/1992", "Market Cap (intraday) 5": "3.42M", "Enterprise Value 3": "4.22M", "Trailing P/E ": "N/A", "Forward P/E 1": "N/A", "PEG Ratio (5 yr expected) 1": "N/A", "Price/Sales (ttm)": "0.69", "Price/Book (mrq)": "1.42", "Enterprise Value/Revenue 3": "3.24", "Enterprise Value/EBITDA 7": "-42.17"}, "11/30/1991": {"Duration": "11/30/1991", "Market Cap (intraday) 5": "2.10M", "Enterprise Value 3": "3.30M", "Trailing P/E ": "N/A", "Forward P/E 1": "N/A", "PEG Ratio (5 yr expected) 1": "N/A", "Price/Sales (ttm)": "0.40", "Price/Book (mrq)": "0.91", "Enterprise Value/Revenue 3": "2.20", "Enterprise Value/EBITDA 7": "16.52"}, "8/31/1991": {"Duration": "8/31/1991", "Market Cap (intraday) 5": "1.44M", "Enterprise Value 3": "2.54M", "Trailing P/E ": "N/A", "Forward P/E 1": "N/A", "PEG Ratio (5 yr expected) 1": "N/A", "Price/Sales (ttm)": "0.29", "Price/Book (mrq)": "0.69", "Enterprise Value/Revenue 3": "1.70", "Enterprise Value/EBITDA 7": "12.71"}, "5/31/1991": {"Duration": "5/31/1991", "Market Cap (intraday) 5": "1.70M", "Enterprise Value 3": "2.80M", "Trailing P/E ": "N/A", "Forward P/E 1": "N/A", "PEG Ratio (5 yr expected) 1": "N/A", "Price/Sales (ttm)": "0.34", "Price/Book (mrq)": "0.81", "Enterprise Value/Revenue 3": "2.00", "Enterprise Value/EBITDA 7": "14.02"}, "2/28/1991": {"Duration": "2/28/1991", "Market Cap (intraday) 5": "918.08k", "Enterprise Value 3": "2.12M", "Trailing P/E ": "N/A", "Forward P/E 1": "N/A", "PEG Ratio (5 yr expected) 1": "N/A", "Price/Sales (ttm)": "0.23", "Price/Book (mrq)": "0.46", "Enterprise Value/Revenue 3": "1.93", "Enterprise Value/EBITDA 7": "N/A"}, "11/30/1990": {"Duration": "11/30/1990", "Market Cap (intraday) 5": "771.75k", "Enterprise Value 3": "1.77M", "Trailing P/E ": "N/A", "Forward P/E 1": "N/A", "PEG Ratio (5 yr expected) 1": "N/A", "Price/Sales (ttm)": "0.19", "Price/Book (mrq)": "0.37", "Enterprise Value/Revenue 3": "1.36", "Enterprise Value/EBITDA 7": "N/A"}, "8/31/1990": {"Duration": "8/31/1990", "Market Cap (intraday) 5": "2.32M", "Enterprise Value 3": "3.42M", "Trailing P/E ": "N/A", "Forward P/E 1": "N/A", "PEG Ratio (5 yr expected) 1": "N/A", "Price/Sales (ttm)": "0.54", "Price/Book (mrq)": "1.16", "Enterprise Value/Revenue 3": "2.85", "Enterprise Value/EBITDA 7": "N/A"}, "5/31/1990": {"Duration": "5/31/1990", "Market Cap (intraday) 5": "2.57M", "Enterprise Value 3": "3.47M", "Trailing P/E ": "15.62", "Forward P/E 1": "N/A", "PEG Ratio (5 yr expected) 1": "N/A", "Price/Sales (ttm)": "0.61", "Price/Book (mrq)": "1.29", "Enterprise Value/Revenue 3": "2.89", "Enterprise Value/EBITDA 7": "34.73"}, "2/28/1990": {"Duration": "2/28/1990", "Market Cap (intraday) 5": "2.29M", "Enterprise Value 3": "3.19M", "Trailing P/E ": "11.25", "Forward P/E 1": "N/A", "PEG Ratio (5 yr expected) 1": "N/A", "Price/Sales (ttm)": "0.58", "Price/Book (mrq)": "1.14", "Enterprise Value/Revenue 3": "3.54", "Enterprise Value/EBITDA 7": "31.87"}, "11/30/1989": {"Duration": "11/30/1989", "Market Cap (intraday) 5": "2.16M", "Enterprise Value 3": "2.86M", "Trailing P/E ": "7.59", "Forward P/E 1": "N/A", "PEG Ratio (5 yr expected) 1": "N/A", "Price/Sales (ttm)": "0.60", "Price/Book (mrq)": "1.08", "Enterprise Value/Revenue 3": "2.86", "Enterprise Value/EBITDA 7": "28.60"}, "8/31/1989": {"Duration": "8/31/1989", "Market Cap (intraday) 5": "2.03M", "Enterprise Value 3": "2.93M", "Trailing P/E ": "7.14", "Forward P/E 1": "N/A", "PEG Ratio (5 yr expected) 1": "N/A", "Price/Sales (ttm)": "0.58", "Price/Book (mrq)": "1.07", "Enterprise Value/Revenue 3": "2.67", "Enterprise Value/EBITDA 7": "14.66"}, "5/31/1989": {"Duration": "5/31/1989", "Market Cap (intraday) 5": "1.27M", "Enterprise Value 3": "2.07M", "Trailing P/E ": "15.62", "Forward P/E 1": "N/A", "PEG Ratio (5 yr expected) 1": "N/A", "Price/Sales (ttm)": "0.37", "Price/Book (mrq)": "0.75", "Enterprise Value/Revenue 3": "2.30", "Enterprise Value/EBITDA 7": "20.71"}, "2/28/1989": {"Duration": "2/28/1989", "Market Cap (intraday) 5": "1.27M", "Enterprise Value 3": "1.97M", "Trailing P/E ": "15.62", "Forward P/E 1": "N/A", "PEG Ratio (5 yr expected) 1": "N/A", "Price/Sales (ttm)": "0.49", "Price/Book (mrq)": "0.79", "Enterprise Value/Revenue 3": "3.28", "Enterprise Value/EBITDA 7": "-0.82"}, "11/30/1988": {"Duration": "11/30/1988", "Market Cap (intraday) 5": "1.40M", "Enterprise Value 3": "2.20M", "Trailing P/E ": "17.19", "Forward P/E 1": "N/A", "PEG Ratio (5 yr expected) 1": "N/A", "Price/Sales (ttm)": "0.45", "Price/Book (mrq)": "0.93", "Enterprise Value/Revenue 3": "2.44", "Enterprise Value/EBITDA 7": "2.44"}, "8/31/1988": {"Duration": "8/31/1988", "Market Cap (intraday) 5": "1.13M", "Enterprise Value 3": "1.93M", "Trailing P/E ": "28.13", "Forward P/E 1": "N/A", "PEG Ratio (5 yr expected) 1": "N/A", "Price/Sales (ttm)": "0.38", "Price/Book (mrq)": "0.75", "Enterprise Value/Revenue 3": "1.93", "Enterprise Value/EBITDA 7": "1.93"}, "5/31/1988": {"Duration": "5/31/1988", "Market Cap (intraday) 5": "1.51M", "Enterprise Value 3": "2.31M", "Trailing P/E ": "18.75", "Forward P/E 1": "N/A", "PEG Ratio (5 yr expected) 1": "N/A", "Price/Sales (ttm)": "0.54", "Price/Book (mrq)": "1.00", "Enterprise Value/Revenue 3": "3.29", "Enterprise Value/EBITDA 7": "3.29"}, "2/29/1988": {"Duration": "2/29/1988", "Market Cap (intraday) 5": "1.88M", "Enterprise Value 3": "2.68M", "Trailing P/E ": "23.44", "Forward P/E 1": "N/A", "PEG Ratio (5 yr expected) 1": "N/A", "Price/Sales (ttm)": "0.87", "Price/Book (mrq)": "1.26", "Enterprise Value/Revenue 3": "5.37", "Enterprise Value/EBITDA 7": "-1.34"}, "11/30/1987": {"Duration": "11/30/1987", "Market Cap (intraday) 5": "1.86M", "Enterprise Value 3": "2.26M", "Trailing P/E ": "40.63", "Forward P/E 1": "N/A", "PEG Ratio (5 yr expected) 1": "N/A", "Price/Sales (ttm)": "0.64", "Price/Book (mrq)": "1.86", "Enterprise Value/Revenue 3": "2.82", "Enterprise Value/EBITDA 7": "2.82"}, "8/31/1987": {"Duration": "8/31/1987", "Market Cap (intraday) 5": "3.16M", "Enterprise Value 3": "3.56M", "Trailing P/E ": "34.38", "Forward P/E 1": "N/A", "PEG Ratio (5 yr expected) 1": "N/A", "Price/Sales (ttm)": "1.09", "Price/Book (mrq)": "3.16", "Enterprise Value/Revenue 3": "4.45", "Enterprise Value/EBITDA 7": "4.45"}, "5/31/1987": {"Duration": "5/31/1987", "Market Cap (intraday) 5": "3.94M", "Enterprise Value 3": "4.34M", "Trailing P/E ": "18.75", "Forward P/E 1": "N/A", "PEG Ratio (5 yr expected) 1": "N/A", "Price/Sales (ttm)": "1.29", "Price/Book (mrq)": "3.94", "Enterprise Value/Revenue 3": "7.24", "Enterprise Value/EBITDA 7": "7.24"}, "2/28/1987": {"Duration": "2/28/1987", "Market Cap (intraday) 5": "4.01M", "Enterprise Value 3": "4.51M", "Trailing P/E ": "N/A", "Forward P/E 1": "N/A", "PEG Ratio (5 yr expected) 1": "N/A", "Price/Sales (ttm)": "1.47", "Price/Book (mrq)": "8.02", "Enterprise Value/Revenue 3": "6.45", "Enterprise Value/EBITDA 7": "-2.37"}, "11/30/1986": {"Duration": "11/30/1986", "Market Cap (intraday) 5": "3.57M", "Enterprise Value 3": "4.07M", "Trailing P/E ": "N/A", "Forward P/E 1": "N/A", "PEG Ratio (5 yr expected) 1": "N/A", "Price/Sales (ttm)": "1.43", "Price/Book (mrq)": "7.15", "Enterprise Value/Revenue 3": "5.09", "Enterprise Value/EBITDA 7": "5.09"}, "8/31/1986": {"Duration": "8/31/1986", "Market Cap (intraday) 5": "714.75k", "Enterprise Value 3": "1.21M", "Trailing P/E ": "N/A", "Forward P/E 1": "N/A", "PEG Ratio (5 yr expected) 1": "N/A", "Price/Sales (ttm)": "0.29", "Price/Book (mrq)": "1.43", "Enterprise Value/Revenue 3": "1.52", "Enterprise Value/EBITDA 7": "1.52"}, "5/31/1986": {"Duration": "5/31/1986", "Market Cap (intraday) 5": "1.07M", "Enterprise Value 3": "1.57M", "Trailing P/E ": "N/A", "Forward P/E 1": "N/A", "PEG Ratio (5 yr expected) 1": "N/A", "Price/Sales (ttm)": "0.41", "Price/Book (mrq)": "2.14", "Enterprise Value/Revenue 3": "2.62", "Enterprise Value/EBITDA 7": "2.62"}, "2/28/1986": {"Duration": "2/28/1986", "Market Cap (intraday) 5": "953.00k", "Enterprise Value 3": "1.45M", "Trailing P/E ": "N/A", "Forward P/E 1": "N/A", "PEG Ratio (5 yr expected) 1": "N/A", "Price/Sales (ttm)": "0.36", "Price/Book (mrq)": "1.91", "Enterprise Value/Revenue 3": "3.63", "Enterprise Value/EBITDA 7": "-0.56"}, "11/30/1985": {"Duration": "11/30/1985", "Market Cap (intraday) 5": "1.59M", "Enterprise Value 3": "1.99M", "Trailing P/E ": "N/A", "Forward P/E 1": "N/A", "PEG Ratio (5 yr expected) 1": "N/A", "Price/Sales (ttm)": "0.55", "Price/Book (mrq)": "1.22", "Enterprise Value/Revenue 3": "2.84", "Enterprise Value/EBITDA 7": "2.84"}, "8/31/1985": {"Duration": "8/31/1985", "Market Cap (intraday) 5": "1.59M", "Enterprise Value 3": "1.99M", "Trailing P/E ": "N/A", "Forward P/E 1": "N/A", "PEG Ratio (5 yr expected) 1": "N/A", "Price/Sales (ttm)": "0.53", "Price/Book (mrq)": "1.22", "Enterprise Value/Revenue 3": "2.21", "Enterprise Value/EBITDA 7": "2.21"}}}}, {"JW-A": {"quote": {"05/11/2021": {"value": "61.12", "Market Cap": "3.419B", "Beta (5Y Monthly)": "0.76", "PE Ratio (TTM)": "N/A", "EPS (TTM)": "-0.92", "Earnings Date": "N/A", "Forward Dividend & Yield": "1.37 (2.22%)", "Ex-Dividend Date": "Apr 05, 2021", "1y Target Est": "59.00"}}, "fin": {"TTM": {"Duration": "TTM", "Total Revenue": "1,879,866", "Cost of Revenue": "607,889", "Gross Profit": "1,271,977", "Operating Expense": "1,066,703", "Operating Income": "205,274", "Net Non Operating Interest Income Expense": "-6,333", "Other Income Expense": "-241,458", "Pretax Income": "-42,565", "Tax Provision": "8,552", "Net Income Common Stockholders": "-51,117", "Diluted NI Available to Com Stockholders": "-51,117", "Basic EPS": "-", "Diluted EPS": "-", "Basic Average Shares": "-", "Diluted Average Shares": "-", "Total Operating Income as Reported": "-36,460", "Total Expenses": "1,674,592", "Net Income from Continuing & Discontinued Operation": "-51,117", "Normalized Income": "95,058", "Interest Income": "13,381", "Interest Expense": "19,714", "Net Interest Income": "-6,333", "EBIT": "-22,851", "EBITDA": "172,321", "Reconciled Cost of Revenue": "482,520", "Reconciled Depreciation": "195,172", "Net Income from Continuing Operation Net Minority Interest": "-51,117", "Total Unusual Items Excluding Goodwill": "-243,625", "Total Unusual Items": "-243,625", "Normalized EBITDA": "415,946", "Tax Rate for Calcs": "0", "Tax Effect of Unusual Items": "-97,450"}, "4/30/2020": {"Duration": "4/30/2020", "Total Revenue": "1,831,483", "Cost of Revenue": "591,024", "Gross Profit": "1,240,459", "Operating Expense": "1,059,791", "Operating Income": "180,668", "Net Non Operating Interest Income Expense": "-11,578", "Other Income Expense": "-232,134", "Pretax Income": "-63,092", "Tax Provision": "11,195", "Net Income Common Stockholders": "-74,287", "Diluted NI Available to Com Stockholders": "-74,287", "Basic EPS": "-1.32", "Diluted EPS": "-1.32", "Basic Average Shares": "56,209", "Diluted Average Shares": "56,209", "Total Operating Income as Reported": "-54,287", "Total Expenses": "1,650,815", "Net Income from Continuing & Discontinued Operation": "-74,287", "Normalized Income": "95,171", "Interest Income": "13,381", "Interest Expense": "24,959", "Net Interest Income": "-11,578", "EBIT": "-38,133", "EBITDA": "-", "Reconciled Cost of Revenue": "478,333", "Reconciled Depreciation": "175,127", "Net Income from Continuing Operation Net Minority Interest": "-74,287", "Total Unusual Items Excluding Goodwill": "-232,134", "Total Unusual Items": "-232,134", "Normalized EBITDA": "369,128", "Tax Rate for Calcs": "0", "Tax Effect of Unusual Items": "-62,676"}, "4/30/2019": {"Duration": "4/30/2019", "Total Revenue": "1,800,069", "Cost of Revenue": "554,722", "Gross Profit": "1,245,347", "Operating Expense": "1,018,240", "Operating Income": "227,107", "Net Non Operating Interest Income Expense": "-5,021", "Other Income Expense": "-9,134", "Pretax Income": "212,952", "Tax Provision": "44,689", "Net Income Common Stockholders": "168,263", "Diluted NI Available to Com Stockholders": "168,263", "Basic EPS": "2.97", "Diluted EPS": "2.91", "Basic Average Shares": "56,630", "Diluted Average Shares": "57,840", "Total Operating Income as Reported": "223,989", "Total Expenses": "1,572,962", "Net Income from Continuing & Discontinued Operation": "168,263", "Normalized Income": "175,479", "Interest Income": "11,100", "Interest Expense": "16,121", "Net Interest Income": "-5,021", "EBIT": "229,073", "EBITDA": "-", "Reconciled Cost of Revenue": "448,225", "Reconciled Depreciation": "161,155", "Net Income from Continuing Operation Net Minority Interest": "168,263", "Total Unusual Items Excluding Goodwill": "-9,134", "Total Unusual Items": "-9,134", "Normalized EBITDA": "399,362", "Tax Rate for Calcs": "0", "Tax Effect of Unusual Items": "-1,918"}, "4/30/2018": {"Duration": "4/30/2018", "Total Revenue": "1,796,103", "Cost of Revenue": "485,220", "Gross Profit": "1,310,883", "Operating Expense": "1,042,782", "Operating Income": "268,101", "Net Non Operating Interest Income Expense": "-12,785", "Other Income Expense": "-41,385", "Pretax Income": "213,931", "Tax Provision": "21,745", "Net Income Common Stockholders": "192,186", "Diluted NI Available to Com Stockholders": "192,186", "Basic EPS": "3.35", "Diluted EPS": "3.32", "Basic Average Shares": "57,411", "Diluted Average Shares": "57,888", "Total Operating Income as Reported": "239,535", "Total Expenses": "1,528,002", "Net Income from Continuing & Discontinued Operation": "192,186", "Normalized Income": "229,350", "Interest Income": "489", "Interest Expense": "13,274", "Net Interest Income": "-12,785", "EBIT": "227,205", "EBITDA": "-", "Reconciled Cost of Revenue": "379,461", "Reconciled Depreciation": "153,989", "Net Income from Continuing Operation Net Minority Interest": "192,186", "Total Unusual Items Excluding Goodwill": "-41,385", "Total Unusual Items": "-41,385", "Normalized EBITDA": "422,579", "Tax Rate for Calcs": "0", "Tax Effect of Unusual Items": "-4,221"}, "4/30/2017": {"Duration": "4/30/2017", "Total Revenue": "1,718,530", "Cost of Revenue": "460,756", "Gross Profit": "1,257,774", "Operating Expense": "1,038,266", "Operating Income": "219,508", "Net Non Operating Interest Income Expense": "-15,458", "Other Income Expense": "-12,934", "Pretax Income": "191,116", "Tax Provision": "77,473", "Net Income Common Stockholders": "113,643", "Diluted NI Available to Com Stockholders": "113,643", "Basic EPS": "1.99", "Diluted EPS": "1.95", "Basic Average Shares": "57,167", "Diluted Average Shares": "58,199", "Total Operating Income as Reported": "206,153", "Total Expenses": "1,499,022", "Net Income from Continuing & Discontinued Operation": "113,643", "Normalized Income": "121,403", "Interest Income": "1,480", "Interest Expense": "16,938", "Net Interest Income": "-15,458", "EBIT": "208,054", "EBITDA": "-", "Reconciled Cost of Revenue": "394,073", "Reconciled Depreciation": "116,352", "Net Income from Continuing Operation Net Minority Interest": "113,643", "Total Unusual Items Excluding Goodwill": "-12,934", "Total Unusual Items": "-12,934", "Normalized EBITDA": "337,340", "Tax Rate for Calcs": "0", "Tax Effect of Unusual Items": "-5,174"}, "4/30/2016": {"Duration": "4/30/2016", "Total Revenue": "1,727,037", "Cost of Revenue": "465,917", "Gross Profit": "1,261,120", "Operating Expense": "1,044,396", "Operating Income": "216,724", "Net Non Operating Interest Income Expense": "-13,793", "Other Income Expense": "-28,138", "Pretax Income": "174,793", "Tax Provision": "29,011", "Net Income Common Stockholders": "145,782", "Diluted NI Available to Com Stockholders": "145,782", "Basic EPS": "2.53", "Diluted EPS": "2.48", "Basic Average Shares": "57,564", "Diluted Average Shares": "58,734", "Total Operating Income as Reported": "188,113", "Total Expenses": "1,510,313", "Net Income from Continuing & Discontinued Operation": "145,782", "Normalized Income": "169,249", "Interest Income": "2,914", "Interest Expense": "16,707", "Net Interest Income": "-13,793", "EBIT": "191,500", "EBITDA": "-", "Reconciled Cost of Revenue": "399,490", "Reconciled Depreciation": "116,191", "Net Income from Continuing Operation Net Minority Interest": "145,782", "Total Unusual Items Excluding Goodwill": "-28,138", "Total Unusual Items": "-28,138", "Normalized EBITDA": "335,829", "Tax Rate for Calcs": "0", "Tax Effect of Unusual Items": "-4,671"}, "4/30/2015": {"Duration": "4/30/2015", "Total Revenue": "1,822,440", "Cost of Revenue": "499,683", "Gross Profit": "1,322,757", "Operating Expense": "1,056,214", "Operating Income": "266,543", "Net Non Operating Interest Income Expense": "-14,020", "Other Income Expense": "-27,062", "Pretax Income": "225,461", "Tax Provision": "48,593", "Net Income Common Stockholders": "176,868", "Diluted NI Available to Com Stockholders": "176,868", "Basic EPS": "3.01", "Diluted EPS": "2.97", "Basic Average Shares": "58,838", "Diluted Average Shares": "59,594", "Total Operating Income as Reported": "237,739", "Total Expenses": "1,555,897", "Net Income from Continuing & Discontinued Operation": "176,868", "Normalized Income": "198,085", "Interest Income": "3,057", "Interest Expense": "17,077", "Net Interest Income": "-14,020", "EBIT": "242,538", "EBITDA": "-", "Reconciled Cost of Revenue": "437,611", "Reconciled Depreciation": "113,286", "Net Income from Continuing Operation Net Minority Interest": "176,868", "Total Unusual Items Excluding Goodwill": "-27,062", "Total Unusual Items": "-27,062", "Normalized EBITDA": "382,886", "Tax Rate for Calcs": "0", "Tax Effect of Unusual Items": "-5,845"}, "4/30/2014": {"Duration": "4/30/2014", "Total Revenue": "1,775,195", "Cost of Revenue": "506,879", "Gross Profit": "1,268,316", "Operating Expense": "1,014,135", "Operating Income": "254,181", "Net Non Operating Interest Income Expense": "-11,131", "Other Income Expense": "-47,516", "Pretax Income": "195,534", "Tax Provision": "35,024", "Net Income Common Stockholders": "160,510", "Diluted NI Available to Com Stockholders": "160,510", "Basic EPS": "2.72", "Diluted EPS": "2.70", "Basic Average Shares": "59,052", "Diluted Average Shares": "59,514", "Total Operating Income as Reported": "206,673", "Total Expenses": "1,521,014", "Net Income from Continuing & Discontinued Operation": "160,510", "Normalized Income": "199,521", "Interest Income": "2,785", "Interest Expense": "13,916", "Net Interest Income": "-11,131", "EBIT": "209,450", "EBITDA": "-", "Reconciled Cost of Revenue": "448,558", "Reconciled Depreciation": "103,000", "Net Income from Continuing Operation Net Minority Interest": "160,510", "Total Unusual Items Excluding Goodwill": "-47,516", "Total Unusual Items": "-47,516", "Normalized EBITDA": "359,966", "Tax Rate for Calcs": "0", "Tax Effect of Unusual Items": "-8,505"}, "4/30/2013": {"Duration": "4/30/2013", "Total Revenue": "1,760,778", "Cost of Revenue": "532,232", "Gross Profit": "1,228,546", "Operating Expense": "975,130", "Operating Income": "253,416", "Net Non Operating Interest Income Expense": "-10,464", "Other Income Expense": "-56,030", "Pretax Income": "186,922", "Tax Provision": "42,697", "Net Income Common Stockholders": "144,225", "Diluted NI Available to Com Stockholders": "144,225", "Basic EPS": "2.46", "Diluted EPS": "2.39", "Basic Average Shares": "58,671", "Diluted Average Shares": "60,224", "Total Operating Income as Reported": "199,427", "Total Expenses": "1,507,362", "Net Income from Continuing & Discontinued Operation": "144,225", "Normalized Income": "187,480", "Interest Income": "2,614", "Interest Expense": "13,078", "Net Interest Income": "-10,464", "EBIT": "200,000", "EBITDA": "-", "Reconciled Cost of Revenue": "476,215", "Reconciled Depreciation": "97,999", "Net Income from Continuing Operation Net Minority Interest": "144,225", "Total Unusual Items Excluding Goodwill": "-56,030", "Total Unusual Items": "-56,030", "Normalized EBITDA": "354,029", "Tax Rate for Calcs": "0", "Tax Effect of Unusual Items": "-12,775"}, "4/30/2012": {"Duration": "4/30/2012", "Total Revenue": "1,782,742", "Cost of Revenue": "543,396", "Gross Profit": "1,239,346", "Operating Expense": "958,927", "Operating Income": "280,419", "Net Non Operating Interest Income Expense": "-6,063", "Other Income Expense": "-2,261", "Pretax Income": "272,095", "Tax Provision": "59,349", "Net Income Common Stockholders": "212,746", "Diluted NI Available to Com Stockholders": "212,746", "Basic EPS": "3.57", "Diluted EPS": "3.47", "Basic Average Shares": "59,516", "Diluted Average Shares": "61,272", "Total Operating Income as Reported": "280,419", "Total Expenses": "1,502,323", "Net Income from Continuing & Discontinued Operation": "212,746", "Normalized Income": "214,514", "Interest Income": "2,975", "Interest Expense": "9,038", "Net Interest Income": "-6,063", "EBIT": "281,133", "EBITDA": "-", "Reconciled Cost of Revenue": "492,999", "Reconciled Depreciation": "87,147", "Net Income from Continuing Operation Net Minority Interest": "212,746", "Total Unusual Items Excluding Goodwill": "-2,261", "Total Unusual Items": "-2,261", "Normalized EBITDA": "370,541", "Tax Rate for Calcs": "0", "Tax Effect of Unusual Items": "-493.1663"}, "4/30/2011": {"Duration": "4/30/2011", "Total Revenue": "1,742,551", "Cost of Revenue": "539,043", "Gross Profit": "1,203,508", "Operating Expense": "955,360", "Operating Income": "248,148", "Net Non Operating Interest Income Expense": "-14,900", "Other Income Expense": "-2,188", "Pretax Income": "231,060", "Tax Provision": "59,171", "Net Income Common Stockholders": "171,889", "Diluted NI Available to Com Stockholders": "171,889", "Basic EPS": "2.83", "Diluted EPS": "2.80", "Basic Average Shares": "60,710", "Diluted Average Shares": "61,359", "Total Operating Income as Reported": "248,148", "Total Expenses": "1,494,403", "Net Income from Continuing & Discontinued Operation": "171,889", "Normalized Income": "173,517", "Interest Income": "2,422", "Interest Expense": "17,322", "Net Interest Income": "-14,900", "EBIT": "248,382", "EBITDA": "-", "Reconciled Cost of Revenue": "493,181", "Reconciled Depreciation": "81,085", "Net Income from Continuing Operation Net Minority Interest": "171,889", "Total Unusual Items Excluding Goodwill": "-2,188", "Total Unusual Items": "-2,188", "Normalized EBITDA": "331,655", "Tax Rate for Calcs": "0", "Tax Effect of Unusual Items": "-560.314"}, "4/30/2010": {"Duration": "4/30/2010", "Total Revenue": "1,699,062", "Cost of Revenue": "534,001", "Gross Profit": "1,165,061", "Operating Expense": "907,351", "Operating Income": "257,710", "Net Non Operating Interest Income Expense": "-31,500", "Other Income Expense": "-26,001", "Pretax Income": "200,209", "Tax Provision": "56,666", "Net Income Common Stockholders": "143,543", "Diluted NI Available to Com Stockholders": "143,543", "Basic EPS": "2.39", "Diluted EPS": "2.39", "Basic Average Shares": "58,307", "Diluted Average Shares": "59,679", "Total Operating Income as Reported": "242,592", "Total Expenses": "1,441,352", "Net Income from Continuing & Discontinued Operation": "143,543", "Normalized Income": "162,185", "Interest Income": "834", "Interest Expense": "32,334", "Net Interest Income": "-31,500", "EBIT": "232,543", "EBITDA": "-", "Reconciled Cost of Revenue": "493,720", "Reconciled Depreciation": "75,439", "Net Income from Continuing Operation Net Minority Interest": "143,543", "Total Unusual Items Excluding Goodwill": "-26,001", "Total Unusual Items": "-26,001", "Normalized EBITDA": "333,983", "Tax Rate for Calcs": "0", "Tax Effect of Unusual Items": "-7,359"}, "4/30/2009": {"Duration": "4/30/2009", "Total Revenue": "1,611,390", "Cost of Revenue": "516,420", "Gross Profit": "1,094,970", "Operating Expense": "876,492", "Operating Income": "218,478", "Net Non Operating Interest Income Expense": "-42,244", "Other Income Expense": "-11,759", "Pretax Income": "164,475", "Tax Provision": "36,217", "Net Income Common Stockholders": "128,258", "Diluted NI Available to Com Stockholders": "128,258", "Basic EPS": "2.20", "Diluted EPS": "2.15", "Basic Average Shares": "58,419", "Diluted Average Shares": "59,610", "Total Operating Income as Reported": "218,478", "Total Expenses": "1,392,912", "Net Income from Continuing & Discontinued Operation": "128,258", "Normalized Income": "137,428", "Interest Income": "6,180", "Interest Expense": "48,424", "Net Interest Income": "-42,244", "EBIT": "212,899", "EBITDA": "-", "Reconciled Cost of Revenue": "481,286", "Reconciled Depreciation": "71,978", "Net Income from Continuing Operation Net Minority Interest": "128,258", "Total Unusual Items Excluding Goodwill": "-11,759", "Total Unusual Items": "-11,759", "Normalized EBITDA": "296,636", "Tax Rate for Calcs": "0", "Tax Effect of Unusual Items": "-2,589"}, "4/30/2008": {"Duration": "4/30/2008", "Total Revenue": "1,673,734", "Cost of Revenue": "536,852", "Gross Profit": "1,136,882", "Operating Expense": "913,892", "Operating Income": "222,990", "Net Non Operating Interest Income Expense": "-", "Other Income Expense": "-", "Pretax Income": "161,528", "Tax Provision": "13,992", "Net Income Common Stockholders": "147,536", "Diluted NI Available to Com Stockholders": "147,536", "Basic EPS": "2.55", "Diluted EPS": "2.49", "Basic Average Shares": "57,921", "Diluted Average Shares": "59,323", "Total Operating Income as Reported": "222,990", "Total Expenses": "1,450,744", "Net Income from Continuing & Discontinued Operation": "147,536", "Normalized Income": "147,536", "Interest Income": "-", "Interest Expense": "-", "Net Interest Income": "-", "EBIT": "222,990", "EBITDA": "-", "Reconciled Cost of Revenue": "459,909", "Reconciled Depreciation": "115,923", "Net Income from Continuing Operation Net Minority Interest": "147,536", "Total Unusual Items Excluding Goodwill": "-", "Total Unusual Items": "-", "Normalized EBITDA": "338,913", "Tax Rate for Calcs": "0", "Tax Effect of Unusual Items": "0"}, "4/30/2007": {"Duration": "4/30/2007", "Total Revenue": "1,234,936", "Cost of Revenue": "420,952", "Gross Profit": "813,984", "Operating Expense": "652,705", "Operating Income": "161,279", "Net Non Operating Interest Income Expense": "-", "Other Income Expense": "-", "Pretax Income": "139,502", "Tax Provision": "39,883", "Net Income Common Stockholders": "99,619", "Diluted NI Available to Com Stockholders": "99,619", "Basic EPS": "1.75", "Diluted EPS": "1.71", "Basic Average Shares": "56,932", "Diluted Average Shares": "58,287", "Total Operating Income as Reported": "161,279", "Total Expenses": "1,073,657", "Net Income from Continuing & Discontinued Operation": "99,619", "Normalized Income": "99,619", "Interest Income": "-", "Interest Expense": "-", "Net Interest Income": "-", "EBIT": "161,279", "EBITDA": "-", "Reconciled Cost of Revenue": "353,304", "Reconciled Depreciation": "88,324", "Net Income from Continuing Operation Net Minority Interest": "99,619", "Total Unusual Items Excluding Goodwill": "-", "Total Unusual Items": "-", "Normalized EBITDA": "249,603", "Tax Rate for Calcs": "0", "Tax Effect of Unusual Items": "0"}, "4/30/2006": {"Duration": "4/30/2006", "Total Revenue": "1,044,185", "Cost of Revenue": "342,314", "Gross Profit": "701,871", "Operating Expense": "549,192", "Operating Income": "152,679", "Net Non Operating Interest Income Expense": "-", "Other Income Expense": "-", "Pretax Income": "143,844", "Tax Provision": "33,516", "Net Income Common Stockholders": "110,328", "Diluted NI Available to Com Stockholders": "110,328", "Basic EPS": "1.90", "Diluted EPS": "1.85", "Basic Average Shares": "58,071", "Diluted Average Shares": "59,792", "Total Operating Income as Reported": "152,679", "Total Expenses": "891,506", "Net Income from Continuing & Discontinued Operation": "110,328", "Normalized Income": "110,328", "Interest Income": "-", "Interest Expense": "-", "Net Interest Income": "-", "EBIT": "152,679", "EBITDA": "-", "Reconciled Cost of Revenue": "273,810", "Reconciled Depreciation": "82,002", "Net Income from Continuing Operation Net Minority Interest": "110,328", "Total Unusual Items Excluding Goodwill": "-", "Total Unusual Items": "-", "Normalized EBITDA": "234,681", "Tax Rate for Calcs": "0", "Tax Effect of Unusual Items": "0"}, "4/30/2005": {"Duration": "4/30/2005", "Total Revenue": "974,048", "Cost of Revenue": "325,061", "Gross Profit": "648,987", "Operating Expense": "507,606", "Operating Income": "141,381", "Net Non Operating Interest Income Expense": "-", "Other Income Expense": "-", "Pretax Income": "135,663", "Tax Provision": "51,822", "Net Income Common Stockholders": "83,841", "Diluted NI Available to Com Stockholders": "83,841", "Basic EPS": "1.38", "Diluted EPS": "1.35", "Basic Average Shares": "60,721", "Diluted Average Shares": "62,093", "Total Operating Income as Reported": "141,381", "Total Expenses": "832,667", "Net Income from Continuing & Discontinued Operation": "83,841", "Normalized Income": "83,841", "Interest Income": "-", "Interest Expense": "-", "Net Interest Income": "-", "EBIT": "141,381", "EBITDA": "-", "Reconciled Cost of Revenue": "257,587", "Reconciled Depreciation": "78,354", "Net Income from Continuing Operation Net Minority Interest": "83,841", "Total Unusual Items Excluding Goodwill": "-", "Total Unusual Items": "-", "Normalized EBITDA": "219,735", "Tax Rate for Calcs": "0", "Tax Effect of Unusual Items": "0"}, "4/30/2004": {"Duration": "4/30/2004", "Total Revenue": "922,962", "Cost of Revenue": "308,905", "Gross Profit": "614,057", "Operating Expense": "484,678", "Operating Income": "129,379", "Net Non Operating Interest Income Expense": "-", "Other Income Expense": "-", "Pretax Income": "125,110", "Tax Provision": "36,270", "Net Income Common Stockholders": "88,840", "Diluted NI Available to Com Stockholders": "88,840", "Basic EPS": "1.44", "Diluted EPS": "1.41", "Basic Average Shares": "61,694", "Diluted Average Shares": "63,007", "Total Operating Income as Reported": "129,379", "Total Expenses": "793,583", "Net Income from Continuing & Discontinued Operation": "88,840", "Normalized Income": "88,840", "Interest Income": "-", "Interest Expense": "-", "Net Interest Income": "-", "EBIT": "129,379", "EBITDA": "-", "Reconciled Cost of Revenue": "247,314", "Reconciled Depreciation": "71,367", "Net Income from Continuing Operation Net Minority Interest": "88,840", "Total Unusual Items Excluding Goodwill": "-", "Total Unusual Items": "-", "Normalized EBITDA": "200,746", "Tax Rate for Calcs": "0", "Tax Effect of Unusual Items": "0"}, "4/30/2003": {"Duration": "4/30/2003", "Total Revenue": "853,971", "Cost of Revenue": "288,925", "Gross Profit": "565,046", "Operating Expense": "444,785", "Operating Income": "120,261", "Net Non Operating Interest Income Expense": "-", "Other Income Expense": "-2,465", "Pretax Income": "112,559", "Tax Provision": "25,284", "Net Income Common Stockholders": "87,275", "Diluted NI Available to Com Stockholders": "87,275", "Basic EPS": "1.42", "Diluted EPS": "1.38", "Basic Average Shares": "61,461", "Diluted Average Shares": "63,243", "Total Operating Income as Reported": "120,261", "Total Expenses": "733,710", "Net Income from Continuing & Discontinued Operation": "87,275", "Normalized Income": "89,186", "Interest Income": "-", "Interest Expense": "-", "Net Interest Income": "-", "EBIT": "120,261", "EBITDA": "-", "Reconciled Cost of Revenue": "235,582", "Reconciled Depreciation": "62,963", "Net Income from Continuing Operation Net Minority Interest": "87,275", "Total Unusual Items Excluding Goodwill": "-2,465", "Total Unusual Items": "-2,465", "Normalized EBITDA": "185,689", "Tax Rate for Calcs": "0", "Tax Effect of Unusual Items": "-553.7101"}, "4/30/2002": {"Duration": "4/30/2002", "Total Revenue": "734,396", "Cost of Revenue": "243,196", "Gross Profit": "491,200", "Operating Expense": "403,437", "Operating Income": "87,763", "Net Non Operating Interest Income Expense": "-", "Other Income Expense": "-12,312", "Pretax Income": "81,118", "Tax Provision": "23,802", "Net Income Common Stockholders": "57,316", "Diluted NI Available to Com Stockholders": "57,316", "Basic EPS": "0.94", "Diluted EPS": "0.91", "Basic Average Shares": "60,974", "Diluted Average Shares": "62,985", "Total Operating Income as Reported": "87,763", "Total Expenses": "646,633", "Net Income from Continuing & Discontinued Operation": "57,316", "Normalized Income": "66,015", "Interest Income": "-", "Interest Expense": "-", "Net Interest Income": "-", "EBIT": "87,763", "EBITDA": "-", "Reconciled Cost of Revenue": "201,536", "Reconciled Depreciation": "59,322", "Net Income from Continuing Operation Net Minority Interest": "57,316", "Total Unusual Items Excluding Goodwill": "-12,312", "Total Unusual Items": "-12,312", "Normalized EBITDA": "159,397", "Tax Rate for Calcs": "0", "Tax Effect of Unusual Items": "-3,613"}, "4/30/2001": {"Duration": "4/30/2001", "Total Revenue": "613,790", "Cost of Revenue": "185,598", "Gross Profit": "428,192", "Operating Expense": "332,768", "Operating Income": "95,424", "Net Non Operating Interest Income Expense": "-", "Other Income Expense": "-", "Pretax Income": "90,227", "Tax Provision": "31,309", "Net Income Common Stockholders": "58,918", "Diluted NI Available to Com Stockholders": "58,918", "Basic EPS": "0.97", "Diluted EPS": "0.93", "Basic Average Shares": "60,740", "Diluted Average Shares": "63,353", "Total Operating Income as Reported": "95,424", "Total Expenses": "518,366", "Net Income from Continuing & Discontinued Operation": "58,918", "Normalized Income": "58,918", "Interest Income": "-", "Interest Expense": "-", "Net Interest Income": "-", "EBIT": "95,424", "EBITDA": "-", "Reconciled Cost of Revenue": "163,015", "Reconciled Depreciation": "53,881", "Net Income from Continuing Operation Net Minority Interest": "58,918", "Total Unusual Items Excluding Goodwill": "-", "Total Unusual Items": "-", "Normalized EBITDA": "149,305", "Tax Rate for Calcs": "0", "Tax Effect of Unusual Items": "0"}, "4/30/2000": {"Duration": "4/30/2000", "Total Revenue": "594,815", "Cost of Revenue": "158,217", "Gross Profit": "436,598", "Operating Expense": "347,594", "Operating Income": "89,004", "Net Non Operating Interest Income Expense": "-", "Other Income Expense": "-", "Pretax Income": "82,631", "Tax Provision": "30,243", "Net Income Common Stockholders": "52,388", "Diluted NI Available to Com Stockholders": "52,388", "Basic EPS": "0.85", "Diluted EPS": "0.81", "Basic Average Shares": "61,633", "Diluted Average Shares": "64,677", "Total Operating Income as Reported": "89,004", "Total Expenses": "505,811", "Net Income from Continuing & Discontinued Operation": "52,388", "Normalized Income": "52,388", "Interest Income": "-", "Interest Expense": "-", "Net Interest Income": "-", "EBIT": "89,004", "EBITDA": "-", "Reconciled Cost of Revenue": "158,217", "Reconciled Depreciation": "53,169", "Net Income from Continuing Operation Net Minority Interest": "52,388", "Total Unusual Items Excluding Goodwill": "-", "Total Unusual Items": "-", "Normalized EBITDA": "142,173", "Tax Rate for Calcs": "0", "Tax Effect of Unusual Items": "0"}, "4/30/1999": {"Duration": "4/30/1999", "Total Revenue": "508,400", "Cost of Revenue": "142,900", "Gross Profit": "365,500", "Operating Expense": "301,900", "Operating Income": "63,600", "Net Non Operating Interest Income Expense": "-", "Other Income Expense": "5,700", "Pretax Income": "62,000", "Tax Provision": "22,300", "Net Income Common Stockholders": "39,700", "Diluted NI Available to Com Stockholders": "39,700", "Basic EPS": "0.63", "Diluted EPS": "0.60", "Basic Average Shares": "63,016", "Diluted Average Shares": "66,167", "Total Operating Income as Reported": "63,600", "Total Expenses": "444,800", "Net Income from Continuing & Discontinued Operation": "39,700", "Normalized Income": "36,050", "Interest Income": "-", "Interest Expense": "-", "Net Interest Income": "-", "EBIT": "63,600", "EBITDA": "-", "Reconciled Cost of Revenue": "142,900", "Reconciled Depreciation": "40,500", "Net Income from Continuing Operation Net Minority Interest": "39,700", "Total Unusual Items Excluding Goodwill": "5,700", "Total Unusual Items": "5,700", "Normalized EBITDA": "98,400", "Tax Rate for Calcs": "0", "Tax Effect of Unusual Items": "2,050"}, "4/30/1998": {"Duration": "4/30/1998", "Total Revenue": "467,100", "Cost of Revenue": "134,800", "Gross Profit": "332,300", "Operating Expense": "291,400", "Operating Income": "40,900", "Net Non Operating Interest Income Expense": "-", "Other Income Expense": "25,200", "Pretax Income": "58,100", "Tax Provision": "21,500", "Net Income Common Stockholders": "36,600", "Diluted NI Available to Com Stockholders": "36,600", "Basic EPS": "0.58", "Diluted EPS": "0.56", "Basic Average Shares": "63,103", "Diluted Average Shares": "65,946", "Total Operating Income as Reported": "40,900", "Total Expenses": "426,200", "Net Income from Continuing & Discontinued Operation": "36,600", "Normalized Income": "20,725", "Interest Income": "-", "Interest Expense": "-", "Net Interest Income": "-", "EBIT": "40,900", "EBITDA": "-", "Reconciled Cost of Revenue": "134,800", "Reconciled Depreciation": "41,400", "Net Income from Continuing Operation Net Minority Interest": "36,600", "Total Unusual Items Excluding Goodwill": "25,200", "Total Unusual Items": "25,200", "Normalized EBITDA": "57,100", "Tax Rate for Calcs": "0", "Tax Effect of Unusual Items": "9,325"}, "4/30/1997": {"Duration": "4/30/1997", "Total Revenue": "432,000", "Cost of Revenue": "129,100", "Gross Profit": "302,900", "Operating Expense": "268,100", "Operating Income": "34,800", "Net Non Operating Interest Income Expense": "-", "Other Income Expense": "2,300", "Pretax Income": "30,800", "Tax Provision": "10,500", "Net Income Common Stockholders": "20,300", "Diluted NI Available to Com Stockholders": "20,300", "Basic EPS": "0.31", "Diluted EPS": "0.31", "Basic Average Shares": "65,484", "Diluted Average Shares": "65,484", "Total Operating Income as Reported": "34,800", "Total Expenses": "397,200", "Net Income from Continuing & Discontinued Operation": "20,300", "Normalized Income": "18,784", "Interest Income": "-", "Interest Expense": "-", "Net Interest Income": "-", "EBIT": "34,800", "EBITDA": "-", "Reconciled Cost of Revenue": "129,100", "Reconciled Depreciation": "34,300", "Net Income from Continuing Operation Net Minority Interest": "20,300", "Total Unusual Items Excluding Goodwill": "2,300", "Total Unusual Items": "2,300", "Normalized EBITDA": "66,800", "Tax Rate for Calcs": "0", "Tax Effect of Unusual Items": "784.0909"}, "4/30/1996": {"Duration": "4/30/1996", "Total Revenue": "362,700", "Cost of Revenue": "104,200", "Gross Profit": "258,500", "Operating Expense": "225,500", "Operating Income": "33,000", "Net Non Operating Interest Income Expense": "-", "Other Income Expense": "6,200", "Pretax Income": "38,800", "Tax Provision": "14,100", "Net Income Common Stockholders": "24,700", "Diluted NI Available to Com Stockholders": "24,700", "Basic EPS": "0.37", "Diluted EPS": "0.37", "Basic Average Shares": "66,309", "Diluted Average Shares": "66,309", "Total Operating Income as Reported": "33,000", "Total Expenses": "329,700", "Net Income from Continuing & Discontinued Operation": "24,700", "Normalized Income": "20,753", "Interest Income": "-", "Interest Expense": "-", "Net Interest Income": "-", "EBIT": "33,000", "EBITDA": "-", "Reconciled Cost of Revenue": "104,200", "Reconciled Depreciation": "27,000", "Net Income from Continuing Operation Net Minority Interest": "24,700", "Total Unusual Items Excluding Goodwill": "6,200", "Total Unusual Items": "6,200", "Normalized EBITDA": "53,800", "Tax Rate for Calcs": "0", "Tax Effect of Unusual Items": "2,253"}, "4/30/1995": {"Duration": "4/30/1995", "Total Revenue": "331,100", "Cost of Revenue": "94,200", "Gross Profit": "236,900", "Operating Expense": "210,000", "Operating Income": "26,900", "Net Non Operating Interest Income Expense": "-", "Other Income Expense": "1,800", "Pretax Income": "25,800", "Tax Provision": "7,500", "Net Income Common Stockholders": "18,300", "Diluted NI Available to Com Stockholders": "18,300", "Basic EPS": "0.28", "Diluted EPS": "0.28", "Basic Average Shares": "65,067", "Diluted Average Shares": "65,650", "Total Operating Income as Reported": "26,900", "Total Expenses": "304,200", "Net Income from Continuing & Discontinued Operation": "18,300", "Normalized Income": "17,023", "Interest Income": "-", "Interest Expense": "-", "Net Interest Income": "-", "EBIT": "26,900", "EBITDA": "-", "Reconciled Cost of Revenue": "94,200", "Reconciled Depreciation": "23,000", "Net Income from Continuing Operation Net Minority Interest": "18,300", "Total Unusual Items Excluding Goodwill": "1,800", "Total Unusual Items": "1,800", "Normalized EBITDA": "48,100", "Tax Rate for Calcs": "0", "Tax Effect of Unusual Items": "523.2558"}, "4/30/1994": {"Duration": "4/30/1994", "Total Revenue": "294,300", "Cost of Revenue": "81,600", "Gross Profit": "212,700", "Operating Expense": "193,800", "Operating Income": "18,900", "Net Non Operating Interest Income Expense": "-", "Other Income Expense": "1,800", "Pretax Income": "17,000", "Tax Provision": "4,900", "Net Income Common Stockholders": "12,100", "Diluted NI Available to Com Stockholders": "12,100", "Basic EPS": "0.19", "Diluted EPS": "0.19", "Basic Average Shares": "63,684", "Diluted Average Shares": "63,684", "Total Operating Income as Reported": "18,900", "Total Expenses": "275,400", "Net Income from Continuing & Discontinued Operation": "12,100", "Normalized Income": "10,819", "Interest Income": "-", "Interest Expense": "-", "Net Interest Income": "-", "EBIT": "18,900", "EBITDA": "-", "Reconciled Cost of Revenue": "81,600", "Reconciled Depreciation": "23,800", "Net Income from Continuing Operation Net Minority Interest": "12,100", "Total Unusual Items Excluding Goodwill": "1,800", "Total Unusual Items": "1,800", "Normalized EBITDA": "40,900", "Tax Rate for Calcs": "0", "Tax Effect of Unusual Items": "518.8235"}, "4/30/1993": {"Duration": "4/30/1993", "Total Revenue": "272,900", "Cost of Revenue": "76,000", "Gross Profit": "196,900", "Operating Expense": "183,900", "Operating Income": "13,000", "Net Non Operating Interest Income Expense": "-", "Other Income Expense": "1,600", "Pretax Income": "10,600", "Tax Provision": "2,900", "Net Income Common Stockholders": "7,700", "Diluted NI Available to Com Stockholders": "7,700", "Basic EPS": "0.13", "Diluted EPS": "0.13", "Basic Average Shares": "59,231", "Diluted Average Shares": "59,231", "Total Operating Income as Reported": "13,000", "Total Expenses": "259,900", "Net Income from Continuing & Discontinued Operation": "7,700", "Normalized Income": "6,538", "Interest Income": "-", "Interest Expense": "-", "Net Interest Income": "-", "EBIT": "13,000", "EBITDA": "-", "Reconciled Cost of Revenue": "76,000", "Reconciled Depreciation": "21,500", "Net Income from Continuing Operation Net Minority Interest": "7,700", "Total Unusual Items Excluding Goodwill": "1,600", "Total Unusual Items": "1,600", "Normalized EBITDA": "32,900", "Tax Rate for Calcs": "0", "Tax Effect of Unusual Items": "437.7358"}, "4/30/1992": {"Duration": "4/30/1992", "Total Revenue": "248,200", "Cost of Revenue": "74,000", "Gross Profit": "174,200", "Operating Expense": "167,600", "Operating Income": "6,600", "Net Non Operating Interest Income Expense": "-", "Other Income Expense": "2,300", "Pretax Income": "4,300", "Tax Provision": "700", "Net Income Common Stockholders": "3,100", "Diluted NI Available to Com Stockholders": "3,100", "Basic EPS": "0.05", "Diluted EPS": "0.05", "Basic Average Shares": "62,000", "Diluted Average Shares": "62,000", "Total Operating Income as Reported": "6,600", "Total Expenses": "241,600", "Net Income from Continuing & Discontinued Operation": "3,600", "Normalized Income": "1,674", "Interest Income": "-", "Interest Expense": "-", "Net Interest Income": "-", "EBIT": "6,600", "EBITDA": "-", "Reconciled Cost of Revenue": "74,000", "Reconciled Depreciation": "20,100", "Net Income from Continuing Operation Net Minority Interest": "3,600", "Total Unusual Items Excluding Goodwill": "2,300", "Total Unusual Items": "2,300", "Normalized EBITDA": "24,400", "Tax Rate for Calcs": "0", "Tax Effect of Unusual Items": "374.4186"}, "4/30/1991": {"Duration": "4/30/1991", "Total Revenue": "236,900", "Cost of Revenue": "72,500", "Gross Profit": "164,400", "Operating Expense": "158,700", "Operating Income": "5,700", "Net Non Operating Interest Income Expense": "-", "Other Income Expense": "5,200", "Pretax Income": "4,900", "Tax Provision": "1,300", "Net Income Common Stockholders": "4,100", "Diluted NI Available to Com Stockholders": "4,100", "Basic EPS": "0.07", "Diluted EPS": "0.07", "Basic Average Shares": "58,571", "Diluted Average Shares": "58,571", "Total Operating Income as Reported": "5,700", "Total Expenses": "231,200", "Net Income from Continuing & Discontinued Operation": "4,100", "Normalized Income": "-220.4082", "Interest Income": "-", "Interest Expense": "-", "Net Interest Income": "-", "EBIT": "5,700", "EBITDA": "-", "Reconciled Cost of Revenue": "72,500", "Reconciled Depreciation": "20,000", "Net Income from Continuing Operation Net Minority Interest": "3,600", "Total Unusual Items Excluding Goodwill": "5,200", "Total Unusual Items": "5,200", "Normalized EBITDA": "20,500", "Tax Rate for Calcs": "0", "Tax Effect of Unusual Items": "1,380"}, "4/30/1990": {"Duration": "4/30/1990", "Total Revenue": "281,700", "Cost of Revenue": "87,400", "Gross Profit": "194,300", "Operating Expense": "185,600", "Operating Income": "8,700", "Net Non Operating Interest Income Expense": "-", "Other Income Expense": "9,700", "Pretax Income": "12,500", "Tax Provision": "9,800", "Net Income Common Stockholders": "2,700", "Diluted NI Available to Com Stockholders": "2,700", "Basic EPS": "0.04", "Diluted EPS": "0.04", "Basic Average Shares": "67,500", "Diluted Average Shares": "67,500", "Total Operating Income as Reported": "8,700", "Total Expenses": "273,000", "Net Income from Continuing & Discontinued Operation": "2,700", "Normalized Income": "-3,120", "Interest Income": "-", "Interest Expense": "-", "Net Interest Income": "-", "EBIT": "8,700", "EBITDA": "-", "Reconciled Cost of Revenue": "87,400", "Reconciled Depreciation": "23,400", "Net Income from Continuing Operation Net Minority Interest": "2,700", "Total Unusual Items Excluding Goodwill": "9,700", "Total Unusual Items": "9,700", "Normalized EBITDA": "22,400", "Tax Rate for Calcs": "0", "Tax Effect of Unusual Items": "3,880"}, "4/30/1989": {"Duration": "4/30/1989", "Total Revenue": "258,900", "Cost of Revenue": "81,100", "Gross Profit": "177,800", "Operating Expense": "165,000", "Operating Income": "12,800", "Net Non Operating Interest Income Expense": "-", "Other Income Expense": "-1,400", "Pretax Income": "7,500", "Tax Provision": "3,400", "Net Income Common Stockholders": "4,100", "Diluted NI Available to Com Stockholders": "4,100", "Basic EPS": "0.06", "Diluted EPS": "0.06", "Basic Average Shares": "68,333", "Diluted Average Shares": "68,333", "Total Operating Income as Reported": "12,800", "Total Expenses": "246,100", "Net Income from Continuing & Discontinued Operation": "4,100", "Normalized Income": "4,940", "Interest Income": "-", "Interest Expense": "-", "Net Interest Income": "-", "EBIT": "12,800", "EBITDA": "-", "Reconciled Cost of Revenue": "81,100", "Reconciled Depreciation": "22,900", "Net Income from Continuing Operation Net Minority Interest": "4,100", "Total Unusual Items Excluding Goodwill": "-1,400", "Total Unusual Items": "-1,400", "Normalized EBITDA": "37,100", "Tax Rate for Calcs": "0", "Tax Effect of Unusual Items": "-560"}, "4/30/1988": {"Duration": "4/30/1988", "Total Revenue": "239,500", "Cost of Revenue": "76,500", "Gross Profit": "163,000", "Operating Expense": "148,500", "Operating Income": "14,500", "Net Non Operating Interest Income Expense": "-", "Other Income Expense": "-1,200", "Pretax Income": "9,400", "Tax Provision": "4,700", "Net Income Common Stockholders": "4,700", "Diluted NI Available to Com Stockholders": "4,700", "Basic EPS": "0.07", "Diluted EPS": "0.07", "Basic Average Shares": "67,143", "Diluted Average Shares": "67,143", "Total Operating Income as Reported": "14,500", "Total Expenses": "225,000", "Net Income from Continuing & Discontinued Operation": "4,700", "Normalized Income": "5,420", "Interest Income": "-", "Interest Expense": "-", "Net Interest Income": "-", "EBIT": "14,500", "EBITDA": "-", "Reconciled Cost of Revenue": "76,500", "Reconciled Depreciation": "21,500", "Net Income from Continuing Operation Net Minority Interest": "4,700", "Total Unusual Items Excluding Goodwill": "-1,200", "Total Unusual Items": "-1,200", "Normalized EBITDA": "37,200", "Tax Rate for Calcs": "0", "Tax Effect of Unusual Items": "-480"}, "4/30/1987": {"Duration": "4/30/1987", "Total Revenue": "228,500", "Cost of Revenue": "75,000", "Gross Profit": "153,500", "Operating Expense": "134,400", "Operating Income": "19,100", "Net Non Operating Interest Income Expense": "-", "Other Income Expense": "-6,800", "Pretax Income": "8,800", "Tax Provision": "3,800", "Net Income Common Stockholders": "5,000", "Diluted NI Available to Com Stockholders": "5,000", "Basic EPS": "0.08", "Diluted EPS": "0.08", "Basic Average Shares": "62,500", "Diluted Average Shares": "62,500", "Total Operating Income as Reported": "19,100", "Total Expenses": "209,400", "Net Income from Continuing & Discontinued Operation": "5,000", "Normalized Income": "9,080", "Interest Income": "-", "Interest Expense": "-", "Net Interest Income": "-", "EBIT": "19,100", "EBITDA": "-", "Reconciled Cost of Revenue": "75,000", "Reconciled Depreciation": "19,200", "Net Income from Continuing Operation Net Minority Interest": "5,000", "Total Unusual Items Excluding Goodwill": "-6,800", "Total Unusual Items": "-6,800", "Normalized EBITDA": "45,100", "Tax Rate for Calcs": "0", "Tax Effect of Unusual Items": "-2,720"}, "4/30/1986": {"Duration": "4/30/1986", "Total Revenue": "213,400", "Cost of Revenue": "72,900", "Gross Profit": "140,500", "Operating Expense": "125,200", "Operating Income": "15,300", "Net Non Operating Interest Income Expense": "-", "Other Income Expense": "-400", "Pretax Income": "10,900", "Tax Provision": "3,300", "Net Income Common Stockholders": "7,600", "Diluted NI Available to Com Stockholders": "7,600", "Basic EPS": "0.12", "Diluted EPS": "0.12", "Basic Average Shares": "63,333", "Diluted Average Shares": "63,333", "Total Operating Income as Reported": "15,300", "Total Expenses": "198,100", "Net Income from Continuing & Discontinued Operation": "7,600", "Normalized Income": "7,879", "Interest Income": "-", "Interest Expense": "-", "Net Interest Income": "-", "EBIT": "15,300", "EBITDA": "-", "Reconciled Cost of Revenue": "72,900", "Reconciled Depreciation": "14,100", "Net Income from Continuing Operation Net Minority Interest": "7,600", "Total Unusual Items Excluding Goodwill": "-400", "Total Unusual Items": "-400", "Normalized EBITDA": "29,800", "Tax Rate for Calcs": "0", "Tax Effect of Unusual Items": "-121.1009"}}, "bs": {"4/30/2020": {"Duration": "4/30/2020", "Total Assets": "3,168,794", "Total Liabilities Net Minority Interest": "2,235,170", "Total Equity Gross Minority Interest": "933,624", "Total Capitalization": "1,699,274", "Common Stock Equity": "933,624", "Capital Lease Obligations": "181,592", "Net Tangible Assets": "-990,571", "Working Capital": "-312,342", "Invested Capital": "1,708,649", "Tangible Book Value": "-990,571", "Total Debt": "956,617", "Net Debt": "572,561", "Share Issued": "83,182", "Ordinary Shares Number": "55,857", "Treasury Shares Number": "27,325"}, "4/30/2019": {"Duration": "4/30/2019", "Total Assets": "2,937,002", "Total Liabilities Net Minority Interest": "1,755,655", "Total Equity Gross Minority Interest": "1,181,347", "Total Capitalization": "1,660,137", "Common Stock Equity": "1,181,347", "Capital Lease Obligations": "-", "Net Tangible Assets": "-779,891", "Working Capital": "-379,782", "Invested Capital": "1,660,137", "Tangible Book Value": "-779,891", "Total Debt": "478,790", "Net Debt": "385,900", "Share Issued": "83,182", "Ordinary Shares Number": "56,630", "Treasury Shares Number": "26,551"}, "4/30/2018": {"Duration": "4/30/2018", "Total Assets": "2,839,451", "Total Liabilities Net Minority Interest": "1,648,894", "Total Equity Gross Minority Interest": "1,190,557", "Total Capitalization": "1,550,557", "Common Stock Equity": "1,190,557", "Capital Lease Obligations": "-", "Net Tangible Assets": "-677,315", "Working Capital": "-394,340", "Invested Capital": "1,550,557", "Tangible Book Value": "-677,315", "Total Debt": "360,000", "Net Debt": "190,227", "Share Issued": "83,182", "Ordinary Shares Number": "57,411", "Treasury Shares Number": "25,771"}, "4/30/2017": {"Duration": "4/30/2017", "Total Assets": "2,606,217", "Total Liabilities Net Minority Interest": "1,603,080", "Total Equity Gross Minority Interest": "1,003,137", "Total Capitalization": "1,368,137", "Common Stock Equity": "1,003,137", "Capital Lease Obligations": "-", "Net Tangible Assets": "-807,063", "Working Capital": "-428,121", "Invested Capital": "1,368,137", "Tangible Book Value": "-807,063", "Total Debt": "365,000", "Net Debt": "306,484", "Share Issued": "83,182", "Ordinary Shares Number": "57,167", "Treasury Shares Number": "26,015"}, "4/30/2016": {"Duration": "4/30/2016", "Total Assets": "2,921,096", "Total Liabilities Net Minority Interest": "1,883,990", "Total Equity Gross Minority Interest": "1,037,106", "Total Capitalization": "1,642,113", "Common Stock Equity": "1,037,106", "Capital Lease Obligations": "-", "Net Tangible Assets": "-791,564", "Working Capital": "-111,128", "Invested Capital": "1,642,113", "Tangible Book Value": "-791,564", "Total Debt": "605,007", "Net Debt": "241,201", "Share Issued": "83,190", "Ordinary Shares Number": "57,564", "Treasury Shares Number": "25,626"}, "4/30/2015": {"Duration": "4/30/2015", "Total Assets": "3,004,243", "Total Liabilities Net Minority Interest": "1,949,203", "Total Equity Gross Minority Interest": "1,055,040", "Total Capitalization": "1,705,130", "Common Stock Equity": "1,055,040", "Capital Lease Obligations": "-", "Net Tangible Assets": "-824,948", "Working Capital": "-62,764", "Invested Capital": "1,805,130", "Tangible Book Value": "-824,948", "Total Debt": "750,090", "Net Debt": "292,649", "Share Issued": "83,190", "Ordinary Shares Number": "58,838", "Treasury Shares Number": "24,352"}, "4/30/2014": {"Duration": "4/30/2014", "Total Assets": "3,077,365", "Total Liabilities Net Minority Interest": "1,895,117", "Total Equity Gross Minority Interest": "1,182,248", "Total Capitalization": "1,882,348", "Common Stock Equity": "1,182,248", "Capital Lease Obligations": "-", "Net Tangible Assets": "-706,078", "Working Capital": "60,075", "Invested Capital": "1,882,348", "Tangible Book Value": "-706,078", "Total Debt": "700,100", "Net Debt": "213,723", "Share Issued": "83,190", "Ordinary Shares Number": "59,052", "Treasury Shares Number": "24,138"}, "4/30/2013": {"Duration": "4/30/2013", "Total Assets": "2,806,375", "Total Liabilities Net Minority Interest": "1,818,019", "Total Equity Gross Minority Interest": "988,356", "Total Capitalization": "1,661,356", "Common Stock Equity": "988,356", "Capital Lease Obligations": "-", "Net Tangible Assets": "-802,141", "Working Capital": "-32,198", "Invested Capital": "1,661,356", "Tangible Book Value": "-802,141", "Total Debt": "673,000", "Net Debt": "338,860", "Share Issued": "83,190", "Ordinary Shares Number": "58,671", "Treasury Shares Number": "24,519"}, "4/30/2012": {"Duration": "4/30/2012", "Total Assets": "2,532,946", "Total Liabilities Net Minority Interest": "1,515,378", "Total Equity Gross Minority Interest": "1,017,568", "Total Capitalization": "1,492,568", "Common Stock Equity": "1,017,568", "Capital Lease Obligations": "-", "Net Tangible Assets": "-588,546", "Working Capital": "-66,330", "Invested Capital": "1,492,568", "Tangible Book Value": "-588,546", "Total Debt": "475,000", "Net Debt": "215,170", "Share Issued": "83,190", "Ordinary Shares Number": "59,516", "Treasury Shares Number": "23,674"}, "4/30/2011": {"Duration": "4/30/2011", "Total Assets": "2,430,141", "Total Liabilities Net Minority Interest": "1,452,252", "Total Equity Gross Minority Interest": "977,889", "Total Capitalization": "1,308,389", "Common Stock Equity": "977,889", "Capital Lease Obligations": "-", "Net Tangible Assets": "-597,739", "Working Capital": "-228,875", "Invested Capital": "1,432,089", "Tangible Book Value": "-597,739", "Total Debt": "454,200", "Net Debt": "252,347", "Share Issued": "83,190", "Ordinary Shares Number": "60,710", "Treasury Shares Number": "22,480"}, "4/30/2010": {"Duration": "4/30/2010", "Total Assets": "2,316,202", "Total Liabilities Net Minority Interest": "1,593,766", "Total Equity Gross Minority Interest": "722,436", "Total Capitalization": "1,281,436", "Common Stock Equity": "722,436", "Capital Lease Obligations": "-", "Net Tangible Assets": "-804,593", "Working Capital": "-188,658", "Invested Capital": "1,371,436", "Tangible Book Value": "-804,593", "Total Debt": "649,000", "Net Debt": "495,487", "Share Issued": "83,190", "Ordinary Shares Number": "60,017", "Treasury Shares Number": "23,173"}, "4/30/2009": {"Duration": "4/30/2009", "Total Assets": "2,223,708", "Total Liabilities Net Minority Interest": "1,710,192", "Total Equity Gross Minority Interest": "513,516", "Total Capitalization": "1,268,416", "Common Stock Equity": "513,516", "Capital Lease Obligations": "-", "Net Tangible Assets": "-995,852", "Working Capital": "-157,398", "Invested Capital": "1,335,916", "Tangible Book Value": "-995,852", "Total Debt": "822,400", "Net Debt": "719,572", "Share Issued": "83,977", "Ordinary Shares Number": "59,167", "Treasury Shares Number": "24,810"}, "4/30/2008": {"Duration": "4/30/2008", "Total Assets": "2,588,814", "Total Liabilities Net Minority Interest": "1,899,696", "Total Equity Gross Minority Interest": "689,118", "Total Capitalization": "1,486,436", "Common Stock Equity": "689,118", "Capital Lease Obligations": "-", "Net Tangible Assets": "-1,139,513", "Working Capital": "-243,581", "Invested Capital": "1,531,436", "Tangible Book Value": "-1,139,513", "Total Debt": "842,318", "Net Debt": "783,007", "Share Issued": "58,652", "Ordinary Shares Number": "58,652", "Treasury Shares Number": "-"}, "4/30/2007": {"Duration": "4/30/2007", "Total Assets": "2,531,115", "Total Liabilities Net Minority Interest": "2,001,607", "Total Equity Gross Minority Interest": "529,508", "Total Capitalization": "1,507,229", "Common Stock Equity": "529,508", "Capital Lease Obligations": "-", "Net Tangible Assets": "-1,340,924", "Working Capital": "-193,446", "Invested Capital": "1,529,729", "Tangible Book Value": "-1,340,924", "Total Debt": "1,000,221", "Net Debt": "944,471", "Share Issued": "47,706", "Ordinary Shares Number": "47,706", "Treasury Shares Number": "-"}, "4/30/2006": {"Duration": "4/30/2006", "Total Assets": "1,026,009", "Total Liabilities Net Minority Interest": "624,169", "Total Equity Gross Minority Interest": "401,840", "Total Capitalization": "562,336", "Common Stock Equity": "401,840", "Capital Lease Obligations": "-", "Net Tangible Assets": "-98,960", "Working Capital": "-35,801", "Invested Capital": "562,336", "Tangible Book Value": "-98,960", "Total Debt": "160,496", "Net Debt": "99,739", "Share Issued": "57,146", "Ordinary Shares Number": "57,146", "Treasury Shares Number": "-"}, "4/30/2005": {"Duration": "4/30/2005", "Total Assets": "1,032,569", "Total Liabilities Net Minority Interest": "635,995", "Total Equity Gross Minority Interest": "396,574", "Total Capitalization": "592,788", "Common Stock Equity": "396,574", "Capital Lease Obligations": "-", "Net Tangible Assets": "-90,030", "Working Capital": "-2,393", "Invested Capital": "592,788", "Tangible Book Value": "-90,030", "Total Debt": "196,214", "Net Debt": "106,813", "Share Issued": "59,331", "Ordinary Shares Number": "59,331", "Treasury Shares Number": "-"}, "4/30/2004": {"Duration": "4/30/2004", "Total Assets": "1,014,582", "Total Liabilities Net Minority Interest": "599,518", "Total Equity Gross Minority Interest": "415,064", "Total Capitalization": "615,064", "Common Stock Equity": "415,064", "Capital Lease Obligations": "-", "Net Tangible Assets": "-56,269", "Working Capital": "17,641", "Invested Capital": "615,064", "Tangible Book Value": "-56,269", "Total Debt": "200,000", "Net Debt": "117,973", "Share Issued": "61,694", "Ordinary Shares Number": "61,694", "Treasury Shares Number": "-"}, "4/30/2003": {"Duration": "4/30/2003", "Total Assets": "955,972", "Total Liabilities Net Minority Interest": "611,968", "Total Equity Gross Minority Interest": "344,004", "Total Capitalization": "544,004", "Common Stock Equity": "344,004", "Capital Lease Obligations": "-", "Net Tangible Assets": "-129,054", "Working Capital": "-39,421", "Invested Capital": "579,004", "Tangible Book Value": "-129,054", "Total Debt": "235,000", "Net Debt": "201,759", "Share Issued": "61,630", "Ordinary Shares Number": "61,630", "Treasury Shares Number": "-"}, "4/30/2002": {"Duration": "4/30/2002", "Total Assets": "896,145", "Total Liabilities Net Minority Interest": "619,495", "Total Equity Gross Minority Interest": "276,650", "Total Capitalization": "511,650", "Common Stock Equity": "276,650", "Capital Lease Obligations": "-", "Net Tangible Assets": "-191,886", "Working Capital": "-45,134", "Invested Capital": "541,650", "Tangible Book Value": "-191,886", "Total Debt": "265,000", "Net Debt": "225,295", "Share Issued": "61,701", "Ordinary Shares Number": "61,701", "Treasury Shares Number": "-"}, "4/30/2001": {"Duration": "4/30/2001", "Total Assets": "588,002", "Total Liabilities Net Minority Interest": "367,979", "Total Equity Gross Minority Interest": "220,023", "Total Capitalization": "285,023", "Common Stock Equity": "220,023", "Capital Lease Obligations": "-", "Net Tangible Assets": "-63,738", "Working Capital": "-57,226", "Invested Capital": "315,023", "Tangible Book Value": "-63,738", "Total Debt": "95,000", "Net Debt": "42,053", "Share Issued": "60,734", "Ordinary Shares Number": "60,734", "Treasury Shares Number": "-"}, "4/30/2000": {"Duration": "4/30/2000", "Total Assets": "569,337", "Total Liabilities Net Minority Interest": "396,599", "Total Equity Gross Minority Interest": "172,738", "Total Capitalization": "267,738", "Common Stock Equity": "172,738", "Capital Lease Obligations": "-", "Net Tangible Assets": "-124,347", "Working Capital": "-76,939", "Invested Capital": "297,738", "Tangible Book Value": "-124,347", "Total Debt": "125,000", "Net Debt": "82,701", "Share Issued": "60,713", "Ordinary Shares Number": "60,713", "Treasury Shares Number": "-"}, "4/30/1999": {"Duration": "4/30/1999", "Total Assets": "528,600", "Total Liabilities Net Minority Interest": "366,400", "Total Equity Gross Minority Interest": "162,200", "Total Capitalization": "287,200", "Common Stock Equity": "162,200", "Capital Lease Obligations": "-", "Net Tangible Assets": "-12,700", "Working Capital": "60,900", "Invested Capital": "287,200", "Tangible Book Value": "-12,700", "Total Debt": "125,000", "Net Debt": "-", "Share Issued": "62,383", "Ordinary Shares Number": "62,383", "Treasury Shares Number": "-"}, "4/30/1998": {"Duration": "4/30/1998", "Total Assets": "506,900", "Total Liabilities Net Minority Interest": "346,100", "Total Equity Gross Minority Interest": "160,800", "Total Capitalization": "285,800", "Common Stock Equity": "160,800", "Capital Lease Obligations": "-", "Net Tangible Assets": "-12,000", "Working Capital": "59,200", "Invested Capital": "285,800", "Tangible Book Value": "-12,000", "Total Debt": "125,000", "Net Debt": "-", "Share Issued": "63,992", "Ordinary Shares Number": "63,992", "Treasury Shares Number": "-"}, "4/30/1997": {"Duration": "4/30/1997", "Total Assets": "457,900", "Total Liabilities Net Minority Interest": "328,900", "Total Equity Gross Minority Interest": "129,000", "Total Capitalization": "254,000", "Common Stock Equity": "129,000", "Capital Lease Obligations": "-", "Net Tangible Assets": "-36,100", "Working Capital": "39,700", "Invested Capital": "254,200", "Tangible Book Value": "-36,100", "Total Debt": "125,200", "Net Debt": "46,100", "Share Issued": "63,640", "Ordinary Shares Number": "63,640", "Treasury Shares Number": "-"}, "4/30/1996": {"Duration": "4/30/1996", "Total Assets": "284,500", "Total Liabilities Net Minority Interest": "166,500", "Total Equity Gross Minority Interest": "118,000", "Total Capitalization": "118,000", "Common Stock Equity": "118,000", "Capital Lease Obligations": "-", "Net Tangible Assets": "65,600", "Working Capital": "31,500", "Invested Capital": "118,000", "Tangible Book Value": "65,600", "Total Debt": "-", "Net Debt": "-", "Share Issued": "64,496", "Ordinary Shares Number": "64,496", "Treasury Shares Number": "-"}, "4/30/1995": {"Duration": "4/30/1995", "Total Assets": "247,500", "Total Liabilities Net Minority Interest": "148,700", "Total Equity Gross Minority Interest": "98,800", "Total Capitalization": "98,800", "Common Stock Equity": "98,800", "Capital Lease Obligations": "-", "Net Tangible Assets": "45,400", "Working Capital": "11,200", "Invested Capital": "99,400", "Tangible Book Value": "45,400", "Total Debt": "600", "Net Debt": "-", "Share Issued": "63,672", "Ordinary Shares Number": "63,672", "Treasury Shares Number": "-"}, "4/30/1994": {"Duration": "4/30/1994", "Total Assets": "243,900", "Total Liabilities Net Minority Interest": "161,600", "Total Equity Gross Minority Interest": "82,300", "Total Capitalization": "108,300", "Common Stock Equity": "82,300", "Capital Lease Obligations": "-", "Net Tangible Assets": "38,600", "Working Capital": "35,000", "Invested Capital": "114,400", "Tangible Book Value": "38,600", "Total Debt": "32,100", "Net Debt": "-", "Share Issued": "63,000", "Ordinary Shares Number": "63,000", "Treasury Shares Number": "-"}, "4/30/1993": {"Duration": "4/30/1993", "Total Assets": "220,600", "Total Liabilities Net Minority Interest": "149,300", "Total Equity Gross Minority Interest": "71,300", "Total Capitalization": "103,300", "Common Stock Equity": "71,300", "Capital Lease Obligations": "-", "Net Tangible Assets": "27,600", "Working Capital": "31,800", "Invested Capital": "107,400", "Tangible Book Value": "27,600", "Total Debt": "36,100", "Net Debt": "-", "Share Issued": "61,568", "Ordinary Shares Number": "61,568", "Treasury Shares Number": "-"}, "4/30/1992": {"Duration": "4/30/1992", "Total Assets": "213,700", "Total Liabilities Net Minority Interest": "144,100", "Total Equity Gross Minority Interest": "69,600", "Total Capitalization": "105,600", "Common Stock Equity": "69,600", "Capital Lease Obligations": "-", "Net Tangible Assets": "20,400", "Working Capital": "30,800", "Invested Capital": "109,700", "Tangible Book Value": "20,400", "Total Debt": "40,100", "Net Debt": "100", "Share Issued": "61,024", "Ordinary Shares Number": "61,024", "Treasury Shares Number": "-"}, "4/30/1991": {"Duration": "4/30/1991", "Total Assets": "251,300", "Total Liabilities Net Minority Interest": "156,400", "Total Equity Gross Minority Interest": "94,900", "Total Capitalization": "134,900", "Common Stock Equity": "94,900", "Capital Lease Obligations": "-", "Net Tangible Assets": "43,800", "Working Capital": "70,200", "Invested Capital": "150,800", "Tangible Book Value": "43,800", "Total Debt": "55,900", "Net Debt": "-", "Share Issued": "70,408", "Ordinary Shares Number": "70,408", "Treasury Shares Number": "-"}, "4/30/1990": {"Duration": "4/30/1990", "Total Assets": "248,900", "Total Liabilities Net Minority Interest": "155,300", "Total Equity Gross Minority Interest": "93,600", "Total Capitalization": "149,000", "Common Stock Equity": "93,600", "Capital Lease Obligations": "-", "Net Tangible Assets": "35,600", "Working Capital": "61,800", "Invested Capital": "151,900", "Tangible Book Value": "35,600", "Total Debt": "58,300", "Net Debt": "6,800", "Share Issued": "70,248", "Ordinary Shares Number": "70,248", "Treasury Shares Number": "-"}, "4/30/1989": {"Duration": "4/30/1989", "Total Assets": "190,300", "Total Liabilities Net Minority Interest": "95,500", "Total Equity Gross Minority Interest": "94,800", "Total Capitalization": "110,100", "Common Stock Equity": "94,800", "Capital Lease Obligations": "-", "Net Tangible Assets": "74,200", "Working Capital": "58,700", "Invested Capital": "115,300", "Tangible Book Value": "74,200", "Total Debt": "20,500", "Net Debt": "9,700", "Share Issued": "69,348", "Ordinary Shares Number": "69,348", "Treasury Shares Number": "-"}, "4/30/1988": {"Duration": "4/30/1988", "Total Assets": "208,000", "Total Liabilities Net Minority Interest": "112,900", "Total Equity Gross Minority Interest": "95,100", "Total Capitalization": "132,500", "Common Stock Equity": "95,100", "Capital Lease Obligations": "-", "Net Tangible Assets": "69,100", "Working Capital": "58,800", "Invested Capital": "140,100", "Tangible Book Value": "69,100", "Total Debt": "45,000", "Net Debt": "35,000", "Share Issued": "68,832", "Ordinary Shares Number": "68,832", "Treasury Shares Number": "-"}, "4/30/1987": {"Duration": "4/30/1987", "Total Assets": "195,800", "Total Liabilities Net Minority Interest": "103,500", "Total Equity Gross Minority Interest": "92,300", "Total Capitalization": "126,100", "Common Stock Equity": "92,300", "Capital Lease Obligations": "-", "Net Tangible Assets": "71,300", "Working Capital": "57,000", "Invested Capital": "135,600", "Tangible Book Value": "71,300", "Total Debt": "43,300", "Net Debt": "30,400", "Share Issued": "68,704", "Ordinary Shares Number": "68,704", "Treasury Shares Number": "-"}, "4/30/1986": {"Duration": "4/30/1986", "Total Assets": "189,500", "Total Liabilities Net Minority Interest": "99,500", "Total Equity Gross Minority Interest": "90,000", "Total Capitalization": "126,300", "Common Stock Equity": "90,000", "Capital Lease Obligations": "-", "Net Tangible Assets": "74,300", "Working Capital": "41,600", "Invested Capital": "135,000", "Tangible Book Value": "74,300", "Total Debt": "45,000", "Net Debt": "36,500", "Share Issued": "68,352", "Ordinary Shares Number": "68,352", "Treasury Shares Number": "-"}}, "cf": {"TTM": {"Duration": "TTM", "Operating Cash Flow": "354,374", "Investing Cash Flow": "-453,179", "Financing Cash Flow": "67,638", "End Cash Position": "86,796", "Income Tax Paid Supplemental Data": "48,288", "Interest Paid Supplemental Data": "18,027", "Capital Expenditure": "-99,661", "Issuance of Capital Stock": "-", "Issuance of Debt": "988,997", "Repayment of Debt": "-830,520", "Repurchase of Capital Stock": "-18,652", "Free Cash Flow": "254,713"}, "4/30/2020": {"Duration": "4/30/2020", "Operating Cash Flow": "288,435", "Investing Cash Flow": "-346,670", "Financing Cash Flow": "172,677", "End Cash Position": "203,047", "Income Tax Paid Supplemental Data": "41,537", "Interest Paid Supplemental Data": "23,622", "Capital Expenditure": "-90,433", "Issuance of Capital Stock": "-", "Issuance of Debt": "934,323", "Repayment of Debt": "-630,599", "Repurchase of Capital Stock": "-46,589", "Free Cash Flow": "198,002"}, "4/30/2019": {"Duration": "4/30/2019", "Operating Cash Flow": "250,831", "Investing Cash Flow": "-301,502", "Financing Cash Flow": "-17,595", "End Cash Position": "93,548", "Income Tax Paid Supplemental Data": "48,264", "Interest Paid Supplemental Data": "14,867", "Capital Expenditure": "-86,661", "Issuance of Capital Stock": "-", "Issuance of Debt": "596,320", "Repayment of Debt": "-476,246", "Repurchase of Capital Stock": "-59,994", "Free Cash Flow": "164,170"}, "4/30/2018": {"Duration": "4/30/2018", "Operating Cash Flow": "381,838", "Investing Cash Flow": "-177,411", "Financing Cash Flow": "-96,831", "End Cash Position": "169,773", "Income Tax Paid Supplemental Data": "48,709", "Interest Paid Supplemental Data": "12,221", "Capital Expenditure": "-140,908", "Issuance of Capital Stock": "-", "Issuance of Debt": "459,304", "Repayment of Debt": "-467,915", "Repurchase of Capital Stock": "-39,688", "Free Cash Flow": "240,930"}, "4/30/2017": {"Duration": "4/30/2017", "Operating Cash Flow": "314,501", "Investing Cash Flow": "-242,608", "Financing Cash Flow": "-346,172", "End Cash Position": "58,516", "Income Tax Paid Supplemental Data": "33,674", "Interest Paid Supplemental Data": "15,733", "Capital Expenditure": "-110,700", "Issuance of Capital Stock": "-", "Issuance of Debt": "683,000", "Repayment of Debt": "-923,007", "Repurchase of Capital Stock": "-50,326", "Free Cash Flow": "203,801"}, "4/30/2016": {"Duration": "4/30/2016", "Operating Cash Flow": "349,957", "Investing Cash Flow": "-151,395", "Financing Cash Flow": "-285,663", "End Cash Position": "363,806", "Income Tax Paid Supplemental Data": "38,579", "Interest Paid Supplemental Data": "15,050", "Capital Expenditure": "-93,705", "Issuance of Capital Stock": "-", "Issuance of Debt": "466,725", "Repayment of Debt": "-610,085", "Repurchase of Capital Stock": "-69,977", "Free Cash Flow": "256,252"}, "4/30/2015": {"Duration": "4/30/2015", "Operating Cash Flow": "355,122", "Investing Cash Flow": "-279,671", "Financing Cash Flow": "-60,958", "End Cash Position": "457,441", "Income Tax Paid Supplemental Data": "45,646", "Interest Paid Supplemental Data": "14,875", "Capital Expenditure": "-69,121", "Issuance of Capital Stock": "-", "Issuance of Debt": "759,369", "Repayment of Debt": "-718,365", "Repurchase of Capital Stock": "-61,981", "Free Cash Flow": "286,001"}, "4/30/2014": {"Duration": "4/30/2014", "Operating Cash Flow": "348,224", "Investing Cash Flow": "-149,347", "Financing Cash Flow": "-53,534", "End Cash Position": "486,377", "Income Tax Paid Supplemental Data": "63,815", "Interest Paid Supplemental Data": "12,511", "Capital Expenditure": "-57,564", "Issuance of Capital Stock": "-", "Issuance of Debt": "685,324", "Repayment of Debt": "-658,224", "Repurchase of Capital Stock": "-63,393", "Free Cash Flow": "290,660"}, "4/30/2013": {"Duration": "4/30/2013", "Operating Cash Flow": "337,037", "Investing Cash Flow": "-342,468", "Financing Cash Flow": "90,401", "End Cash Position": "334,140", "Income Tax Paid Supplemental Data": "56,021", "Interest Paid Supplemental Data": "12,081", "Capital Expenditure": "-58,704", "Issuance of Capital Stock": "-", "Issuance of Debt": "670,500", "Repayment of Debt": "-472,500", "Repurchase of Capital Stock": "-73,721", "Free Cash Flow": "278,333"}, "4/30/2012": {"Duration": "4/30/2012", "Operating Cash Flow": "379,648", "Investing Cash Flow": "-212,052", "Financing Cash Flow": "-104,715", "End Cash Position": "259,830", "Income Tax Paid Supplemental Data": "42,841", "Interest Paid Supplemental Data": "7,745", "Capital Expenditure": "-67,377", "Issuance of Capital Stock": "-", "Issuance of Debt": "909,211", "Repayment of Debt": "-888,411", "Repurchase of Capital Stock": "-87,072", "Free Cash Flow": "312,271"}, "4/30/2011": {"Duration": "4/30/2011", "Operating Cash Flow": "375,619", "Investing Cash Flow": "-113,030", "Financing Cash Flow": "-230,044", "End Cash Position": "201,853", "Income Tax Paid Supplemental Data": "37,822", "Interest Paid Supplemental Data": "19,686", "Capital Expenditure": "-54,393", "Issuance of Capital Stock": "-", "Issuance of Debt": "310,000", "Repayment of Debt": "-504,800", "Repurchase of Capital Stock": "-27,958", "Free Cash Flow": "321,226"}, "4/30/2010": {"Duration": "4/30/2010", "Operating Cash Flow": "418,789", "Investing Cash Flow": "-209,907", "Financing Cash Flow": "-156,418", "End Cash Position": "153,513", "Income Tax Paid Supplemental Data": "33,358", "Interest Paid Supplemental Data": "33,186", "Capital Expenditure": "-48,110", "Issuance of Capital Stock": "-", "Issuance of Debt": "777,610", "Repayment of Debt": "-951,010", "Repurchase of Capital Stock": "0", "Free Cash Flow": "370,679"}, "4/30/2009": {"Duration": "4/30/2009", "Operating Cash Flow": "341,255", "Investing Cash Flow": "-201,635", "Financing Cash Flow": "-89,055", "End Cash Position": "102,828", "Income Tax Paid Supplemental Data": "15,942", "Interest Paid Supplemental Data": "50,108", "Capital Expenditure": "-46,009", "Issuance of Capital Stock": "-", "Issuance of Debt": "598,594", "Repayment of Debt": "-618,512", "Repurchase of Capital Stock": "-35,110", "Free Cash Flow": "295,246"}, "4/30/2008": {"Duration": "4/30/2008", "Operating Cash Flow": "280,135", "Investing Cash Flow": "-170,186", "Financing Cash Flow": "-124,510", "End Cash Position": "59,311", "Income Tax Paid Supplemental Data": "-", "Interest Paid Supplemental Data": "-", "Capital Expenditure": "-163,384", "Issuance of Capital Stock": "15,190", "Issuance of Debt": "-", "Repayment of Debt": "-", "Repurchase of Capital Stock": "-3,679", "Free Cash Flow": "116,751"}, "4/30/2007": {"Duration": "4/30/2007", "Operating Cash Flow": "220,594", "Investing Cash Flow": "-1,038,245", "Financing Cash Flow": "810,207", "End Cash Position": "55,750", "Income Tax Paid Supplemental Data": "-", "Interest Paid Supplemental Data": "-", "Capital Expenditure": "-107,670", "Issuance of Capital Stock": "6,462", "Issuance of Debt": "-", "Repayment of Debt": "-", "Repurchase of Capital Stock": "-7,278", "Free Cash Flow": "112,924"}, "4/30/2006": {"Duration": "4/30/2006", "Operating Cash Flow": "242,642", "Investing Cash Flow": "-113,630", "Financing Cash Flow": "-157,341", "End Cash Position": "60,757", "Income Tax Paid Supplemental Data": "-", "Interest Paid Supplemental Data": "-", "Capital Expenditure": "-52,709", "Issuance of Capital Stock": "5,173", "Issuance of Debt": "-", "Repayment of Debt": "-", "Repurchase of Capital Stock": "-108,867", "Free Cash Flow": "189,933"}, "4/30/2005": {"Duration": "4/30/2005", "Operating Cash Flow": "243,486", "Investing Cash Flow": "-123,760", "Financing Cash Flow": "-113,475", "End Cash Position": "89,401", "Income Tax Paid Supplemental Data": "-", "Interest Paid Supplemental Data": "-", "Capital Expenditure": "-26,826", "Issuance of Capital Stock": "3,444", "Issuance of Debt": "-", "Repayment of Debt": "-", "Repurchase of Capital Stock": "-94,786", "Free Cash Flow": "216,660"}, "4/30/2004": {"Duration": "4/30/2004", "Operating Cash Flow": "212,212", "Investing Cash Flow": "-91,718", "Financing Cash Flow": "-72,438", "End Cash Position": "82,027", "Income Tax Paid Supplemental Data": "-", "Interest Paid Supplemental Data": "-", "Capital Expenditure": "-29,222", "Issuance of Capital Stock": "4,958", "Issuance of Debt": "-", "Repayment of Debt": "-", "Repurchase of Capital Stock": "-26,126", "Free Cash Flow": "182,990"}, "4/30/2003": {"Duration": "4/30/2003", "Operating Cash Flow": "169,128", "Investing Cash Flow": "-125,556", "Financing Cash Flow": "-52,505", "End Cash Position": "33,241", "Income Tax Paid Supplemental Data": "-", "Interest Paid Supplemental Data": "-", "Capital Expenditure": "-63,221", "Issuance of Capital Stock": "1,500", "Issuance of Debt": "-", "Repayment of Debt": "-", "Repurchase of Capital Stock": "-11,661", "Free Cash Flow": "105,907"}, "4/30/2002": {"Duration": "4/30/2002", "Operating Cash Flow": "140,366", "Investing Cash Flow": "-314,075", "Financing Cash Flow": "159,918", "End Cash Position": "39,705", "Income Tax Paid Supplemental Data": "-", "Interest Paid Supplemental Data": "-", "Capital Expenditure": "-33,643", "Issuance of Capital Stock": "2,813", "Issuance of Debt": "-", "Repayment of Debt": "-", "Repurchase of Capital Stock": "-1,880", "Free Cash Flow": "106,723"}, "4/30/2001": {"Duration": "4/30/2001", "Operating Cash Flow": "131,014", "Investing Cash Flow": "-71,921", "Financing Cash Flow": "-47,271", "End Cash Position": "52,947", "Income Tax Paid Supplemental Data": "-", "Interest Paid Supplemental Data": "-", "Capital Expenditure": "-28,656", "Issuance of Capital Stock": "1,911", "Issuance of Debt": "-", "Repayment of Debt": "-", "Repurchase of Capital Stock": "-9,456", "Free Cash Flow": "102,358"}, "4/30/2000": {"Duration": "4/30/2000", "Operating Cash Flow": "131,839", "Investing Cash Flow": "-194,068", "Financing Cash Flow": "-40,034", "End Cash Position": "42,299", "Income Tax Paid Supplemental Data": "-", "Interest Paid Supplemental Data": "-", "Capital Expenditure": "-15,804", "Issuance of Capital Stock": "3,891", "Issuance of Debt": "-", "Repayment of Debt": "-", "Repurchase of Capital Stock": "-35,317", "Free Cash Flow": "116,035"}, "4/30/1999": {"Duration": "4/30/1999", "Operating Cash Flow": "117,900", "Investing Cash Flow": "-53,100", "Financing Cash Flow": "-41,200", "End Cash Position": "0", "Income Tax Paid Supplemental Data": "-", "Interest Paid Supplemental Data": "-", "Capital Expenditure": "-21,000", "Issuance of Capital Stock": "5,200", "Issuance of Debt": "-", "Repayment of Debt": "-", "Repurchase of Capital Stock": "-38,500", "Free Cash Flow": "96,900"}, "4/30/1998": {"Duration": "4/30/1998", "Operating Cash Flow": "104,100", "Investing Cash Flow": "-46,100", "Financing Cash Flow": "-9,200", "End Cash Position": "127,400", "Income Tax Paid Supplemental Data": "-", "Interest Paid Supplemental Data": "-", "Capital Expenditure": "-72,600", "Issuance of Capital Stock": "2,300", "Issuance of Debt": "-", "Repayment of Debt": "-", "Repurchase of Capital Stock": "-4,300", "Free Cash Flow": "31,500"}, "4/30/1997": {"Duration": "4/30/1997", "Operating Cash Flow": "63,900", "Investing Cash Flow": "-138,300", "Financing Cash Flow": "97,700", "End Cash Position": "0", "Income Tax Paid Supplemental Data": "-", "Interest Paid Supplemental Data": "-", "Capital Expenditure": "-138,300", "Issuance of Capital Stock": "1,200", "Issuance of Debt": "-", "Repayment of Debt": "-", "Repurchase of Capital Stock": "-10,500", "Free Cash Flow": "-74,400"}, "4/30/1996": {"Duration": "4/30/1996", "Operating Cash Flow": "68,100", "Investing Cash Flow": "-39,800", "Financing Cash Flow": "-7,300", "End Cash Position": "0", "Income Tax Paid Supplemental Data": "-", "Interest Paid Supplemental Data": "-", "Capital Expenditure": "-39,800", "Issuance of Capital Stock": "2,300", "Issuance of Debt": "-", "Repayment of Debt": "-", "Repurchase of Capital Stock": "-3,300", "Free Cash Flow": "28,300"}, "4/30/1995": {"Duration": "4/30/1995", "Operating Cash Flow": "51,900", "Investing Cash Flow": "-39,800", "Financing Cash Flow": "-35,900", "End Cash Position": "34,500", "Income Tax Paid Supplemental Data": "-", "Interest Paid Supplemental Data": "-", "Capital Expenditure": "-39,800", "Issuance of Capital Stock": "600", "Issuance of Debt": "-", "Repayment of Debt": "-", "Repurchase of Capital Stock": "-200", "Free Cash Flow": "12,100"}, "4/30/1994": {"Duration": "4/30/1994", "Operating Cash Flow": "39,700", "Investing Cash Flow": "-22,400", "Financing Cash Flow": "-5,400", "End Cash Position": "0", "Income Tax Paid Supplemental Data": "-", "Interest Paid Supplemental Data": "-", "Capital Expenditure": "-31,600", "Issuance of Capital Stock": "2,800", "Issuance of Debt": "-", "Repayment of Debt": "-", "Repurchase of Capital Stock": "-", "Free Cash Flow": "8,100"}, "4/30/1993": {"Duration": "4/30/1993", "Operating Cash Flow": "36,700", "Investing Cash Flow": "-22,200", "Financing Cash Flow": "-6,900", "End Cash Position": "0", "Income Tax Paid Supplemental Data": "-", "Interest Paid Supplemental Data": "-", "Capital Expenditure": "-24,100", "Issuance of Capital Stock": "1,200", "Issuance of Debt": "-", "Repayment of Debt": "-", "Repurchase of Capital Stock": "-", "Free Cash Flow": "12,600"}, "4/30/1992": {"Duration": "4/30/1992", "Operating Cash Flow": "28,700", "Investing Cash Flow": "-26,400", "Financing Cash Flow": "-44,700", "End Cash Position": "0", "Income Tax Paid Supplemental Data": "-", "Interest Paid Supplemental Data": "-", "Capital Expenditure": "-6,600", "Issuance of Capital Stock": "400", "Issuance of Debt": "-", "Repayment of Debt": "-", "Repurchase of Capital Stock": "-24,700", "Free Cash Flow": "22,100"}, "4/30/1991": {"Duration": "4/30/1991", "Operating Cash Flow": "51,800", "Investing Cash Flow": "-15,300", "Financing Cash Flow": "-5,900", "End Cash Position": "0", "Income Tax Paid Supplemental Data": "-", "Interest Paid Supplemental Data": "-", "Capital Expenditure": "-5,100", "Issuance of Capital Stock": "300", "Issuance of Debt": "-", "Repayment of Debt": "-", "Repurchase of Capital Stock": "-", "Free Cash Flow": "46,700"}, "4/30/1990": {"Duration": "4/30/1990", "Operating Cash Flow": "28,700", "Investing Cash Flow": "-22,400", "Financing Cash Flow": "34,700", "End Cash Position": "0", "Income Tax Paid Supplemental Data": "-", "Interest Paid Supplemental Data": "-", "Capital Expenditure": "-8,400", "Issuance of Capital Stock": "1,500", "Issuance of Debt": "-", "Repayment of Debt": "-", "Repurchase of Capital Stock": "-", "Free Cash Flow": "20,300"}}, "ks": {"Current": {"Duration": "Current", "Market Cap (intraday) 5": "3.46B", "Enterprise Value 3": "4.51B", "Trailing P/E ": "14.55", "Forward P/E 1": "21.79", "PEG Ratio (5 yr expected) 1": "2.75", "Price/Sales (ttm)": "1.84", "Price/Book (mrq)": "3.25", "Enterprise Value/Revenue 3": "2.40", "Enterprise Value/EBITDA 7": "26.15"}, "1/31/2021": {"Duration": "1/31/2021", "Market Cap (intraday) 5": "2.57B", "Enterprise Value 3": "3.50B", "Trailing P/E ": "N/A", "Forward P/E 1": "19.57", "PEG Ratio (5 yr expected) 1": "2.78", "Price/Sales (ttm)": "1.37", "Price/Book (mrq)": "2.50", "Enterprise Value/Revenue 3": "7.24", "Enterprise Value/EBITDA 7": "47.44"}, "10/31/2020": {"Duration": "10/31/2020", "Market Cap (intraday) 5": "1.73B", "Enterprise Value 3": "2.65B", "Trailing P/E ": "N/A", "Forward P/E 1": "16.47", "PEG Ratio (5 yr expected) 1": "2.34", "Price/Sales (ttm)": "0.94", "Price/Book (mrq)": "1.78", "Enterprise Value/Revenue 3": "5.41", "Enterprise Value/EBITDA 7": "25.54"}, "7/31/2020": {"Duration": "7/31/2020", "Market Cap (intraday) 5": "1.89B", "Enterprise Value 3": "2.65B", "Trailing P/E ": "N/A", "Forward P/E 1": "17.99", "PEG Ratio (5 yr expected) 1": "2.60", "Price/Sales (ttm)": "1.04", "Price/Book (mrq)": "2.03", "Enterprise Value/Revenue 3": "6.14", "Enterprise Value/EBITDA 7": "31.57"}, "4/30/2020": {"Duration": "4/30/2020", "Market Cap (intraday) 5": "2.11B", "Enterprise Value 3": "2.97B", "Trailing P/E ": "14.55", "Forward P/E 1": "15.38", "PEG Ratio (5 yr expected) 1": "5.83", "Price/Sales (ttm)": "1.16", "Price/Book (mrq)": "1.75", "Enterprise Value/Revenue 3": "6.25", "Enterprise Value/EBITDA 7": "-25.61"}, "1/31/2020": {"Duration": "1/31/2020", "Market Cap (intraday) 5": "2.44B", "Enterprise Value 3": "3.31B", "Trailing P/E ": "17.11", "Forward P/E 1": "16.53", "PEG Ratio (5 yr expected) 1": "4.99", "Price/Sales (ttm)": "1.36", "Price/Book (mrq)": "2.07", "Enterprise Value/Revenue 3": "7.09", "Enterprise Value/EBITDA 7": "34.99"}, "10/31/2019": {"Duration": "10/31/2019", "Market Cap (intraday) 5": "2.59B", "Enterprise Value 3": "3.40B", "Trailing P/E ": "18.28", "Forward P/E 1": "18.05", "PEG Ratio (5 yr expected) 1": "2.71", "Price/Sales (ttm)": "1.46", "Price/Book (mrq)": "2.29", "Enterprise Value/Revenue 3": "7.29", "Enterprise Value/EBITDA 7": "32.10"}, "7/31/2019": {"Duration": "7/31/2019", "Market Cap (intraday) 5": "2.58B", "Enterprise Value 3": "2.96B", "Trailing P/E ": "15.64", "Forward P/E 1": "17.86", "PEG Ratio (5 yr expected) 1": "2.68", "Price/Sales (ttm)": "1.46", "Price/Book (mrq)": "2.18", "Enterprise Value/Revenue 3": "7.00", "Enterprise Value/EBITDA 7": "56.70"}, "4/30/2019": {"Duration": "4/30/2019", "Market Cap (intraday) 5": "2.61B", "Enterprise Value 3": "3.11B", "Trailing P/E ": "16.85", "Forward P/E 1": "14.12", "PEG Ratio (5 yr expected) 1": "3.04", "Price/Sales (ttm)": "1.50", "Price/Book (mrq)": "2.19", "Enterprise Value/Revenue 3": "6.34", "Enterprise Value/EBITDA 7": "25.67"}, "1/31/2019": {"Duration": "1/31/2019", "Market Cap (intraday) 5": "2.96B", "Enterprise Value 3": "3.38B", "Trailing P/E ": "15.55", "Forward P/E 1": "15.82", "PEG Ratio (5 yr expected) 1": "3.41", "Price/Sales (ttm)": "1.68", "Price/Book (mrq)": "2.53", "Enterprise Value/Revenue 3": "7.53", "Enterprise Value/EBITDA 7": "37.11"}, "10/31/2018": {"Duration": "10/31/2018", "Market Cap (intraday) 5": "3.10B", "Enterprise Value 3": "3.50B", "Trailing P/E ": "15.02", "Forward P/E 1": "16.00", "PEG Ratio (5 yr expected) 1": "2.19", "Price/Sales (ttm)": "1.75", "Price/Book (mrq)": "2.65", "Enterprise Value/Revenue 3": "7.80", "Enterprise Value/EBITDA 7": "35.00"}, "7/31/2018": {"Duration": "7/31/2018", "Market Cap (intraday) 5": "3.63B", "Enterprise Value 3": "3.82B", "Trailing P/E ": "19.02", "Forward P/E 1": "18.62", "PEG Ratio (5 yr expected) 1": "2.55", "Price/Sales (ttm)": "2.04", "Price/Book (mrq)": "3.05", "Enterprise Value/Revenue 3": "9.30", "Enterprise Value/EBITDA 7": "49.08"}, "4/30/2018": {"Duration": "4/30/2018", "Market Cap (intraday) 5": "3.80B", "Enterprise Value 3": "4.10B", "Trailing P/E ": "20.67", "Forward P/E 1": "18.52", "PEG Ratio (5 yr expected) 1": "1.97", "Price/Sales (ttm)": "2.15", "Price/Book (mrq)": "3.24", "Enterprise Value/Revenue 3": "8.59", "Enterprise Value/EBITDA 7": "28.69"}, "1/31/2018": {"Duration": "1/31/2018", "Market Cap (intraday) 5": "3.64B", "Enterprise Value 3": "4.13B", "Trailing P/E ": "22.56", "Forward P/E 1": "17.18", "PEG Ratio (5 yr expected) 1": "1.73", "Price/Sales (ttm)": "2.09", "Price/Book (mrq)": "3.47", "Enterprise Value/Revenue 3": "9.07", "Enterprise Value/EBITDA 7": "47.29"}, "10/31/2017": {"Duration": "10/31/2017", "Market Cap (intraday) 5": "3.10B", "Enterprise Value 3": "3.57B", "Trailing P/E ": "34.59", "Forward P/E 1": "17.36", "PEG Ratio (5 yr expected) 1": "1.95", "Price/Sales (ttm)": "1.84", "Price/Book (mrq)": "3.08", "Enterprise Value/Revenue 3": "7.90", "Enterprise Value/EBITDA 7": "32.33"}, "7/31/2017": {"Duration": "7/31/2017", "Market Cap (intraday) 5": "3.16B", "Enterprise Value 3": "3.47B", "Trailing P/E ": "28.33", "Forward P/E 1": "18.59", "PEG Ratio (5 yr expected) 1": "2.20", "Price/Sales (ttm)": "1.87", "Price/Book (mrq)": "3.15", "Enterprise Value/Revenue 3": "8.42", "Enterprise Value/EBITDA 7": "85.52"}, "4/30/2017": {"Duration": "4/30/2017", "Market Cap (intraday) 5": "3.03B", "Enterprise Value 3": "3.41B", "Trailing P/E ": "30.46", "Forward P/E 1": "17.73", "PEG Ratio (5 yr expected) 1": "2.10", "Price/Sales (ttm)": "1.81", "Price/Book (mrq)": "2.98", "Enterprise Value/Revenue 3": "7.54", "Enterprise Value/EBITDA 7": "37.67"}, "1/31/2017": {"Duration": "1/31/2017", "Market Cap (intraday) 5": "3.17B", "Enterprise Value 3": "3.78B", "Trailing P/E ": "36.01", "Forward P/E 1": "16.39", "PEG Ratio (5 yr expected) 1": "1.57", "Price/Sales (ttm)": "1.89", "Price/Book (mrq)": "3.23", "Enterprise Value/Revenue 3": "8.67", "Enterprise Value/EBITDA 7": "45.66"}, "10/31/2016": {"Duration": "10/31/2016", "Market Cap (intraday) 5": "2.99B", "Enterprise Value 3": "3.46B", "Trailing P/E ": "20.98", "Forward P/E 1": "18.12", "PEG Ratio (5 yr expected) 1": "1.74", "Price/Sales (ttm)": "1.77", "Price/Book (mrq)": "2.93", "Enterprise Value/Revenue 3": "8.13", "Enterprise Value/EBITDA 7": "44.93"}, "7/31/2016": {"Duration": "7/31/2016", "Market Cap (intraday) 5": "3.32B", "Enterprise Value 3": "3.56B", "Trailing P/E ": "23.27", "Forward P/E 1": "18.45", "PEG Ratio (5 yr expected) 1": "4.25", "Price/Sales (ttm)": "1.96", "Price/Book (mrq)": "3.21", "Enterprise Value/Revenue 3": "8.81", "Enterprise Value/EBITDA 7": "48.08"}, "4/30/2016": {"Duration": "4/30/2016", "Market Cap (intraday) 5": "2.86B", "Enterprise Value 3": "3.29B", "Trailing P/E ": "18.43", "Forward P/E 1": "15.85", "PEG Ratio (5 yr expected) 1": "3.65", "Price/Sales (ttm)": "1.68", "Price/Book (mrq)": "2.81", "Enterprise Value/Revenue 3": "7.58", "Enterprise Value/EBITDA 7": "46.13"}, "1/31/2016": {"Duration": "1/31/2016", "Market Cap (intraday) 5": "2.42B", "Enterprise Value 3": "3.01B", "Trailing P/E ": "14.93", "Forward P/E 1": "13.14", "PEG Ratio (5 yr expected) 1": "2.81", "Price/Sales (ttm)": "1.40", "Price/Book (mrq)": "2.27", "Enterprise Value/Revenue 3": "6.89", "Enterprise Value/EBITDA 7": "41.73"}, "10/31/2015": {"Duration": "10/31/2015", "Market Cap (intraday) 5": "3.06B", "Enterprise Value 3": "3.55B", "Trailing P/E ": "17.68", "Forward P/E 1": "18.48", "PEG Ratio (5 yr expected) 1": "2.70", "Price/Sales (ttm)": "1.72", "Price/Book (mrq)": "2.84", "Enterprise Value/Revenue 3": "8.18", "Enterprise Value/EBITDA 7": "39.43"}, "7/31/2015": {"Duration": "7/31/2015", "Market Cap (intraday) 5": "3.12B", "Enterprise Value 3": "3.41B", "Trailing P/E ": "17.85", "Forward P/E 1": "14.10", "PEG Ratio (5 yr expected) 1": "1.36", "Price/Sales (ttm)": "1.73", "Price/Book (mrq)": "2.96", "Enterprise Value/Revenue 3": "8.06", "Enterprise Value/EBITDA 7": "45.81"}, "4/30/2015": {"Duration": "4/30/2015", "Market Cap (intraday) 5": "3.35B", "Enterprise Value 3": "3.77B", "Trailing P/E ": "20.46", "Forward P/E 1": "15.13", "PEG Ratio (5 yr expected) 1": "1.46", "Price/Sales (ttm)": "1.85", "Price/Book (mrq)": "3.08", "Enterprise Value/Revenue 3": "8.54", "Enterprise Value/EBITDA 7": "43.87"}, "1/31/2015": {"Duration": "1/31/2015", "Market Cap (intraday) 5": "3.65B", "Enterprise Value 3": "4.25B", "Trailing P/E ": "21.07", "Forward P/E 1": "16.10", "PEG Ratio (5 yr expected) 1": "1.44", "Price/Sales (ttm)": "2.02", "Price/Book (mrq)": "3.14", "Enterprise Value/Revenue 3": "9.12", "Enterprise Value/EBITDA 7": "49.14"}, "10/31/2014": {"Duration": "10/31/2014", "Market Cap (intraday) 5": "3.47B", "Enterprise Value 3": "4.00B", "Trailing P/E ": "22.03", "Forward P/E 1": "17.33", "PEG Ratio (5 yr expected) 1": "1.55", "Price/Sales (ttm)": "1.93", "Price/Book (mrq)": "2.87", "Enterprise Value/Revenue 3": "8.38", "Enterprise Value/EBITDA 7": "37.74"}, "7/31/2014": {"Duration": "7/31/2014", "Market Cap (intraday) 5": "3.57B", "Enterprise Value 3": "3.78B", "Trailing P/E ": "22.26", "Forward P/E 1": "17.79", "PEG Ratio (5 yr expected) 1": "1.70", "Price/Sales (ttm)": "2.01", "Price/Book (mrq)": "3.01", "Enterprise Value/Revenue 3": "8.63", "Enterprise Value/EBITDA 7": "48.86"}, "4/30/2014": {"Duration": "4/30/2014", "Market Cap (intraday) 5": "3.39B", "Enterprise Value 3": "3.71B", "Trailing P/E ": "25.77", "Forward P/E 1": "14.45", "PEG Ratio (5 yr expected) 1": "1.51", "Price/Sales (ttm)": "1.94", "Price/Book (mrq)": "2.99", "Enterprise Value/Revenue 3": "8.12", "Enterprise Value/EBITDA 7": "49.98"}, "1/31/2014": {"Duration": "1/31/2014", "Market Cap (intraday) 5": "3.19B", "Enterprise Value 3": "3.69B", "Trailing P/E ": "23.54", "Forward P/E 1": "13.61", "PEG Ratio (5 yr expected) 1": "1.42", "Price/Sales (ttm)": "1.82", "Price/Book (mrq)": "2.94", "Enterprise Value/Revenue 3": "8.06", "Enterprise Value/EBITDA 7": "36.99"}, "10/31/2013": {"Duration": "10/31/2013", "Market Cap (intraday) 5": "2.95B", "Enterprise Value 3": "3.42B", "Trailing P/E ": "20.95", "Forward P/E 1": "13.99", "PEG Ratio (5 yr expected) 1": "1.46", "Price/Sales (ttm)": "1.71", "Price/Book (mrq)": "2.96", "Enterprise Value/Revenue 3": "7.62", "Enterprise Value/EBITDA 7": "45.35"}, "7/31/2013": {"Duration": "7/31/2013", "Market Cap (intraday) 5": "2.64B", "Enterprise Value 3": "2.98B", "Trailing P/E ": "18.88", "Forward P/E 1": "11.79", "PEG Ratio (5 yr expected) 1": "3.04", "Price/Sales (ttm)": "1.54", "Price/Book (mrq)": "2.67", "Enterprise Value/Revenue 3": "7.25", "Enterprise Value/EBITDA 7": "47.33"}, "4/30/2013": {"Duration": "4/30/2013", "Market Cap (intraday) 5": "2.23B", "Enterprise Value 3": "2.68B", "Trailing P/E ": "12.56", "Forward P/E 1": "10.57", "PEG Ratio (5 yr expected) 1": "2.72", "Price/Sales (ttm)": "1.31", "Price/Book (mrq)": "2.04", "Enterprise Value/Revenue 3": "6.01", "Enterprise Value/EBITDA 7": "65.49"}, "1/31/2013": {"Duration": "1/31/2013", "Market Cap (intraday) 5": "2.30B", "Enterprise Value 3": "2.91B", "Trailing P/E ": "12.24", "Forward P/E 1": "10.22", "PEG Ratio (5 yr expected) 1": "2.30", "Price/Sales (ttm)": "1.33", "Price/Book (mrq)": "2.12", "Enterprise Value/Revenue 3": "6.17", "Enterprise Value/EBITDA 7": "26.73"}, "10/31/2012": {"Duration": "10/31/2012", "Market Cap (intraday) 5": "2.60B", "Enterprise Value 3": "3.21B", "Trailing P/E ": "13.86", "Forward P/E 1": "9.76", "PEG Ratio (5 yr expected) 1": "1.55", "Price/Sales (ttm)": "1.51", "Price/Book (mrq)": "2.39", "Enterprise Value/Revenue 3": "7.44", "Enterprise Value/EBITDA 7": "37.86"}, "7/31/2012": {"Duration": "7/31/2012", "Market Cap (intraday) 5": "2.86B", "Enterprise Value 3": "3.23B", "Trailing P/E ": "14.66", "Forward P/E 1": "10.72", "PEG Ratio (5 yr expected) 1": "1.71", "Price/Sales (ttm)": "1.65", "Price/Book (mrq)": "2.81", "Enterprise Value/Revenue 3": "7.85", "Enterprise Value/EBITDA 7": "51.00"}, "4/30/2012": {"Duration": "4/30/2012", "Market Cap (intraday) 5": "2.69B", "Enterprise Value 3": "2.91B", "Trailing P/E ": "13.02", "Forward P/E 1": "13.32", "PEG Ratio (5 yr expected) 1": "N/A", "Price/Sales (ttm)": "1.55", "Price/Book (mrq)": "2.64", "Enterprise Value/Revenue 3": "6.39", "Enterprise Value/EBITDA 7": "31.50"}, "1/31/2012": {"Duration": "1/31/2012", "Market Cap (intraday) 5": "2.74B", "Enterprise Value 3": "2.94B", "Trailing P/E ": "14.41", "Forward P/E 1": "13.30", "PEG Ratio (5 yr expected) 1": "N/A", "Price/Sales (ttm)": "1.57", "Price/Book (mrq)": "2.68", "Enterprise Value/Revenue 3": "6.52", "Enterprise Value/EBITDA 7": "29.33"}, "10/31/2011": {"Duration": "10/31/2011", "Market Cap (intraday) 5": "2.90B", "Enterprise Value 3": "3.33B", "Trailing P/E ": "16.69", "Forward P/E 1": "13.61", "PEG Ratio (5 yr expected) 1": "N/A", "Price/Sales (ttm)": "1.66", "Price/Book (mrq)": "2.87", "Enterprise Value/Revenue 3": "7.45", "Enterprise Value/EBITDA 7": "35.39"}, "7/31/2011": {"Duration": "7/31/2011", "Market Cap (intraday) 5": "3.05B", "Enterprise Value 3": "3.30B", "Trailing P/E ": "17.88", "Forward P/E 1": "14.68", "PEG Ratio (5 yr expected) 1": "N/A", "Price/Sales (ttm)": "1.76", "Price/Book (mrq)": "3.12", "Enterprise Value/Revenue 3": "7.68", "Enterprise Value/EBITDA 7": "40.41"}, "4/30/2011": {"Duration": "4/30/2011", "Market Cap (intraday) 5": "3.10B", "Enterprise Value 3": "3.65B", "Trailing P/E ": "18.19", "Forward P/E 1": "15.34", "PEG Ratio (5 yr expected) 1": "1.23", "Price/Sales (ttm)": "1.79", "Price/Book (mrq)": "3.59", "Enterprise Value/Revenue 3": "8.20", "Enterprise Value/EBITDA 7": "61.69"}, "1/31/2011": {"Duration": "1/31/2011", "Market Cap (intraday) 5": "2.79B", "Enterprise Value 3": "3.34B", "Trailing P/E ": "16.41", "Forward P/E 1": "14.10", "PEG Ratio (5 yr expected) 1": "1.13", "Price/Sales (ttm)": "1.62", "Price/Book (mrq)": "3.24", "Enterprise Value/Revenue 3": "7.45", "Enterprise Value/EBITDA 7": "37.17"}, "10/31/2010": {"Duration": "10/31/2010", "Market Cap (intraday) 5": "2.60B", "Enterprise Value 3": "3.17B", "Trailing P/E ": "16.10", "Forward P/E 1": "13.16", "PEG Ratio (5 yr expected) 1": "0.62", "Price/Sales (ttm)": "1.51", "Price/Book (mrq)": "3.39", "Enterprise Value/Revenue 3": "7.18", "Enterprise Value/EBITDA 7": "32.31"}, "7/31/2010": {"Duration": "7/31/2010", "Market Cap (intraday) 5": "2.37B", "Enterprise Value 3": "2.86B", "Trailing P/E ": "16.47", "Forward P/E 1": "N/A", "PEG Ratio (5 yr expected) 1": "N/A", "Price/Sales (ttm)": "1.38", "Price/Book (mrq)": "3.27", "Enterprise Value/Revenue 3": "7.01", "Enterprise Value/EBITDA 7": "34.73"}, "4/30/2010": {"Duration": "4/30/2010", "Market Cap (intraday) 5": "2.54B", "Enterprise Value 3": "3.03B", "Trailing P/E ": "17.67", "Forward P/E 1": "N/A", "PEG Ratio (5 yr expected) 1": "N/A", "Price/Sales (ttm)": "1.48", "Price/Book (mrq)": "3.51", "Enterprise Value/Revenue 3": "6.96", "Enterprise Value/EBITDA 7": "48.88"}, "1/31/2010": {"Duration": "1/31/2010", "Market Cap (intraday) 5": "2.45B", "Enterprise Value 3": "3.24B", "Trailing P/E ": "18.89", "Forward P/E 1": "N/A", "PEG Ratio (5 yr expected) 1": "N/A", "Price/Sales (ttm)": "1.53", "Price/Book (mrq)": "3.49", "Enterprise Value/Revenue 3": "7.59", "Enterprise Value/EBITDA 7": "36.87"}, "10/31/2009": {"Duration": "10/31/2009", "Market Cap (intraday) 5": "2.07B", "Enterprise Value 3": "2.87B", "Trailing P/E ": "16.77", "Forward P/E 1": "N/A", "PEG Ratio (5 yr expected) 1": "N/A", "Price/Sales (ttm)": "1.31", "Price/Book (mrq)": "3.19", "Enterprise Value/Revenue 3": "6.40", "Enterprise Value/EBITDA 7": "30.77"}, "7/31/2009": {"Duration": "7/31/2009", "Market Cap (intraday) 5": "1.87B", "Enterprise Value 3": "2.66B", "Trailing P/E ": "15.19", "Forward P/E 1": "N/A", "PEG Ratio (5 yr expected) 1": "N/A", "Price/Sales (ttm)": "1.19", "Price/Book (mrq)": "2.88", "Enterprise Value/Revenue 3": "6.86", "Enterprise Value/EBITDA 7": "41.08"}, "4/30/2009": {"Duration": "4/30/2009", "Market Cap (intraday) 5": "1.97B", "Enterprise Value 3": "2.69B", "Trailing P/E ": "15.77", "Forward P/E 1": "10.71", "PEG Ratio (5 yr expected) 1": "1.63", "Price/Sales (ttm)": "1.25", "Price/Book (mrq)": "3.84", "Enterprise Value/Revenue 3": "6.68", "Enterprise Value/EBITDA 7": "46.98"}, "1/31/2009": {"Duration": "1/31/2009", "Market Cap (intraday) 5": "2.08B", "Enterprise Value 3": "3.05B", "Trailing P/E ": "15.14", "Forward P/E 1": "N/A", "PEG Ratio (5 yr expected) 1": "N/A", "Price/Sales (ttm)": "1.25", "Price/Book (mrq)": "3.90", "Enterprise Value/Revenue 3": "8.14", "Enterprise Value/EBITDA 7": "46.74"}, "10/31/2008": {"Duration": "10/31/2008", "Market Cap (intraday) 5": "2.06B", "Enterprise Value 3": "3.03B", "Trailing P/E ": "14.86", "Forward P/E 1": "N/A", "PEG Ratio (5 yr expected) 1": "N/A", "Price/Sales (ttm)": "1.22", "Price/Book (mrq)": "3.86", "Enterprise Value/Revenue 3": "7.01", "Enterprise Value/EBITDA 7": "30.63"}, "7/31/2008": {"Duration": "7/31/2008", "Market Cap (intraday) 5": "2.68B", "Enterprise Value 3": "3.57B", "Trailing P/E ": "19.63", "Forward P/E 1": "N/A", "PEG Ratio (5 yr expected) 1": "N/A", "Price/Sales (ttm)": "1.60", "Price/Book (mrq)": "3.65", "Enterprise Value/Revenue 3": "8.90", "Enterprise Value/EBITDA 7": "48.55"}, "4/30/2008": {"Duration": "4/30/2008", "Market Cap (intraday) 5": "2.70B", "Enterprise Value 3": "3.48B", "Trailing P/E ": "18.49", "Forward P/E 1": "N/A", "PEG Ratio (5 yr expected) 1": "N/A", "Price/Sales (ttm)": "1.63", "Price/Book (mrq)": "3.92", "Enterprise Value/Revenue 3": "8.05", "Enterprise Value/EBITDA 7": "45.39"}, "1/31/2008": {"Duration": "1/31/2008", "Market Cap (intraday) 5": "2.34B", "Enterprise Value 3": "3.15B", "Trailing P/E ": "17.81", "Forward P/E 1": "N/A", "PEG Ratio (5 yr expected) 1": "N/A", "Price/Sales (ttm)": "1.45", "Price/Book (mrq)": "3.70", "Enterprise Value/Revenue 3": "7.34", "Enterprise Value/EBITDA 7": "32.40"}, "10/31/2007": {"Duration": "10/31/2007", "Market Cap (intraday) 5": "2.57B", "Enterprise Value 3": "3.62B", "Trailing P/E ": "20.46", "Forward P/E 1": "N/A", "PEG Ratio (5 yr expected) 1": "N/A", "Price/Sales (ttm)": "1.73", "Price/Book (mrq)": "3.94", "Enterprise Value/Revenue 3": "8.55", "Enterprise Value/EBITDA 7": "39.87"}, "7/31/2007": {"Duration": "7/31/2007", "Market Cap (intraday) 5": "2.49B", "Enterprise Value 3": "3.52B", "Trailing P/E ": "21.37", "Forward P/E 1": "N/A", "PEG Ratio (5 yr expected) 1": "N/A", "Price/Sales (ttm)": "1.85", "Price/Book (mrq)": "4.24", "Enterprise Value/Revenue 3": "9.05", "Enterprise Value/EBITDA 7": "47.50"}, "4/30/2007": {"Duration": "4/30/2007", "Market Cap (intraday) 5": "1.80B", "Enterprise Value 3": "2.74B", "Trailing P/E ": "22.05", "Forward P/E 1": "N/A", "PEG Ratio (5 yr expected) 1": "N/A", "Price/Sales (ttm)": "1.78", "Price/Book (mrq)": "3.40", "Enterprise Value/Revenue 3": "7.03", "Enterprise Value/EBITDA 7": "44.32"}, "1/31/2007": {"Duration": "1/31/2007", "Market Cap (intraday) 5": "2.13B", "Enterprise Value 3": "2.19B", "Trailing P/E ": "21.48", "Forward P/E 1": "N/A", "PEG Ratio (5 yr expected) 1": "N/A", "Price/Sales (ttm)": "1.95", "Price/Book (mrq)": "4.24", "Enterprise Value/Revenue 3": "7.38", "Enterprise Value/EBITDA 7": "30.75"}, "10/31/2006": {"Duration": "10/31/2006", "Market Cap (intraday) 5": "2.02B", "Enterprise Value 3": "2.21B", "Trailing P/E ": "19.29", "Forward P/E 1": "N/A", "PEG Ratio (5 yr expected) 1": "N/A", "Price/Sales (ttm)": "1.89", "Price/Book (mrq)": "4.38", "Enterprise Value/Revenue 3": "7.77", "Enterprise Value/EBITDA 7": "35.79"}, "7/31/2006": {"Duration": "7/31/2006", "Market Cap (intraday) 5": "1.89B", "Enterprise Value 3": "2.07B", "Trailing P/E ": "18.69", "Forward P/E 1": "N/A", "PEG Ratio (5 yr expected) 1": "N/A", "Price/Sales (ttm)": "1.83", "Price/Book (mrq)": "4.40", "Enterprise Value/Revenue 3": "7.85", "Enterprise Value/EBITDA 7": "37.83"}, "4/30/2006": {"Duration": "4/30/2006", "Market Cap (intraday) 5": "2.09B", "Enterprise Value 3": "2.21B", "Trailing P/E ": "21.94", "Forward P/E 1": "N/A", "PEG Ratio (5 yr expected) 1": "N/A", "Price/Sales (ttm)": "2.17", "Price/Book (mrq)": "5.16", "Enterprise Value/Revenue 3": "8.29", "Enterprise Value/EBITDA 7": "50.22"}, "1/31/2006": {"Duration": "1/31/2006", "Market Cap (intraday) 5": "2.18B", "Enterprise Value 3": "2.30B", "Trailing P/E ": "22.69", "Forward P/E 1": "N/A", "PEG Ratio (5 yr expected) 1": "N/A", "Price/Sales (ttm)": "2.24", "Price/Book (mrq)": "5.37", "Enterprise Value/Revenue 3": "8.25", "Enterprise Value/EBITDA 7": "30.50"}, "10/31/2005": {"Duration": "10/31/2005", "Market Cap (intraday) 5": "2.28B", "Enterprise Value 3": "2.49B", "Trailing P/E ": "25.79", "Forward P/E 1": "N/A", "PEG Ratio (5 yr expected) 1": "N/A", "Price/Sales (ttm)": "2.39", "Price/Book (mrq)": "5.79", "Enterprise Value/Revenue 3": "9.48", "Enterprise Value/EBITDA 7": "39.19"}, "7/31/2005": {"Duration": "7/31/2005", "Market Cap (intraday) 5": "2.53B", "Enterprise Value 3": "2.63B", "Trailing P/E ": "31.74", "Forward P/E 1": "N/A", "PEG Ratio (5 yr expected) 1": "N/A", "Price/Sales (ttm)": "2.73", "Price/Book (mrq)": "6.38", "Enterprise Value/Revenue 3": "11.09", "Enterprise Value/EBITDA 7": "50.62"}, "4/30/2005": {"Duration": "4/30/2005", "Market Cap (intraday) 5": "2.15B", "Enterprise Value 3": "2.21B", "Trailing P/E ": "25.29", "Forward P/E 1": "N/A", "PEG Ratio (5 yr expected) 1": "N/A", "Price/Sales (ttm)": "2.35", "Price/Book (mrq)": "4.73", "Enterprise Value/Revenue 3": "9.13", "Enterprise Value/EBITDA 7": "52.44"}, "1/31/2005": {"Duration": "1/31/2005", "Market Cap (intraday) 5": "2.01B", "Enterprise Value 3": "2.07B", "Trailing P/E ": "23.53", "Forward P/E 1": "N/A", "PEG Ratio (5 yr expected) 1": "N/A", "Price/Sales (ttm)": "2.18", "Price/Book (mrq)": "4.43", "Enterprise Value/Revenue 3": "8.01", "Enterprise Value/EBITDA 7": "29.53"}, "10/31/2004": {"Duration": "10/31/2004", "Market Cap (intraday) 5": "1.98B", "Enterprise Value 3": "2.14B", "Trailing P/E ": "23.51", "Forward P/E 1": "N/A", "PEG Ratio (5 yr expected) 1": "N/A", "Price/Sales (ttm)": "2.20", "Price/Book (mrq)": "4.62", "Enterprise Value/Revenue 3": "8.67", "Enterprise Value/EBITDA 7": "36.64"}, "7/31/2004": {"Duration": "7/31/2004", "Market Cap (intraday) 5": "1.99B", "Enterprise Value 3": "2.11B", "Trailing P/E ": "22.95", "Forward P/E 1": "N/A", "PEG Ratio (5 yr expected) 1": "N/A", "Price/Sales (ttm)": "2.21", "Price/Book (mrq)": "4.79", "Enterprise Value/Revenue 3": "9.29", "Enterprise Value/EBITDA 7": "42.91"}, "4/30/2004": {"Duration": "4/30/2004", "Market Cap (intraday) 5": "1.89B", "Enterprise Value 3": "2.01B", "Trailing P/E ": "21.70", "Forward P/E 1": "N/A", "PEG Ratio (5 yr expected) 1": "N/A", "Price/Sales (ttm)": "2.09", "Price/Book (mrq)": "4.55", "Enterprise Value/Revenue 3": "8.64", "Enterprise Value/EBITDA 7": "57.29"}, "1/31/2004": {"Duration": "1/31/2004", "Market Cap (intraday) 5": "1.66B", "Enterprise Value 3": "1.91B", "Trailing P/E ": "21.06", "Forward P/E 1": "N/A", "PEG Ratio (5 yr expected) 1": "N/A", "Price/Sales (ttm)": "1.93", "Price/Book (mrq)": "4.16", "Enterprise Value/Revenue 3": "7.88", "Enterprise Value/EBITDA 7": "30.86"}, "10/31/2003": {"Duration": "10/31/2003", "Market Cap (intraday) 5": "1.62B", "Enterprise Value 3": "1.86B", "Trailing P/E ": "20.47", "Forward P/E 1": "N/A", "PEG Ratio (5 yr expected) 1": "N/A", "Price/Sales (ttm)": "1.88", "Price/Book (mrq)": "4.05", "Enterprise Value/Revenue 3": "8.15", "Enterprise Value/EBITDA 7": "34.68"}, "7/31/2003": {"Duration": "7/31/2003", "Market Cap (intraday) 5": "1.64B", "Enterprise Value 3": "1.87B", "Trailing P/E ": "18.67", "Forward P/E 1": "N/A", "PEG Ratio (5 yr expected) 1": "N/A", "Price/Sales (ttm)": "1.92", "Price/Book (mrq)": "4.39", "Enterprise Value/Revenue 3": "8.53", "Enterprise Value/EBITDA 7": "37.40"}, "4/30/2003": {"Duration": "4/30/2003", "Market Cap (intraday) 5": "1.51B", "Enterprise Value 3": "1.71B", "Trailing P/E ": "17.76", "Forward P/E 1": "N/A", "PEG Ratio (5 yr expected) 1": "N/A", "Price/Sales (ttm)": "1.82", "Price/Book (mrq)": "4.39", "Enterprise Value/Revenue 3": "8.42", "Enterprise Value/EBITDA 7": "52.47"}, "1/31/2003": {"Duration": "1/31/2003", "Market Cap (intraday) 5": "1.44B", "Enterprise Value 3": "1.64B", "Trailing P/E ": "18.95", "Forward P/E 1": "N/A", "PEG Ratio (5 yr expected) 1": "N/A", "Price/Sales (ttm)": "1.75", "Price/Book (mrq)": "4.08", "Enterprise Value/Revenue 3": "7.42", "Enterprise Value/EBITDA 7": "31.08"}, "10/31/2002": {"Duration": "10/31/2002", "Market Cap (intraday) 5": "1.35B", "Enterprise Value 3": "1.66B", "Trailing P/E ": "18.63", "Forward P/E 1": "N/A", "PEG Ratio (5 yr expected) 1": "N/A", "Price/Sales (ttm)": "1.68", "Price/Book (mrq)": "4.17", "Enterprise Value/Revenue 3": "7.43", "Enterprise Value/EBITDA 7": "30.92"}, "7/31/2002": {"Duration": "7/31/2002", "Market Cap (intraday) 5": "1.36B", "Enterprise Value 3": "1.64B", "Trailing P/E ": "23.93", "Forward P/E 1": "N/A", "PEG Ratio (5 yr expected) 1": "N/A", "Price/Sales (ttm)": "1.78", "Price/Book (mrq)": "4.58", "Enterprise Value/Revenue 3": "7.94", "Enterprise Value/EBITDA 7": "37.09"}, "4/30/2002": {"Duration": "4/30/2002", "Market Cap (intraday) 5": "1.64B", "Enterprise Value 3": "1.87B", "Trailing P/E ": "29.23", "Forward P/E 1": "N/A", "PEG Ratio (5 yr expected) 1": "N/A", "Price/Sales (ttm)": "2.28", "Price/Book (mrq)": "5.93", "Enterprise Value/Revenue 3": "9.87", "Enterprise Value/EBITDA 7": "199.91"}, "1/31/2002": {"Duration": "1/31/2002", "Market Cap (intraday) 5": "1.41B", "Enterprise Value 3": "1.59B", "Trailing P/E ": "21.65", "Forward P/E 1": "N/A", "PEG Ratio (5 yr expected) 1": "N/A", "Price/Sales (ttm)": "2.10", "Price/Book (mrq)": "5.13", "Enterprise Value/Revenue 3": "7.66", "Enterprise Value/EBITDA 7": "32.37"}, "10/31/2001": {"Duration": "10/31/2001", "Market Cap (intraday) 5": "1.24B", "Enterprise Value 3": "1.53B", "Trailing P/E ": "20.40", "Forward P/E 1": "N/A", "PEG Ratio (5 yr expected) 1": "N/A", "Price/Sales (ttm)": "1.98", "Price/Book (mrq)": "4.85", "Enterprise Value/Revenue 3": "8.68", "Enterprise Value/EBITDA 7": "34.23"}, "7/31/2001": {"Duration": "7/31/2001", "Market Cap (intraday) 5": "1.25B", "Enterprise Value 3": "1.33B", "Trailing P/E ": "20.82", "Forward P/E 1": "N/A", "PEG Ratio (5 yr expected) 1": "N/A", "Price/Sales (ttm)": "2.08", "Price/Book (mrq)": "5.20", "Enterprise Value/Revenue 3": "8.29", "Enterprise Value/EBITDA 7": "30.42"}, "4/30/2001": {"Duration": "4/30/2001", "Market Cap (intraday) 5": "1.13B", "Enterprise Value 3": "1.17B", "Trailing P/E ": "20.05", "Forward P/E 1": "N/A", "PEG Ratio (5 yr expected) 1": "N/A", "Price/Sales (ttm)": "1.92", "Price/Book (mrq)": "5.15", "Enterprise Value/Revenue 3": "8.11", "Enterprise Value/EBITDA 7": "48.30"}, "1/31/2001": {"Duration": "1/31/2001", "Market Cap (intraday) 5": "1.22B", "Enterprise Value 3": "1.24B", "Trailing P/E ": "21.52", "Forward P/E 1": "N/A", "PEG Ratio (5 yr expected) 1": "N/A", "Price/Sales (ttm)": "2.06", "Price/Book (mrq)": "5.62", "Enterprise Value/Revenue 3": "7.68", "Enterprise Value/EBITDA 7": "29.53"}, "10/31/2000": {"Duration": "10/31/2000", "Market Cap (intraday) 5": "1.25B", "Enterprise Value 3": "1.38B", "Trailing P/E ": "22.22", "Forward P/E 1": "N/A", "PEG Ratio (5 yr expected) 1": "N/A", "Price/Sales (ttm)": "2.12", "Price/Book (mrq)": "6.20", "Enterprise Value/Revenue 3": "8.78", "Enterprise Value/EBITDA 7": "27.01"}, "7/31/2000": {"Duration": "7/31/2000", "Market Cap (intraday) 5": "1.33B", "Enterprise Value 3": "1.45B", "Trailing P/E ": "25.14", "Forward P/E 1": "N/A", "PEG Ratio (5 yr expected) 1": "N/A", "Price/Sales (ttm)": "2.29", "Price/Book (mrq)": "7.16", "Enterprise Value/Revenue 3": "9.61", "Enterprise Value/EBITDA 7": "45.19"}, "4/30/2000": {"Duration": "4/30/2000", "Market Cap (intraday) 5": "1.05B", "Enterprise Value 3": "1.09B", "Trailing P/E ": "22.12", "Forward P/E 1": "N/A", "PEG Ratio (5 yr expected) 1": "N/A", "Price/Sales (ttm)": "1.97", "Price/Book (mrq)": "6.03", "Enterprise Value/Revenue 3": "7.31", "Enterprise Value/EBITDA 7": "20.12"}, "1/31/2000": {"Duration": "1/31/2000", "Market Cap (intraday) 5": "914.33M", "Enterprise Value 3": "957.23M", "Trailing P/E ": "19.23", "Forward P/E 1": "N/A", "PEG Ratio (5 yr expected) 1": "N/A", "Price/Sales (ttm)": "1.71", "Price/Book (mrq)": "5.26", "Enterprise Value/Revenue 3": "6.04", "Enterprise Value/EBITDA 7": "29.18"}, "10/31/1999": {"Duration": "10/31/1999", "Market Cap (intraday) 5": "1.04B", "Enterprise Value 3": "1.19B", "Trailing P/E ": "26.37", "Forward P/E 1": "N/A", "PEG Ratio (5 yr expected) 1": "N/A", "Price/Sales (ttm)": "2.14", "Price/Book (mrq)": "6.26", "Enterprise Value/Revenue 3": "7.93", "Enterprise Value/EBITDA 7": "40.53"}, "7/31/1999": {"Duration": "7/31/1999", "Market Cap (intraday) 5": "1.05B", "Enterprise Value 3": "1.02B", "Trailing P/E ": "28.12", "Forward P/E 1": "N/A", "PEG Ratio (5 yr expected) 1": "N/A", "Price/Sales (ttm)": "2.20", "Price/Book (mrq)": "6.45", "Enterprise Value/Revenue 3": "7.46", "Enterprise Value/EBITDA 7": "39.59"}, "4/30/1999": {"Duration": "4/30/1999", "Market Cap (intraday) 5": "1.26B", "Enterprise Value 3": "1.24B", "Trailing P/E ": "33.70", "Forward P/E 1": "N/A", "PEG Ratio (5 yr expected) 1": "N/A", "Price/Sales (ttm)": "2.63", "Price/Book (mrq)": "7.78", "Enterprise Value/Revenue 3": "9.92", "Enterprise Value/EBITDA 7": "28.51"}, "1/31/1999": {"Duration": "1/31/1999", "Market Cap (intraday) 5": "1.46B", "Enterprise Value 3": "1.51B", "Trailing P/E ": "35.95", "Forward P/E 1": "N/A", "PEG Ratio (5 yr expected) 1": "N/A", "Price/Sales (ttm)": "3.07", "Price/Book (mrq)": "8.85", "Enterprise Value/Revenue 3": "10.96", "Enterprise Value/EBITDA 7": "63.84"}, "10/31/1998": {"Duration": "10/31/1998", "Market Cap (intraday) 5": "1.16B", "Enterprise Value 3": "1.19B", "Trailing P/E ": "31.25", "Forward P/E 1": "N/A", "PEG Ratio (5 yr expected) 1": "N/A", "Price/Sales (ttm)": "2.56", "Price/Book (mrq)": "6.94", "Enterprise Value/Revenue 3": "9.62", "Enterprise Value/EBITDA 7": "67.54"}, "7/31/1998": {"Duration": "7/31/1998", "Market Cap (intraday) 5": "925.96M", "Enterprise Value 3": "956.16M", "Trailing P/E ": "24.73", "Forward P/E 1": "N/A", "PEG Ratio (5 yr expected) 1": "N/A", "Price/Sales (ttm)": "2.03", "Price/Book (mrq)": "5.55", "Enterprise Value/Revenue 3": "7.83", "Enterprise Value/EBITDA 7": "49.54"}, "4/30/1998": {"Duration": "4/30/1998", "Market Cap (intraday) 5": "885.91M", "Enterprise Value 3": "883.51M", "Trailing P/E ": "24.94", "Forward P/E 1": "N/A", "PEG Ratio (5 yr expected) 1": "N/A", "Price/Sales (ttm)": "1.95", "Price/Book (mrq)": "5.51", "Enterprise Value/Revenue 3": "7.70", "Enterprise Value/EBITDA 7": "23.25"}, "1/31/1998": {"Duration": "1/31/1998", "Market Cap (intraday) 5": "838.33M", "Enterprise Value 3": "925.03M", "Trailing P/E ": "37.41", "Forward P/E 1": "N/A", "PEG Ratio (5 yr expected) 1": "N/A", "Price/Sales (ttm)": "1.92", "Price/Book (mrq)": "5.99", "Enterprise Value/Revenue 3": "7.44", "Enterprise Value/EBITDA 7": "57.81"}, "10/31/1997": {"Duration": "10/31/1997", "Market Cap (intraday) 5": "700.52M", "Enterprise Value 3": "787.22M", "Trailing P/E ": "31.34", "Forward P/E 1": "N/A", "PEG Ratio (5 yr expected) 1": "N/A", "Price/Sales (ttm)": "1.61", "Price/Book (mrq)": "5.01", "Enterprise Value/Revenue 3": "6.79", "Enterprise Value/EBITDA 7": "62.98"}, "7/31/1997": {"Duration": "7/31/1997", "Market Cap (intraday) 5": "512.63M", "Enterprise Value 3": "587.83M", "Trailing P/E ": "24.34", "Forward P/E 1": "N/A", "PEG Ratio (5 yr expected) 1": "N/A", "Price/Sales (ttm)": "1.17", "Price/Book (mrq)": "3.78", "Enterprise Value/Revenue 3": "5.24", "Enterprise Value/EBITDA 7": "43.22"}, "4/30/1997": {"Duration": "4/30/1997", "Market Cap (intraday) 5": "479.34M", "Enterprise Value 3": "525.44M", "Trailing P/E ": "24.30", "Forward P/E 1": "N/A", "PEG Ratio (5 yr expected) 1": "N/A", "Price/Sales (ttm)": "1.14", "Price/Book (mrq)": "3.72", "Enterprise Value/Revenue 3": "4.88", "Enterprise Value/EBITDA 7": "134.73"}, "1/31/1997": {"Duration": "1/31/1997", "Market Cap (intraday) 5": "482.58M", "Enterprise Value 3": "516.48M", "Trailing P/E ": "23.55", "Forward P/E 1": "N/A", "PEG Ratio (5 yr expected) 1": "N/A", "Price/Sales (ttm)": "1.19", "Price/Book (mrq)": "3.89", "Enterprise Value/Revenue 3": "4.37", "Enterprise Value/EBITDA 7": "43.40"}, "10/31/1996": {"Duration": "10/31/1996", "Market Cap (intraday) 5": "503.74M", "Enterprise Value 3": "627.54M", "Trailing P/E ": "21.12", "Forward P/E 1": "N/A", "PEG Ratio (5 yr expected) 1": "N/A", "Price/Sales (ttm)": "1.28", "Price/Book (mrq)": "4.08", "Enterprise Value/Revenue 3": "5.86", "Enterprise Value/EBITDA 7": "87.16"}, "7/31/1996": {"Duration": "7/31/1996", "Market Cap (intraday) 5": "465.60M", "Enterprise Value 3": "563.90M", "Trailing P/E ": "19.38", "Forward P/E 1": "N/A", "PEG Ratio (5 yr expected) 1": "N/A", "Price/Sales (ttm)": "1.28", "Price/Book (mrq)": "3.73", "Enterprise Value/Revenue 3": "5.68", "Enterprise Value/EBITDA 7": "48.20"}, "4/30/1996": {"Duration": "4/30/1996", "Market Cap (intraday) 5": "556.28M", "Enterprise Value 3": "500.98M", "Trailing P/E ": "23.15", "Forward P/E 1": "N/A", "PEG Ratio (5 yr expected) 1": "N/A", "Price/Sales (ttm)": "1.58", "Price/Book (mrq)": "4.71", "Enterprise Value/Revenue 3": "5.54", "Enterprise Value/EBITDA 7": "135.40"}, "1/31/1996": {"Duration": "1/31/1996", "Market Cap (intraday) 5": "490.71M", "Enterprise Value 3": "426.01M", "Trailing P/E ": "21.71", "Forward P/E 1": "N/A", "PEG Ratio (5 yr expected) 1": "N/A", "Price/Sales (ttm)": "1.47", "Price/Book (mrq)": "4.26", "Enterprise Value/Revenue 3": "4.37", "Enterprise Value/EBITDA 7": "39.45"}, "10/31/1995": {"Duration": "10/31/1995", "Market Cap (intraday) 5": "478.68M", "Enterprise Value 3": "491.98M", "Trailing P/E ": "23.90", "Forward P/E 1": "N/A", "PEG Ratio (5 yr expected) 1": "N/A", "Price/Sales (ttm)": "1.42", "Price/Book (mrq)": "4.43", "Enterprise Value/Revenue 3": "5.67", "Enterprise Value/EBITDA 7": "69.29"}, "7/31/1995": {"Duration": "7/31/1995", "Market Cap (intraday) 5": "435.77M", "Enterprise Value 3": "446.77M", "Trailing P/E ": "23.70", "Forward P/E 1": "N/A", "PEG Ratio (5 yr expected) 1": "N/A", "Price/Sales (ttm)": "1.35", "Price/Book (mrq)": "4.16", "Enterprise Value/Revenue 3": "5.07", "Enterprise Value/EBITDA 7": "38.85"}, "4/30/1995": {"Duration": "4/30/1995", "Market Cap (intraday) 5": "445.70M", "Enterprise Value 3": "393.80M", "Trailing P/E ": "28.00", "Forward P/E 1": "N/A", "PEG Ratio (5 yr expected) 1": "N/A", "Price/Sales (ttm)": "1.41", "Price/Book (mrq)": "4.61", "Enterprise Value/Revenue 3": "4.93", "Enterprise Value/EBITDA 7": "656.34"}, "1/31/1995": {"Duration": "1/31/1995", "Market Cap (intraday) 5": "405.25M", "Enterprise Value 3": "353.35M", "Trailing P/E ": "25.50", "Forward P/E 1": "N/A", "PEG Ratio (5 yr expected) 1": "N/A", "Price/Sales (ttm)": "1.28", "Price/Book (mrq)": "4.20", "Enterprise Value/Revenue 3": "3.84", "Enterprise Value/EBITDA 7": "34.64"}, "10/31/1994": {"Duration": "10/31/1994", "Market Cap (intraday) 5": "347.35M", "Enterprise Value 3": "357.75M", "Trailing P/E ": "27.34", "Forward P/E 1": "N/A", "PEG Ratio (5 yr expected) 1": "N/A", "Price/Sales (ttm)": "1.16", "Price/Book (mrq)": "3.80", "Enterprise Value/Revenue 3": "4.55", "Enterprise Value/EBITDA 7": "63.88"}, "7/31/1994": {"Duration": "7/31/1994", "Market Cap (intraday) 5": "341.25M", "Enterprise Value 3": "315.85M", "Trailing P/E ": "28.29", "Forward P/E 1": "N/A", "PEG Ratio (5 yr expected) 1": "N/A", "Price/Sales (ttm)": "1.16", "Price/Book (mrq)": "4.15", "Enterprise Value/Revenue 3": "3.91", "Enterprise Value/EBITDA 7": "30.08"}, "4/30/1994": {"Duration": "4/30/1994", "Market Cap (intraday) 5": "338.62M", "Enterprise Value 3": "295.23M", "Trailing P/E ": "29.86", "Forward P/E 1": "N/A", "PEG Ratio (5 yr expected) 1": "N/A", "Price/Sales (ttm)": "1.18", "Price/Book (mrq)": "4.17", "Enterprise Value/Revenue 3": "4.07", "Enterprise Value/EBITDA 7": "-492.04"}, "1/31/1994": {"Duration": "1/31/1994", "Market Cap (intraday) 5": "298.34M", "Enterprise Value 3": "254.94M", "Trailing P/E ": "26.39", "Forward P/E 1": "N/A", "PEG Ratio (5 yr expected) 1": "N/A", "Price/Sales (ttm)": "1.04", "Price/Book (mrq)": "3.67", "Enterprise Value/Revenue 3": "3.21", "Enterprise Value/EBITDA 7": "34.92"}, "10/31/1993": {"Duration": "10/31/1993", "Market Cap (intraday) 5": "241.32M", "Enterprise Value 3": "253.52M", "Trailing P/E ": "24.41", "Forward P/E 1": "N/A", "PEG Ratio (5 yr expected) 1": "N/A", "Price/Sales (ttm)": "0.84", "Price/Book (mrq)": "3.25", "Enterprise Value/Revenue 3": "3.74", "Enterprise Value/EBITDA 7": "76.82"}, "7/31/1993": {"Duration": "7/31/1993", "Market Cap (intraday) 5": "167.96M", "Enterprise Value 3": "157.76M", "Trailing P/E ": "20.91", "Forward P/E 1": "N/A", "PEG Ratio (5 yr expected) 1": "N/A", "Price/Sales (ttm)": "0.59", "Price/Book (mrq)": "2.36", "Enterprise Value/Revenue 3": "2.11", "Enterprise Value/EBITDA 7": "17.73"}, "4/30/1993": {"Duration": "4/30/1993", "Market Cap (intraday) 5": "184.70M", "Enterprise Value 3": "174.50M", "Trailing P/E ": "23.08", "Forward P/E 1": "N/A", "PEG Ratio (5 yr expected) 1": "N/A", "Price/Sales (ttm)": "0.65", "Price/Book (mrq)": "2.59", "Enterprise Value/Revenue 3": "2.67", "Enterprise Value/EBITDA 7": "-96.95"}, "1/31/1993": {"Duration": "1/31/1993", "Market Cap (intraday) 5": "193.87M", "Enterprise Value 3": "215.07M", "Trailing P/E ": "31.72", "Forward P/E 1": "N/A", "PEG Ratio (5 yr expected) 1": "N/A", "Price/Sales (ttm)": "0.71", "Price/Book (mrq)": "2.83", "Enterprise Value/Revenue 3": "2.90", "Enterprise Value/EBITDA 7": "36.45"}, "10/31/1992": {"Duration": "10/31/1992", "Market Cap (intraday) 5": "171.90M", "Enterprise Value 3": "194.80M", "Trailing P/E ": "40.18", "Forward P/E 1": "N/A", "PEG Ratio (5 yr expected) 1": "N/A", "Price/Sales (ttm)": "0.68", "Price/Book (mrq)": "2.34", "Enterprise Value/Revenue 3": "3.10", "Enterprise Value/EBITDA 7": "84.70"}, "7/31/1992": {"Duration": "7/31/1992", "Market Cap (intraday) 5": "153.12M", "Enterprise Value 3": "176.02M", "Trailing P/E ": "35.94", "Forward P/E 1": "N/A", "PEG Ratio (5 yr expected) 1": "N/A", "Price/Sales (ttm)": "0.61", "Price/Book (mrq)": "2.08", "Enterprise Value/Revenue 3": "2.50", "Enterprise Value/EBITDA 7": "26.67"}, "4/30/1992": {"Duration": "4/30/1992", "Market Cap (intraday) 5": "153.52M", "Enterprise Value 3": "153.62M", "Trailing P/E ": "41.93", "Forward P/E 1": "N/A", "PEG Ratio (5 yr expected) 1": "N/A", "Price/Sales (ttm)": "0.63", "Price/Book (mrq)": "2.21", "Enterprise Value/Revenue 3": "2.53", "Enterprise Value/EBITDA 7": "-76.81"}, "1/31/1992": {"Duration": "1/31/1992", "Market Cap (intraday) 5": "140.90M", "Enterprise Value 3": "130.60M", "Trailing P/E ": "46.25", "Forward P/E 1": "N/A", "PEG Ratio (5 yr expected) 1": "N/A", "Price/Sales (ttm)": "0.43", "Price/Book (mrq)": "1.98", "Enterprise Value/Revenue 3": "1.97", "Enterprise Value/EBITDA 7": "39.57"}, "10/31/1991": {"Duration": "10/31/1991", "Market Cap (intraday) 5": "127.45M", "Enterprise Value 3": "157.35M", "Trailing P/E ": "34.90", "Forward P/E 1": "N/A", "PEG Ratio (5 yr expected) 1": "N/A", "Price/Sales (ttm)": "0.59", "Price/Book (mrq)": "1.80", "Enterprise Value/Revenue 3": "2.67", "Enterprise Value/EBITDA 7": "1.57k"}, "7/31/1991": {"Duration": "7/31/1991", "Market Cap (intraday) 5": "140.64M", "Enterprise Value 3": "161.04M", "Trailing P/E ": "28.91", "Forward P/E 1": "N/A", "PEG Ratio (5 yr expected) 1": "N/A", "Price/Sales (ttm)": "0.57", "Price/Book (mrq)": "1.98", "Enterprise Value/Revenue 3": "2.59", "Enterprise Value/EBITDA 7": "31.58"}, "4/30/1991": {"Duration": "4/30/1991", "Market Cap (intraday) 5": "158.42M", "Enterprise Value 3": "132.32M", "Trailing P/E ": "37.50", "Forward P/E 1": "N/A", "PEG Ratio (5 yr expected) 1": "N/A", "Price/Sales (ttm)": "0.56", "Price/Book (mrq)": "1.67", "Enterprise Value/Revenue 3": "2.52", "Enterprise Value/EBITDA 7": "-45.63"}, "1/31/1991": {"Duration": "1/31/1991", "Market Cap (intraday) 5": "132.01M", "Enterprise Value 3": "117.72M", "Trailing P/E ": "26.79", "Forward P/E 1": "N/A", "PEG Ratio (5 yr expected) 1": "N/A", "Price/Sales (ttm)": "0.60", "Price/Book (mrq)": "1.37", "Enterprise Value/Revenue 3": "1.85", "Enterprise Value/EBITDA 7": "42.04"}, "10/31/1990": {"Duration": "10/31/1990", "Market Cap (intraday) 5": "118.61M", "Enterprise Value 3": "132.51M", "Trailing P/E ": "33.75", "Forward P/E 1": "N/A", "PEG Ratio (5 yr expected) 1": "N/A", "Price/Sales (ttm)": "0.42", "Price/Book (mrq)": "1.23", "Enterprise Value/Revenue 3": "1.88", "Enterprise Value/EBITDA 7": "-189.30"}, "7/31/1990": {"Duration": "7/31/1990", "Market Cap (intraday) 5": "184.51M", "Enterprise Value 3": "214.91M", "Trailing P/E ": "65.62", "Forward P/E 1": "N/A", "PEG Ratio (5 yr expected) 1": "N/A", "Price/Sales (ttm)": "0.65", "Price/Book (mrq)": "1.89", "Enterprise Value/Revenue 3": "2.85", "Enterprise Value/EBITDA 7": "42.14"}, "4/30/1990": {"Duration": "4/30/1990", "Market Cap (intraday) 5": "173.43M", "Enterprise Value 3": "180.23M", "Trailing P/E ": "61.72", "Forward P/E 1": "N/A", "PEG Ratio (5 yr expected) 1": "N/A", "Price/Sales (ttm)": "0.59", "Price/Book (mrq)": "1.85", "Enterprise Value/Revenue 3": "2.62", "Enterprise Value/EBITDA 7": "-600.76"}, "1/31/1990": {"Duration": "1/31/1990", "Market Cap (intraday) 5": "215.04M", "Enterprise Value 3": "211.04M", "Trailing P/E ": "76.56", "Forward P/E 1": "N/A", "PEG Ratio (5 yr expected) 1": "N/A", "Price/Sales (ttm)": "0.79", "Price/Book (mrq)": "2.25", "Enterprise Value/Revenue 3": "2.87", "Enterprise Value/EBITDA 7": "63.95"}, "10/31/1989": {"Duration": "10/31/1989", "Market Cap (intraday) 5": "278.32M", "Enterprise Value 3": "310.12M", "Trailing P/E ": "99.22", "Forward P/E 1": "N/A", "PEG Ratio (5 yr expected) 1": "N/A", "Price/Sales (ttm)": "1.04", "Price/Book (mrq)": "2.95", "Enterprise Value/Revenue 3": "4.70", "Enterprise Value/EBITDA 7": "516.87"}, "7/31/1989": {"Duration": "7/31/1989", "Market Cap (intraday) 5": "258.30M", "Enterprise Value 3": "319.90M", "Trailing P/E ": "92.19", "Forward P/E 1": "N/A", "PEG Ratio (5 yr expected) 1": "N/A", "Price/Sales (ttm)": "0.97", "Price/Book (mrq)": "2.69", "Enterprise Value/Revenue 3": "4.36", "Enterprise Value/EBITDA 7": "63.98"}, "4/30/1989": {"Duration": "4/30/1989", "Market Cap (intraday) 5": "276.31M", "Enterprise Value 3": "311.31M", "Trailing P/E ": "99.61", "Forward P/E 1": "N/A", "PEG Ratio (5 yr expected) 1": "N/A", "Price/Sales (ttm)": "0.81", "Price/Book (mrq)": "2.91", "Enterprise Value/Revenue 3": "5.28", "Enterprise Value/EBITDA 7": "-1.66"}, "1/31/1989": {"Duration": "1/31/1989", "Market Cap (intraday) 5": "160.93M", "Enterprise Value 3": "195.93M", "Trailing P/E ": "75.78", "Forward P/E 1": "N/A", "PEG Ratio (5 yr expected) 1": "N/A", "Price/Sales (ttm)": "0.62", "Price/Book (mrq)": "1.69", "Enterprise Value/Revenue 3": "2.81", "Enterprise Value/EBITDA 7": "2.81"}, "10/31/1988": {"Duration": "10/31/1988", "Market Cap (intraday) 5": "180.81M", "Enterprise Value 3": "215.81M", "Trailing P/E ": "43.75", "Forward P/E 1": "N/A", "PEG Ratio (5 yr expected) 1": "N/A", "Price/Sales (ttm)": "0.71", "Price/Book (mrq)": "1.90", "Enterprise Value/Revenue 3": "3.43", "Enterprise Value/EBITDA 7": "3.43"}, "7/31/1988": {"Duration": "7/31/1988", "Market Cap (intraday) 5": "163.17M", "Enterprise Value 3": "198.17M", "Trailing P/E ": "33.93", "Forward P/E 1": "N/A", "PEG Ratio (5 yr expected) 1": "N/A", "Price/Sales (ttm)": "0.67", "Price/Book (mrq)": "1.72", "Enterprise Value/Revenue 3": "2.94", "Enterprise Value/EBITDA 7": "2.94"}, "4/30/1988": {"Duration": "4/30/1988", "Market Cap (intraday) 5": "161.33M", "Enterprise Value 3": "191.73M", "Trailing P/E ": "58.59", "Forward P/E 1": "N/A", "PEG Ratio (5 yr expected) 1": "N/A", "Price/Sales (ttm)": "0.51", "Price/Book (mrq)": "1.75", "Enterprise Value/Revenue 3": "3.13", "Enterprise Value/EBITDA 7": "-1.17"}, "1/31/1988": {"Duration": "1/31/1988", "Market Cap (intraday) 5": "84.96M", "Enterprise Value 3": "115.36M", "Trailing P/E ": "41.41", "Forward P/E 1": "N/A", "PEG Ratio (5 yr expected) 1": "N/A", "Price/Sales (ttm)": "0.37", "Price/Book (mrq)": "0.92", "Enterprise Value/Revenue 3": "1.82", "Enterprise Value/EBITDA 7": "1.82"}, "10/31/1987": {"Duration": "10/31/1987", "Market Cap (intraday) 5": "80.15M", "Enterprise Value 3": "110.55M", "Trailing P/E ": "26.04", "Forward P/E 1": "N/A", "PEG Ratio (5 yr expected) 1": "N/A", "Price/Sales (ttm)": "0.35", "Price/Book (mrq)": "0.87", "Enterprise Value/Revenue 3": "2.00", "Enterprise Value/EBITDA 7": "2.00"}, "7/31/1987": {"Duration": "7/31/1987", "Market Cap (intraday) 5": "141.06M", "Enterprise Value 3": "171.46M", "Trailing P/E ": "45.83", "Forward P/E 1": "N/A", "PEG Ratio (5 yr expected) 1": "N/A", "Price/Sales (ttm)": "0.61", "Price/Book (mrq)": "1.53", "Enterprise Value/Revenue 3": "2.89", "Enterprise Value/EBITDA 7": "2.89"}, "4/30/1987": {"Duration": "4/30/1987", "Market Cap (intraday) 5": "167.47M", "Enterprise Value 3": "197.87M", "Trailing P/E ": "30.47", "Forward P/E 1": "N/A", "PEG Ratio (5 yr expected) 1": "N/A", "Price/Sales (ttm)": "0.67", "Price/Book (mrq)": "1.81", "Enterprise Value/Revenue 3": "3.36", "Enterprise Value/EBITDA 7": "-1.31"}, "1/31/1987": {"Duration": "1/31/1987", "Market Cap (intraday) 5": "111.01M", "Enterprise Value 3": "147.51M", "Trailing P/E ": "14.43", "Forward P/E 1": "N/A", "PEG Ratio (5 yr expected) 1": "N/A", "Price/Sales (ttm)": "0.51", "Price/Book (mrq)": "1.23", "Enterprise Value/Revenue 3": "2.53", "Enterprise Value/EBITDA 7": "2.53"}, "10/31/1986": {"Duration": "10/31/1986", "Market Cap (intraday) 5": "115.42M", "Enterprise Value 3": "151.92M", "Trailing P/E ": "15.00", "Forward P/E 1": "N/A", "PEG Ratio (5 yr expected) 1": "N/A", "Price/Sales (ttm)": "0.53", "Price/Book (mrq)": "1.28", "Enterprise Value/Revenue 3": "2.80", "Enterprise Value/EBITDA 7": "2.80"}, "7/31/1986": {"Duration": "7/31/1986", "Market Cap (intraday) 5": "105.00M", "Enterprise Value 3": "141.50M", "Trailing P/E ": "17.06", "Forward P/E 1": "N/A", "PEG Ratio (5 yr expected) 1": "N/A", "Price/Sales (ttm)": "0.49", "Price/Book (mrq)": "1.17", "Enterprise Value/Revenue 3": "2.48", "Enterprise Value/EBITDA 7": "2.48"}, "4/30/1986": {"Duration": "4/30/1986", "Market Cap (intraday) 5": "151.66M", "Enterprise Value 3": "188.16M", "Trailing P/E ": "18.49", "Forward P/E 1": "N/A", "PEG Ratio (5 yr expected) 1": "N/A", "Price/Sales (ttm)": "0.66", "Price/Book (mrq)": "1.69", "Enterprise Value/Revenue 3": "3.64", "Enterprise Value/EBITDA 7": "-1.29"}, "1/31/1986": {"Duration": "1/31/1986", "Market Cap (intraday) 5": "113.04M", "Enterprise Value 3": "139.74M", "Trailing P/E ": "16.07", "Forward P/E 1": "N/A", "PEG Ratio (5 yr expected) 1": "N/A", "Price/Sales (ttm)": "0.54", "Price/Book (mrq)": "1.33", "Enterprise Value/Revenue 3": "2.48", "Enterprise Value/EBITDA 7": "2.48"}, "10/31/1985": {"Duration": "10/31/1985", "Market Cap (intraday) 5": "108.33M", "Enterprise Value 3": "135.03M", "Trailing P/E ": "17.97", "Forward P/E 1": "N/A", "PEG Ratio (5 yr expected) 1": "N/A", "Price/Sales (ttm)": "0.52", "Price/Book (mrq)": "1.28", "Enterprise Value/Revenue 3": "2.73", "Enterprise Value/EBITDA 7": "2.73"}}}}, {"PEDH": {"quote": {"05/11/2021": {"value": "0.1404", "Market Cap": "1.116M", "Beta (5Y Monthly)": "1.19", "PE Ratio (TTM)": "N/A", "EPS (TTM)": "-2.0900", "Earnings Date": "N/A", "Forward Dividend & Yield": "N/A (N/A)", "Ex-Dividend Date": "N/A", "1y Target Est": "4.25"}}, "fin": {"TTM": {"Duration": "TTM", "Total Revenue": "25,649", "Cost of Revenue": "20,638", "Gross Profit": "5,011", "Operating Expense": "12,323", "Operating Income": "-7,312", "Net Non Operating Interest Income Expense": "-313", "Other Income Expense": "-72", "Pretax Income": "-7,697", "Tax Provision": "1,637", "Net Income Common Stockholders": "-9,334", "Diluted NI Available to Com Stockholders": "-9,334", "Basic EPS": "-", "Diluted EPS": "-", "Basic Average Shares": "-", "Diluted Average Shares": "-", "Total Operating Income as Reported": "-7,312", "Total Expenses": "32,961", "Net Income from Continuing & Discontinued Operation": "-9,334", "Normalized Income": "-9,277", "Interest Income": "-", "Interest Expense": "313", "Net Interest Income": "-313", "EBIT": "-7,384", "EBITDA": "314", "Reconciled Cost of Revenue": "20,638", "Reconciled Depreciation": "7,698", "Net Income from Continuing Operation Net Minority Interest": "-9,334", "Total Unusual Items Excluding Goodwill": "-72", "Total Unusual Items": "-72", "Normalized EBITDA": "386", "Tax Rate for Calcs": "0", "Tax Effect of Unusual Items": "-15.313"}, "5/31/2012": {"Duration": "5/31/2012", "Total Revenue": "25,649", "Cost of Revenue": "20,638", "Gross Profit": "5,011", "Operating Expense": "12,323", "Operating Income": "-7,312", "Net Non Operating Interest Income Expense": "-313", "Other Income Expense": "-72", "Pretax Income": "-7,697", "Tax Provision": "1,637", "Net Income Common Stockholders": "-9,334", "Diluted NI Available to Com Stockholders": "-9,334", "Basic EPS": "-", "Diluted EPS": "-", "Basic Average Shares": "-", "Diluted Average Shares": "-", "Total Operating Income as Reported": "-7,312", "Total Expenses": "32,961", "Net Income from Continuing & Discontinued Operation": "-9,334", "Normalized Income": "-9,277", "Interest Income": "-", "Interest Expense": "313", "Net Interest Income": "-313", "EBIT": "-7,384", "EBITDA": "-", "Reconciled Cost of Revenue": "20,638", "Reconciled Depreciation": "7,698", "Net Income from Continuing Operation Net Minority Interest": "-9,334", "Total Unusual Items Excluding Goodwill": "-72", "Total Unusual Items": "-72", "Normalized EBITDA": "386", "Tax Rate for Calcs": "0", "Tax Effect of Unusual Items": "-15.313"}, "5/31/2011": {"Duration": "5/31/2011", "Total Revenue": "31,270", "Cost of Revenue": "18,503", "Gross Profit": "12,767", "Operating Expense": "13,263", "Operating Income": "-496", "Net Non Operating Interest Income Expense": "-306", "Other Income Expense": "-71", "Pretax Income": "-873", "Tax Provision": "-327", "Net Income Common Stockholders": "-546", "Diluted NI Available to Com Stockholders": "-546", "Basic EPS": "-0.12", "Diluted EPS": "-0.12", "Basic Average Shares": "4,465", "Diluted Average Shares": "4,465", "Total Operating Income as Reported": "-496", "Total Expenses": "31,766", "Net Income from Continuing & Discontinued Operation": "-546", "Normalized Income": "-501.5945", "Interest Income": "-", "Interest Expense": "306", "Net Interest Income": "-306", "EBIT": "-567", "EBITDA": "-", "Reconciled Cost of Revenue": "18,503", "Reconciled Depreciation": "5,545", "Net Income from Continuing Operation Net Minority Interest": "-546", "Total Unusual Items Excluding Goodwill": "-71", "Total Unusual Items": "-71", "Normalized EBITDA": "5,049", "Tax Rate for Calcs": "0", "Tax Effect of Unusual Items": "-26.5945"}, "5/31/2010": {"Duration": "5/31/2010", "Total Revenue": "34,915", "Cost of Revenue": "20,365", "Gross Profit": "14,550", "Operating Expense": "13,819", "Operating Income": "731", "Net Non Operating Interest Income Expense": "-277", "Other Income Expense": "-37", "Pretax Income": "417", "Tax Provision": "166", "Net Income Common Stockholders": "251", "Diluted NI Available to Com Stockholders": "251", "Basic EPS": "0.06", "Diluted EPS": "0.06", "Basic Average Shares": "4,462", "Diluted Average Shares": "4,465", "Total Operating Income as Reported": "731", "Total Expenses": "34,184", "Net Income from Continuing & Discontinued Operation": "251", "Normalized Income": "273.271", "Interest Income": "-", "Interest Expense": "277", "Net Interest Income": "-277", "EBIT": "694", "EBITDA": "-", "Reconciled Cost of Revenue": "20,365", "Reconciled Depreciation": "5,623", "Net Income from Continuing Operation Net Minority Interest": "251", "Total Unusual Items Excluding Goodwill": "-37", "Total Unusual Items": "-37", "Normalized EBITDA": "6,354", "Tax Rate for Calcs": "0", "Tax Effect of Unusual Items": "-14.729"}, "5/31/2009": {"Duration": "5/31/2009", "Total Revenue": "36,867", "Cost of Revenue": "22,934", "Gross Profit": "13,933", "Operating Expense": "13,818", "Operating Income": "115", "Net Non Operating Interest Income Expense": "-677", "Other Income Expense": "-115", "Pretax Income": "-677", "Tax Provision": "434", "Net Income Common Stockholders": "-1,111", "Diluted NI Available to Com Stockholders": "-1,111", "Basic EPS": "-0.25", "Diluted EPS": "-0.25", "Basic Average Shares": "4,457", "Diluted Average Shares": "4,457", "Total Operating Income as Reported": "115", "Total Expenses": "36,752", "Net Income from Continuing & Discontinued Operation": "-1,111", "Normalized Income": "-1,036", "Interest Income": "-", "Interest Expense": "677", "Net Interest Income": "-677", "EBIT": "0", "EBITDA": "-", "Reconciled Cost of Revenue": "22,934", "Reconciled Depreciation": "6,875", "Net Income from Continuing Operation Net Minority Interest": "-1,111", "Total Unusual Items Excluding Goodwill": "-115", "Total Unusual Items": "-115", "Normalized EBITDA": "6,990", "Tax Rate for Calcs": "0", "Tax Effect of Unusual Items": "-40.25"}, "5/31/2008": {"Duration": "5/31/2008", "Total Revenue": "39,989", "Cost of Revenue": "23,960", "Gross Profit": "16,029", "Operating Expense": "15,958", "Operating Income": "71", "Net Non Operating Interest Income Expense": "-", "Other Income Expense": "-95", "Pretax Income": "-1,311", "Tax Provision": "-537", "Net Income Common Stockholders": "-774", "Diluted NI Available to Com Stockholders": "-774", "Basic EPS": "-0.17", "Diluted EPS": "-0.17", "Basic Average Shares": "4,445", "Diluted Average Shares": "4,445", "Total Operating Income as Reported": "71", "Total Expenses": "39,918", "Net Income from Continuing & Discontinued Operation": "-774", "Normalized Income": "-712.25", "Interest Income": "-", "Interest Expense": "1,287", "Net Interest Income": "-1,287", "EBIT": "71", "EBITDA": "-", "Reconciled Cost of Revenue": "23,960", "Reconciled Depreciation": "7,040", "Net Income from Continuing Operation Net Minority Interest": "-774", "Total Unusual Items Excluding Goodwill": "-95", "Total Unusual Items": "-95", "Normalized EBITDA": "7,206", "Tax Rate for Calcs": "0", "Tax Effect of Unusual Items": "-33.25"}, "5/31/2007": {"Duration": "5/31/2007", "Total Revenue": "38,702", "Cost of Revenue": "21,860", "Gross Profit": "16,842", "Operating Expense": "16,161", "Operating Income": "681", "Net Non Operating Interest Income Expense": "-", "Other Income Expense": "-43", "Pretax Income": "-491", "Tax Provision": "-215", "Net Income Common Stockholders": "-276", "Diluted NI Available to Com Stockholders": "-276", "Basic EPS": "-0.06", "Diluted EPS": "-0.06", "Basic Average Shares": "4,429", "Diluted Average Shares": "4,429", "Total Operating Income as Reported": "681", "Total Expenses": "38,021", "Net Income from Continuing & Discontinued Operation": "-276", "Normalized Income": "-248.05", "Interest Income": "-", "Interest Expense": "1,129", "Net Interest Income": "-1,129", "EBIT": "681", "EBITDA": "-", "Reconciled Cost of Revenue": "21,860", "Reconciled Depreciation": "6,290", "Net Income from Continuing Operation Net Minority Interest": "-276", "Total Unusual Items Excluding Goodwill": "-43", "Total Unusual Items": "-43", "Normalized EBITDA": "7,014", "Tax Rate for Calcs": "0", "Tax Effect of Unusual Items": "-15.05"}, "12/31/2005": {"Duration": "12/31/2005", "Total Revenue": "35,454", "Cost of Revenue": "24,778", "Gross Profit": "10,676", "Operating Expense": "15,229", "Operating Income": "-4,553", "Net Non Operating Interest Income Expense": "-", "Other Income Expense": "-46.285", "Pretax Income": "-5,010", "Tax Provision": "-1,854", "Net Income Common Stockholders": "-3,156", "Diluted NI Available to Com Stockholders": "-3,156", "Basic EPS": "-0.76", "Diluted EPS": "-0.76", "Basic Average Shares": "4,138", "Diluted Average Shares": "4,138", "Total Operating Income as Reported": "-4,553", "Total Expenses": "40,007", "Net Income from Continuing & Discontinued Operation": "-3,156", "Normalized Income": "-3,127", "Interest Income": "-", "Interest Expense": "411.315", "Net Interest Income": "-411.315", "EBIT": "-4,553", "EBITDA": "-", "Reconciled Cost of Revenue": "24,778", "Reconciled Depreciation": "5,545", "Net Income from Continuing Operation Net Minority Interest": "-3,156", "Total Unusual Items Excluding Goodwill": "-46.285", "Total Unusual Items": "-46.285", "Normalized EBITDA": "1,038", "Tax Rate for Calcs": "0", "Tax Effect of Unusual Items": "-17.1262"}, "12/31/2004": {"Duration": "12/31/2004", "Total Revenue": "32,487", "Cost of Revenue": "17,302", "Gross Profit": "15,185", "Operating Expense": "12,785", "Operating Income": "2,400", "Net Non Operating Interest Income Expense": "-", "Other Income Expense": "-21.95", "Pretax Income": "2,288", "Tax Provision": "878", "Net Income Common Stockholders": "1,410", "Diluted NI Available to Com Stockholders": "1,410", "Basic EPS": "0.37", "Diluted EPS": "0.34", "Basic Average Shares": "3,809", "Diluted Average Shares": "4,209", "Total Operating Income as Reported": "2,400", "Total Expenses": "30,087", "Net Income from Continuing & Discontinued Operation": "1,410", "Normalized Income": "1,424", "Interest Income": "-", "Interest Expense": "89.572", "Net Interest Income": "-89.572", "EBIT": "2,400", "EBITDA": "-", "Reconciled Cost of Revenue": "17,302", "Reconciled Depreciation": "3,602", "Net Income from Continuing Operation Net Minority Interest": "1,410", "Total Unusual Items Excluding Goodwill": "-21.95", "Total Unusual Items": "-21.95", "Normalized EBITDA": "6,024", "Tax Rate for Calcs": "0", "Tax Effect of Unusual Items": "-8.4216"}, "12/31/2003": {"Duration": "12/31/2003", "Total Revenue": "27,815", "Cost of Revenue": "15,294", "Gross Profit": "12,521", "Operating Expense": "10,441", "Operating Income": "2,079", "Net Non Operating Interest Income Expense": "-", "Other Income Expense": "-8.285", "Pretax Income": "1,961", "Tax Provision": "743", "Net Income Common Stockholders": "1,218", "Diluted NI Available to Com Stockholders": "1,218", "Basic EPS": "0.35", "Diluted EPS": "0.34", "Basic Average Shares": "3,520", "Diluted Average Shares": "3,621", "Total Operating Income as Reported": "2,079", "Total Expenses": "25,735", "Net Income from Continuing & Discontinued Operation": "1,218", "Normalized Income": "1,223", "Interest Income": "-", "Interest Expense": "-", "Net Interest Income": "-109.709", "EBIT": "2,079", "EBITDA": "-", "Reconciled Cost of Revenue": "15,294", "Reconciled Depreciation": "2,432", "Net Income from Continuing Operation Net Minority Interest": "1,218", "Total Unusual Items Excluding Goodwill": "-8.285", "Total Unusual Items": "-8.285", "Normalized EBITDA": "4,519", "Tax Rate for Calcs": "0", "Tax Effect of Unusual Items": "-3.1387"}, "12/31/2002": {"Duration": "12/31/2002", "Total Revenue": "18,825", "Cost of Revenue": "11,059", "Gross Profit": "7,767", "Operating Expense": "6,739", "Operating Income": "1,027", "Net Non Operating Interest Income Expense": "-", "Other Income Expense": "-6.788", "Pretax Income": "924.182", "Tax Provision": "349", "Net Income Common Stockholders": "575.182", "Diluted NI Available to Com Stockholders": "575.182", "Basic EPS": "0.18", "Diluted EPS": "0.17", "Basic Average Shares": "3,217", "Diluted Average Shares": "3,303", "Total Operating Income as Reported": "1,027", "Total Expenses": "17,798", "Net Income from Continuing & Discontinued Operation": "575.182", "Normalized Income": "579.4066", "Interest Income": "-", "Interest Expense": "-", "Net Interest Income": "-96.235", "EBIT": "1,027", "EBITDA": "-", "Reconciled Cost of Revenue": "11,059", "Reconciled Depreciation": "159.864", "Net Income from Continuing Operation Net Minority Interest": "575.182", "Total Unusual Items Excluding Goodwill": "-6.788", "Total Unusual Items": "-6.788", "Normalized EBITDA": "1,194", "Tax Rate for Calcs": "0", "Tax Effect of Unusual Items": "-2.5634"}, "12/31/2001": {"Duration": "12/31/2001", "Total Revenue": "15,755", "Cost of Revenue": "9,059", "Gross Profit": "6,697", "Operating Expense": "5,454", "Operating Income": "1,243", "Net Non Operating Interest Income Expense": "-", "Other Income Expense": "0", "Pretax Income": "1,150", "Tax Provision": "445", "Net Income Common Stockholders": "705.4", "Diluted NI Available to Com Stockholders": "705.4", "Basic EPS": "0.22", "Diluted EPS": "0.22", "Basic Average Shares": "3,212", "Diluted Average Shares": "3,259", "Total Operating Income as Reported": "1,243", "Total Expenses": "14,513", "Net Income from Continuing & Discontinued Operation": "705.4", "Normalized Income": "705.4", "Interest Income": "0.38", "Interest Expense": "92.494", "Net Interest Income": "-92.114", "EBIT": "1,243", "EBITDA": "-", "Reconciled Cost of Revenue": "9,059", "Reconciled Depreciation": "848.182", "Net Income from Continuing Operation Net Minority Interest": "705.4", "Total Unusual Items Excluding Goodwill": "0", "Total Unusual Items": "0", "Normalized EBITDA": "2,091", "Tax Rate for Calcs": "0", "Tax Effect of Unusual Items": "0"}, "12/31/2000": {"Duration": "12/31/2000", "Total Revenue": "13,806", "Cost of Revenue": "8,746", "Gross Profit": "5,060", "Operating Expense": "4,100", "Operating Income": "959.827", "Net Non Operating Interest Income Expense": "-", "Other Income Expense": "0", "Pretax Income": "897.998", "Tax Provision": "279", "Net Income Common Stockholders": "618.998", "Diluted NI Available to Com Stockholders": "618.998", "Basic EPS": "0.20", "Diluted EPS": "0.19", "Basic Average Shares": "3,168", "Diluted Average Shares": "3,209", "Total Operating Income as Reported": "959.827", "Total Expenses": "12,846", "Net Income from Continuing & Discontinued Operation": "618.998", "Normalized Income": "618.998", "Interest Income": "6.765", "Interest Expense": "68.594", "Net Interest Income": "-61.829", "EBIT": "959.827", "EBITDA": "-", "Reconciled Cost of Revenue": "8,746", "Reconciled Depreciation": "510.547", "Net Income from Continuing Operation Net Minority Interest": "618.998", "Total Unusual Items Excluding Goodwill": "0", "Total Unusual Items": "0", "Normalized EBITDA": "1,470", "Tax Rate for Calcs": "0", "Tax Effect of Unusual Items": "0"}, "12/31/1999": {"Duration": "12/31/1999", "Total Revenue": "9,598", "Cost of Revenue": "6,066", "Gross Profit": "3,531", "Operating Expense": "3,006", "Operating Income": "525.186", "Net Non Operating Interest Income Expense": "-", "Other Income Expense": "0.5", "Pretax Income": "512.232", "Tax Provision": "212", "Net Income Common Stockholders": "204.391", "Diluted NI Available to Com Stockholders": "204.391", "Basic EPS": "0.25", "Diluted EPS": "0.22", "Basic Average Shares": "823.262", "Diluted Average Shares": "1,356", "Total Operating Income as Reported": "525.186", "Total Expenses": "9,073", "Net Income from Continuing & Discontinued Operation": "300.232", "Normalized Income": "299.732", "Interest Income": "-", "Interest Expense": "-", "Net Interest Income": "-", "EBIT": "525.186", "EBITDA": "-", "Reconciled Cost of Revenue": "6,066", "Reconciled Depreciation": "375.397", "Net Income from Continuing Operation Net Minority Interest": "300.232", "Total Unusual Items Excluding Goodwill": "0.5", "Total Unusual Items": "0.5", "Normalized EBITDA": "900.083", "Tax Rate for Calcs": "0", "Tax Effect of Unusual Items": "0"}, "12/31/1998": {"Duration": "12/31/1998", "Total Revenue": "6,164", "Cost of Revenue": "3,171", "Gross Profit": "2,993", "Operating Expense": "2,446", "Operating Income": "547.005", "Net Non Operating Interest Income Expense": "-", "Other Income Expense": "-6.926", "Pretax Income": "558.748", "Tax Provision": "242.61", "Net Income Common Stockholders": "220.297", "Diluted NI Available to Com Stockholders": "220.297", "Basic EPS": "0.36", "Diluted EPS": "0.12", "Basic Average Shares": "614.949", "Diluted Average Shares": "2,744", "Total Operating Income as Reported": "547.005", "Total Expenses": "5,617", "Net Income from Continuing & Discontinued Operation": "316.138", "Normalized Income": "323.064", "Interest Income": "34.114", "Interest Expense": "15.445", "Net Interest Income": "18.669", "EBIT": "547.005", "EBITDA": "-", "Reconciled Cost of Revenue": "3,171", "Reconciled Depreciation": "259.566", "Net Income from Continuing Operation Net Minority Interest": "316.138", "Total Unusual Items Excluding Goodwill": "-6.926", "Total Unusual Items": "-6.926", "Normalized EBITDA": "813.497", "Tax Rate for Calcs": "0", "Tax Effect of Unusual Items": "0"}, "12/31/1997": {"Duration": "12/31/1997", "Total Revenue": "175.783", "Cost of Revenue": "99.805", "Gross Profit": "75.978", "Operating Expense": "92.047", "Operating Income": "-16.069", "Net Non Operating Interest Income Expense": "-", "Other Income Expense": "-0.1", "Pretax Income": "-", "Tax Provision": "-", "Net Income Common Stockholders": "-16.169", "Diluted NI Available to Com Stockholders": "-16.169", "Basic EPS": "-0.20", "Diluted EPS": "-0.20", "Basic Average Shares": "135.23", "Diluted Average Shares": "135.23", "Total Operating Income as Reported": "-16.069", "Total Expenses": "191.852", "Net Income from Continuing & Discontinued Operation": "-16.169", "Normalized Income": "-16.069", "Interest Income": "-", "Interest Expense": "-", "Net Interest Income": "-", "EBIT": "-16.069", "EBITDA": "-", "Reconciled Cost of Revenue": "99.805", "Reconciled Depreciation": "1.169", "Net Income from Continuing Operation Net Minority Interest": "-16.169", "Total Unusual Items Excluding Goodwill": "-0.1", "Total Unusual Items": "-0.1", "Normalized EBITDA": "-14.8", "Tax Rate for Calcs": "0", "Tax Effect of Unusual Items": "0"}}, "bs": {"5/31/2012": {"Duration": "5/31/2012", "Total Assets": "12,144", "Total Liabilities Net Minority Interest": "15,829", "Total Equity Gross Minority Interest": "-3,685", "Total Capitalization": "5,315", "Common Stock Equity": "-3,685", "Net Tangible Assets": "-3,816", "Working Capital": "-2,817", "Invested Capital": "7,265", "Tangible Book Value": "-3,816", "Total Debt": "10,950", "Net Debt": "10,285", "Share Issued": "4,481", "Ordinary Shares Number": "4,465", "Treasury Shares Number": "16.232"}, "5/31/2011": {"Duration": "5/31/2011", "Total Assets": "21,369", "Total Liabilities Net Minority Interest": "15,926", "Total Equity Gross Minority Interest": "5,443", "Total Capitalization": "13,677", "Common Stock Equity": "5,443", "Net Tangible Assets": "5,188", "Working Capital": "230", "Invested Capital": "15,677", "Tangible Book Value": "5,188", "Total Debt": "10,234", "Net Debt": "10,216", "Share Issued": "4,481", "Ordinary Shares Number": "4,465", "Treasury Shares Number": "16.232"}, "5/31/2010": {"Duration": "5/31/2010", "Total Assets": "22,376", "Total Liabilities Net Minority Interest": "16,572", "Total Equity Gross Minority Interest": "5,804", "Total Capitalization": "14,388", "Common Stock Equity": "5,804", "Net Tangible Assets": "5,615", "Working Capital": "442", "Invested Capital": "16,388", "Tangible Book Value": "5,615", "Total Debt": "10,584", "Net Debt": "10,474", "Share Issued": "4,478", "Ordinary Shares Number": "4,462", "Treasury Shares Number": "16.232"}, "5/31/2009": {"Duration": "5/31/2009", "Total Assets": "24,682", "Total Liabilities Net Minority Interest": "19,189", "Total Equity Gross Minority Interest": "5,493", "Total Capitalization": "17,347", "Common Stock Equity": "5,493", "Net Tangible Assets": "5,323", "Working Capital": "2,045", "Invested Capital": "19,381", "Tangible Book Value": "5,323", "Total Debt": "13,888", "Net Debt": "13,846", "Share Issued": "4,478", "Ordinary Shares Number": "4,462", "Treasury Shares Number": "16.232"}, "5/31/2008": {"Duration": "5/31/2008", "Total Assets": "28,619", "Total Liabilities Net Minority Interest": "22,063", "Total Equity Gross Minority Interest": "6,556", "Total Capitalization": "20,602", "Common Stock Equity": "6,556", "Net Tangible Assets": "6,365", "Working Capital": "2,351", "Invested Capital": "22,644", "Tangible Book Value": "6,365", "Total Debt": "16,088", "Net Debt": "16,035", "Share Issued": "4,448", "Ordinary Shares Number": "4,432", "Treasury Shares Number": "16.232"}, "5/31/2007": {"Duration": "5/31/2007", "Total Assets": "31,751", "Total Liabilities Net Minority Interest": "24,559", "Total Equity Gross Minority Interest": "7,192", "Total Capitalization": "7,192", "Common Stock Equity": "7,192", "Net Tangible Assets": "7,051", "Working Capital": "3,018", "Invested Capital": "7,841", "Tangible Book Value": "7,051", "Total Debt": "649", "Net Debt": "551", "Share Issued": "4,425", "Ordinary Shares Number": "4,425", "Treasury Shares Number": "-"}, "12/31/2005": {"Duration": "12/31/2005", "Total Assets": "24,372", "Total Liabilities Net Minority Interest": "16,106", "Total Equity Gross Minority Interest": "8,266", "Total Capitalization": "8,266", "Common Stock Equity": "8,266", "Net Tangible Assets": "8,163", "Working Capital": "-1,197", "Invested Capital": "9,100", "Tangible Book Value": "8,163", "Total Debt": "834.565", "Net Debt": "605.9", "Share Issued": "4,384", "Ordinary Shares Number": "4,384", "Treasury Shares Number": "-"}, "12/31/2004": {"Duration": "12/31/2004", "Total Assets": "17,146", "Total Liabilities Net Minority Interest": "8,595", "Total Equity Gross Minority Interest": "8,551", "Total Capitalization": "11,827", "Common Stock Equity": "8,551", "Net Tangible Assets": "8,551", "Working Capital": "-622.615", "Invested Capital": "12,101", "Tangible Book Value": "8,551", "Total Debt": "3,550", "Net Debt": "3,415", "Share Issued": "3,809", "Ordinary Shares Number": "3,809", "Treasury Shares Number": "-"}, "12/31/2003": {"Duration": "12/31/2003", "Total Assets": "11,532", "Total Liabilities Net Minority Interest": "4,391", "Total Equity Gross Minority Interest": "7,141", "Total Capitalization": "7,261", "Common Stock Equity": "7,141", "Net Tangible Assets": "7,141", "Working Capital": "-391.624", "Invested Capital": "7,348", "Tangible Book Value": "7,141", "Total Debt": "207.543", "Net Debt": "-", "Share Issued": "3,809", "Ordinary Shares Number": "3,809", "Treasury Shares Number": "-"}, "12/31/2002": {"Duration": "12/31/2002", "Total Assets": "8,097", "Total Liabilities Net Minority Interest": "4,354", "Total Equity Gross Minority Interest": "3,743", "Total Capitalization": "4,551", "Common Stock Equity": "3,743", "Net Tangible Assets": "3,743", "Working Capital": "475.393", "Invested Capital": "4,630", "Tangible Book Value": "3,743", "Total Debt": "886.497", "Net Debt": "574.027", "Share Issued": "3,809", "Ordinary Shares Number": "3,809", "Treasury Shares Number": "-"}, "12/31/2001": {"Duration": "12/31/2001", "Total Assets": "6,906", "Total Liabilities Net Minority Interest": "3,737", "Total Equity Gross Minority Interest": "3,168", "Total Capitalization": "4,692", "Common Stock Equity": "3,168", "Net Tangible Assets": "3,168", "Working Capital": "1,506", "Invested Capital": "4,727", "Tangible Book Value": "3,168", "Total Debt": "1,559", "Net Debt": "774.556", "Share Issued": "3,809", "Ordinary Shares Number": "3,809", "Treasury Shares Number": "-"}, "12/31/2000": {"Duration": "12/31/2000", "Total Assets": "5,283", "Total Liabilities Net Minority Interest": "2,836", "Total Equity Gross Minority Interest": "2,447", "Total Capitalization": "3,504", "Common Stock Equity": "2,447", "Net Tangible Assets": "2,439", "Working Capital": "1,306", "Invested Capital": "3,535", "Tangible Book Value": "2,439", "Total Debt": "1,088", "Net Debt": "791.449", "Share Issued": "3,809", "Ordinary Shares Number": "3,809", "Treasury Shares Number": "-"}, "12/31/1999": {"Duration": "12/31/1999", "Total Assets": "3,526", "Total Liabilities Net Minority Interest": "2,459", "Total Equity Gross Minority Interest": "1,067", "Total Capitalization": "1,151", "Common Stock Equity": "1,067", "Net Tangible Assets": "1,037", "Working Capital": "797.131", "Invested Capital": "1,631", "Tangible Book Value": "1,037", "Total Debt": "563.978", "Net Debt": "420.126", "Share Issued": "3,809", "Ordinary Shares Number": "3,809", "Treasury Shares Number": "-"}, "12/31/1998": {"Duration": "12/31/1998", "Total Assets": "2,636", "Total Liabilities Net Minority Interest": "3,705", "Total Equity Gross Minority Interest": "-1,069", "Total Capitalization": "-1,069", "Common Stock Equity": "-1,069", "Net Tangible Assets": "-1,142", "Working Capital": "771.058", "Invested Capital": "-834.929", "Tangible Book Value": "-1,142", "Total Debt": "234", "Net Debt": "-", "Share Issued": "3,809", "Ordinary Shares Number": "3,809", "Treasury Shares Number": "-"}, "12/31/1997": {"Duration": "12/31/1997", "Total Assets": "50.996", "Total Liabilities Net Minority Interest": "51.658", "Total Equity Gross Minority Interest": "-0.662", "Total Capitalization": "-0.662", "Common Stock Equity": "-0.662", "Net Tangible Assets": "-0.662", "Working Capital": "-1.761", "Invested Capital": "-0.662", "Tangible Book Value": "-0.662", "Total Debt": "-", "Net Debt": "-", "Share Issued": "3,809", "Ordinary Shares Number": "3,809", "Treasury Shares Number": "-"}}, "cf": {"TTM": {"Duration": "TTM", "Operating Cash Flow": "2,864", "Investing Cash Flow": "-2,944", "Financing Cash Flow": "727", "End Cash Position": "665", "Interest Paid Supplemental Data": "321", "Capital Expenditure": "-2,944", "Issuance of Capital Stock": "-", "Issuance of Debt": "-", "Repayment of Debt": "727", "Repurchase of Capital Stock": "-", "Free Cash Flow": "-80"}, "5/31/2012": {"Duration": "5/31/2012", "Operating Cash Flow": "2,864", "Investing Cash Flow": "-2,944", "Financing Cash Flow": "727", "End Cash Position": "665", "Interest Paid Supplemental Data": "321", "Capital Expenditure": "-2,944", "Issuance of Capital Stock": "-", "Issuance of Debt": "-", "Repayment of Debt": "727", "Repurchase of Capital Stock": "-", "Free Cash Flow": "-80"}, "5/31/2011": {"Duration": "5/31/2011", "Operating Cash Flow": "5,346", "Investing Cash Flow": "-5,081", "Financing Cash Flow": "-357", "End Cash Position": "18", "Interest Paid Supplemental Data": "286", "Capital Expenditure": "-5,081", "Issuance of Capital Stock": "-", "Issuance of Debt": "-", "Repayment of Debt": "-2,000", "Repurchase of Capital Stock": "-", "Free Cash Flow": "265"}, "5/31/2010": {"Duration": "5/31/2010", "Operating Cash Flow": "8,121", "Investing Cash Flow": "-4,902", "Financing Cash Flow": "-3,151", "End Cash Position": "110", "Interest Paid Supplemental Data": "487", "Capital Expenditure": "-4,902", "Issuance of Capital Stock": "-", "Issuance of Debt": "-", "Repayment of Debt": "-3,151", "Repurchase of Capital Stock": "-", "Free Cash Flow": "3,219"}, "5/31/2009": {"Duration": "5/31/2009", "Operating Cash Flow": "7,136", "Investing Cash Flow": "-4,942", "Financing Cash Flow": "-2,205", "End Cash Position": "42", "Interest Paid Supplemental Data": "692", "Capital Expenditure": "-121", "Issuance of Capital Stock": "-", "Issuance of Debt": "-", "Repayment of Debt": "-2,205", "Repurchase of Capital Stock": "-", "Free Cash Flow": "7,015"}, "5/31/2008": {"Duration": "5/31/2008", "Operating Cash Flow": "5,960", "Investing Cash Flow": "-4,979", "Financing Cash Flow": "-1,026", "End Cash Position": "53", "Interest Paid Supplemental Data": "-", "Capital Expenditure": "-255", "Issuance of Capital Stock": "88", "Issuance of Debt": "-", "Repayment of Debt": "-", "Repurchase of Capital Stock": "-", "Free Cash Flow": "5,705"}, "5/31/2007": {"Duration": "5/31/2007", "Operating Cash Flow": "2,409", "Investing Cash Flow": "-6,747", "Financing Cash Flow": "3,686", "End Cash Position": "98", "Interest Paid Supplemental Data": "-", "Capital Expenditure": "-218", "Issuance of Capital Stock": "-", "Issuance of Debt": "-", "Repayment of Debt": "-", "Repurchase of Capital Stock": "-56", "Free Cash Flow": "2,191"}, "12/31/2005": {"Duration": "12/31/2005", "Operating Cash Flow": "5,287", "Investing Cash Flow": "-11,936", "Financing Cash Flow": "6,743", "End Cash Position": "228.665", "Interest Paid Supplemental Data": "-", "Capital Expenditure": "-425.47", "Issuance of Capital Stock": "2,877", "Issuance of Debt": "-", "Repayment of Debt": "-", "Repurchase of Capital Stock": "-5.984", "Free Cash Flow": "4,862"}, "12/31/2004": {"Duration": "12/31/2004", "Operating Cash Flow": "4,818", "Investing Cash Flow": "-8,452", "Financing Cash Flow": "3,342", "End Cash Position": "134.317", "Interest Paid Supplemental Data": "-", "Capital Expenditure": "-386.5", "Issuance of Capital Stock": "-", "Issuance of Debt": "-", "Repayment of Debt": "-", "Repurchase of Capital Stock": "-", "Free Cash Flow": "4,431"}, "12/31/2003": {"Duration": "12/31/2003", "Operating Cash Flow": "4,600", "Investing Cash Flow": "-4,986", "Financing Cash Flow": "500.181", "End Cash Position": "426.629", "Interest Paid Supplemental Data": "-", "Capital Expenditure": "-5,364", "Issuance of Capital Stock": "1,057", "Issuance of Debt": "0", "Repayment of Debt": "-678.954", "Repurchase of Capital Stock": "-39.152", "Free Cash Flow": "-763.46"}, "12/31/2002": {"Duration": "12/31/2002", "Operating Cash Flow": "2,817", "Investing Cash Flow": "-3,616", "Financing Cash Flow": "327.401", "End Cash Position": "312.47", "Interest Paid Supplemental Data": "-", "Capital Expenditure": "-3,826", "Issuance of Capital Stock": "0", "Issuance of Debt": "1,169", "Repayment of Debt": "-841.972", "Repurchase of Capital Stock": "0", "Free Cash Flow": "-1,010"}, "12/31/2001": {"Duration": "12/31/2001", "Operating Cash Flow": "2,119", "Investing Cash Flow": "-2,125", "Financing Cash Flow": "497.816", "End Cash Position": "784.54", "Interest Paid Supplemental Data": "-", "Capital Expenditure": "-935.448", "Issuance of Capital Stock": "49.149", "Issuance of Debt": "500", "Repayment of Debt": "-29.136", "Repurchase of Capital Stock": "-22.197", "Free Cash Flow": "1,184"}, "12/31/2000": {"Duration": "12/31/2000", "Operating Cash Flow": "742.915", "Investing Cash Flow": "-873.571", "Financing Cash Flow": "283.587", "End Cash Position": "296.783", "Interest Paid Supplemental Data": "-", "Capital Expenditure": "-968.526", "Issuance of Capital Stock": "-", "Issuance of Debt": "450", "Repayment of Debt": "-116.462", "Repurchase of Capital Stock": "-", "Free Cash Flow": "-225.611"}, "12/31/1999": {"Duration": "12/31/1999", "Operating Cash Flow": "-7.055", "Investing Cash Flow": "-744.749", "Financing Cash Flow": "329.978", "End Cash Position": "143.852", "Interest Paid Supplemental Data": "-", "Capital Expenditure": "-884.696", "Issuance of Capital Stock": "-", "Issuance of Debt": "329.978", "Repayment of Debt": "0", "Repurchase of Capital Stock": "-", "Free Cash Flow": "-891.751"}, "12/31/1998": {"Duration": "12/31/1998", "Operating Cash Flow": "734.035", "Investing Cash Flow": "-527.305", "Financing Cash Flow": "176.832", "End Cash Position": "565.678", "Interest Paid Supplemental Data": "-", "Capital Expenditure": "-602.862", "Issuance of Capital Stock": "-", "Issuance of Debt": "-", "Repayment of Debt": "-57.168", "Repurchase of Capital Stock": "-", "Free Cash Flow": "131.173"}, "12/31/1997": {"Duration": "12/31/1997", "Operating Cash Flow": "-5.652", "Investing Cash Flow": "0", "Financing Cash Flow": "0", "End Cash Position": "10.537", "Interest Paid Supplemental Data": "-", "Capital Expenditure": "-", "Issuance of Capital Stock": "-", "Issuance of Debt": "-", "Repayment of Debt": "-", "Repurchase of Capital Stock": "0", "Free Cash Flow": "-5.652"}}, "ks": {"Current": {"Duration": "Current", "Market Cap (intraday) 5": "1.12M", "Enterprise Value 3": "1.12M", "Trailing P/E ": "N/A", "Forward P/E 1": "N/A", "PEG Ratio (5 yr expected) 1": "N/A", "Price/Sales (ttm)": "0.03", "Price/Book (mrq)": "N/A", "Enterprise Value/Revenue 3": "0.04", "Enterprise Value/EBITDA 7": "3.56"}, "5/31/2012": {"Duration": "5/31/2012", "Market Cap (intraday) 5": "1.52M", "Enterprise Value 3": "11.80M", "Trailing P/E ": "N/A", "Forward P/E 1": "N/A", "PEG Ratio (5 yr expected) 1": "N/A", "Price/Sales (ttm)": "0.06", "Price/Book (mrq)": "N/A", "Enterprise Value/Revenue 3": "2.19", "Enterprise Value/EBITDA 7": "-5.15"}, "2/29/2012": {"Duration": "2/29/2012", "Market Cap (intraday) 5": "3.13M", "Enterprise Value 3": "13.19M", "Trailing P/E ": "N/A", "Forward P/E 1": "N/A", "PEG Ratio (5 yr expected) 1": "N/A", "Price/Sales (ttm)": "0.12", "Price/Book (mrq)": "0.73", "Enterprise Value/Revenue 3": "3.62", "Enterprise Value/EBITDA 7": "-52.53"}, "11/30/2011": {"Duration": "11/30/2011", "Market Cap (intraday) 5": "3.71M", "Enterprise Value 3": "12.53M", "Trailing P/E ": "N/A", "Forward P/E 1": "N/A", "PEG Ratio (5 yr expected) 1": "N/A", "Price/Sales (ttm)": "0.13", "Price/Book (mrq)": "0.67", "Enterprise Value/Revenue 3": "2.74", "Enterprise Value/EBITDA 7": "N/A"}, "8/31/2011": {"Duration": "8/31/2011", "Market Cap (intraday) 5": "4.29M", "Enterprise Value 3": "13.42M", "Trailing P/E ": "N/A", "Forward P/E 1": "N/A", "PEG Ratio (5 yr expected) 1": "N/A", "Price/Sales (ttm)": "0.14", "Price/Book (mrq)": "0.67", "Enterprise Value/Revenue 3": "1.11", "Enterprise Value/EBITDA 7": "4.69"}, "5/31/2011": {"Duration": "5/31/2011", "Market Cap (intraday) 5": "5.72M", "Enterprise Value 3": "15.93M", "Trailing P/E ": "N/A", "Forward P/E 1": "N/A", "PEG Ratio (5 yr expected) 1": "N/A", "Price/Sales (ttm)": "0.18", "Price/Book (mrq)": "1.05", "Enterprise Value/Revenue 3": "2.33", "Enterprise Value/EBITDA 7": "16.75"}, "2/28/2011": {"Duration": "2/28/2011", "Market Cap (intraday) 5": "7.81M", "Enterprise Value 3": "18.59M", "Trailing P/E ": "N/A", "Forward P/E 1": "N/A", "PEG Ratio (5 yr expected) 1": "N/A", "Price/Sales (ttm)": "0.25", "Price/Book (mrq)": "1.34", "Enterprise Value/Revenue 3": "3.63", "Enterprise Value/EBITDA 7": "37.71"}, "11/30/2010": {"Duration": "11/30/2010", "Market Cap (intraday) 5": "4.69M", "Enterprise Value 3": "12.97M", "Trailing P/E ": "N/A", "Forward P/E 1": "N/A", "PEG Ratio (5 yr expected) 1": "N/A", "Price/Sales (ttm)": "0.15", "Price/Book (mrq)": "0.74", "Enterprise Value/Revenue 3": "2.11", "Enterprise Value/EBITDA 7": "30.88"}, "8/31/2010": {"Duration": "8/31/2010", "Market Cap (intraday) 5": "4.33M", "Enterprise Value 3": "11.97M", "Trailing P/E ": "N/A", "Forward P/E 1": "N/A", "PEG Ratio (5 yr expected) 1": "N/A", "Price/Sales (ttm)": "0.13", "Price/Book (mrq)": "0.63", "Enterprise Value/Revenue 3": "0.91", "Enterprise Value/EBITDA 7": "3.84"}, "5/31/2010": {"Duration": "5/31/2010", "Market Cap (intraday) 5": "3.48M", "Enterprise Value 3": "13.95M", "Trailing P/E ": "N/A", "Forward P/E 1": "N/A", "PEG Ratio (5 yr expected) 1": "N/A", "Price/Sales (ttm)": "0.10", "Price/Book (mrq)": "0.59", "Enterprise Value/Revenue 3": "1.88", "Enterprise Value/EBITDA 7": "12.03"}, "2/28/2010": {"Duration": "2/28/2010", "Market Cap (intraday) 5": "6.63M", "Enterprise Value 3": "15.14M", "Trailing P/E ": "N/A", "Forward P/E 1": "N/A", "PEG Ratio (5 yr expected) 1": "N/A", "Price/Sales (ttm)": "0.19", "Price/Book (mrq)": "1.00", "Enterprise Value/Revenue 3": "2.78", "Enterprise Value/EBITDA 7": "53.30"}, "11/30/2009": {"Duration": "11/30/2009", "Market Cap (intraday) 5": "8.03M", "Enterprise Value 3": "16.54M", "Trailing P/E ": "N/A", "Forward P/E 1": "N/A", "PEG Ratio (5 yr expected) 1": "N/A", "Price/Sales (ttm)": "0.23", "Price/Book (mrq)": "1.22", "Enterprise Value/Revenue 3": "2.26", "Enterprise Value/EBITDA 7": "16.61"}, "8/31/2009": {"Duration": "8/31/2009", "Market Cap (intraday) 5": "14.28M", "Enterprise Value 3": "24.32M", "Trailing P/E ": "N/A", "Forward P/E 1": "N/A", "PEG Ratio (5 yr expected) 1": "N/A", "Price/Sales (ttm)": "0.40", "Price/Book (mrq)": "2.05", "Enterprise Value/Revenue 3": "1.65", "Enterprise Value/EBITDA 7": "6.27"}, "5/31/2009": {"Duration": "5/31/2009", "Market Cap (intraday) 5": "9.37M", "Enterprise Value 3": "23.27M", "Trailing P/E ": "N/A", "Forward P/E 1": "N/A", "PEG Ratio (5 yr expected) 1": "N/A", "Price/Sales (ttm)": "0.25", "Price/Book (mrq)": "1.39", "Enterprise Value/Revenue 3": "3.15", "Enterprise Value/EBITDA 7": "29.42"}, "2/28/2009": {"Duration": "2/28/2009", "Market Cap (intraday) 5": "4.63M", "Enterprise Value 3": "15.10M", "Trailing P/E ": "N/A", "Forward P/E 1": "N/A", "PEG Ratio (5 yr expected) 1": "N/A", "Price/Sales (ttm)": "0.12", "Price/Book (mrq)": "0.60", "Enterprise Value/Revenue 3": "2.90", "Enterprise Value/EBITDA 7": "37.84"}, "11/30/2008": {"Duration": "11/30/2008", "Market Cap (intraday) 5": "5.43M", "Enterprise Value 3": "17.11M", "Trailing P/E ": "N/A", "Forward P/E 1": "N/A", "PEG Ratio (5 yr expected) 1": "N/A", "Price/Sales (ttm)": "0.14", "Price/Book (mrq)": "0.69", "Enterprise Value/Revenue 3": "2.07", "Enterprise Value/EBITDA 7": "5.21"}, "8/31/2008": {"Duration": "8/31/2008", "Market Cap (intraday) 5": "9.67M", "Enterprise Value 3": "25.70M", "Trailing P/E ": "N/A", "Forward P/E 1": "N/A", "PEG Ratio (5 yr expected) 1": "N/A", "Price/Sales (ttm)": "0.24", "Price/Book (mrq)": "1.47", "Enterprise Value/Revenue 3": "1.61", "Enterprise Value/EBITDA 7": "10.63"}, "5/31/2008": {"Duration": "5/31/2008", "Market Cap (intraday) 5": "8.42M", "Enterprise Value 3": "25.03M", "Trailing P/E ": "N/A", "Forward P/E 1": "N/A", "PEG Ratio (5 yr expected) 1": "N/A", "Price/Sales (ttm)": "0.20", "Price/Book (mrq)": "1.17", "Enterprise Value/Revenue 3": "3.04", "Enterprise Value/EBITDA 7": "28.25"}, "2/29/2008": {"Duration": "2/29/2008", "Market Cap (intraday) 5": "12.87M", "Enterprise Value 3": "29.49M", "Trailing P/E ": "N/A", "Forward P/E 1": "N/A", "PEG Ratio (5 yr expected) 1": "N/A", "Price/Sales (ttm)": "0.31", "Price/Book (mrq)": "1.79", "Enterprise Value/Revenue 3": "4.61", "Enterprise Value/EBITDA 7": "37.66"}, "11/30/2007": {"Duration": "11/30/2007", "Market Cap (intraday) 5": "13.30M", "Enterprise Value 3": "26.41M", "Trailing P/E ": "N/A", "Forward P/E 1": "N/A", "PEG Ratio (5 yr expected) 1": "N/A", "Price/Sales (ttm)": "0.33", "Price/Book (mrq)": "1.65", "Enterprise Value/Revenue 3": "3.11", "Enterprise Value/EBITDA 7": "19.83"}, "8/31/2007": {"Duration": "8/31/2007", "Market Cap (intraday) 5": "17.06M", "Enterprise Value 3": "30.72M", "Trailing P/E ": "N/A", "Forward P/E 1": "N/A", "PEG Ratio (5 yr expected) 1": "N/A", "Price/Sales (ttm)": "0.42", "Price/Book (mrq)": "2.04", "Enterprise Value/Revenue 3": "1.82", "Enterprise Value/EBITDA 7": "7.47"}, "5/31/2007": {"Duration": "5/31/2007", "Market Cap (intraday) 5": "14.38M", "Enterprise Value 3": "14.93M", "Trailing P/E ": "N/A", "Forward P/E 1": "N/A", "PEG Ratio (5 yr expected) 1": "N/A", "Price/Sales (ttm)": "0.37", "Price/Book (mrq)": "2.00", "Enterprise Value/Revenue 3": "1.63", "Enterprise Value/EBITDA 7": "7.56"}, "2/28/2007": {"Duration": "2/28/2007", "Market Cap (intraday) 5": "14.82M", "Enterprise Value 3": "14.82M", "Trailing P/E ": "N/A", "Forward P/E 1": "N/A", "PEG Ratio (5 yr expected) 1": "N/A", "Price/Sales (ttm)": "0.41", "Price/Book (mrq)": "2.07", "Enterprise Value/Revenue 3": "2.50", "Enterprise Value/EBITDA 7": "86.42"}, "11/30/2006": {"Duration": "11/30/2006", "Market Cap (intraday) 5": "21.02M", "Enterprise Value 3": "31.90M", "Trailing P/E ": "N/A", "Forward P/E 1": "N/A", "PEG Ratio (5 yr expected) 1": "N/A", "Price/Sales (ttm)": "0.58", "Price/Book (mrq)": "2.59", "Enterprise Value/Revenue 3": "3.87", "Enterprise Value/EBITDA 7": "24.20"}, "8/31/2006": {"Duration": "8/31/2006", "Market Cap (intraday) 5": "17.10M", "Enterprise Value 3": "28.37M", "Trailing P/E ": "N/A", "Forward P/E 1": "N/A", "PEG Ratio (5 yr expected) 1": "N/A", "Price/Sales (ttm)": "0.47", "Price/Book (mrq)": "2.01", "Enterprise Value/Revenue 3": "1.85", "Enterprise Value/EBITDA 7": "8.09"}, "3/31/2006": {"Duration": "3/31/2006", "Market Cap (intraday) 5": "21.31M", "Enterprise Value 3": "32.53M", "Trailing P/E ": "N/A", "Forward P/E 1": "N/A", "PEG Ratio (5 yr expected) 1": "N/A", "Price/Sales (ttm)": "0.59", "Price/Book (mrq)": "2.81", "Enterprise Value/Revenue 3": "5.59", "Enterprise Value/EBITDA 7": "164.34"}, "12/31/2005": {"Duration": "12/31/2005", "Market Cap (intraday) 5": "23.02M", "Enterprise Value 3": "28.15M", "Trailing P/E ": "N/A", "Forward P/E 1": "N/A", "PEG Ratio (5 yr expected) 1": "N/A", "Price/Sales (ttm)": "0.71", "Price/Book (mrq)": "1.98", "Enterprise Value/Revenue 3": "4.00", "Enterprise Value/EBITDA 7": "-4.40"}, "9/30/2005": {"Duration": "9/30/2005", "Market Cap (intraday) 5": "22.80M", "Enterprise Value 3": "27.93M", "Trailing P/E ": "N/A", "Forward P/E 1": "N/A", "PEG Ratio (5 yr expected) 1": "N/A", "Price/Sales (ttm)": "0.70", "Price/Book (mrq)": "1.96", "Enterprise Value/Revenue 3": "2.00", "Enterprise Value/EBITDA 7": "6.51"}, "6/30/2005": {"Duration": "6/30/2005", "Market Cap (intraday) 5": "29.71M", "Enterprise Value 3": "36.23M", "Trailing P/E ": "195.00", "Forward P/E 1": "N/A", "PEG Ratio (5 yr expected) 1": "N/A", "Price/Sales (ttm)": "1.00", "Price/Book (mrq)": "2.91", "Enterprise Value/Revenue 3": "3.82", "Enterprise Value/EBITDA 7": "14.87"}, "3/31/2005": {"Duration": "3/31/2005", "Market Cap (intraday) 5": "24.76M", "Enterprise Value 3": "30.72M", "Trailing P/E ": "46.43", "Forward P/E 1": "N/A", "PEG Ratio (5 yr expected) 1": "N/A", "Price/Sales (ttm)": "0.77", "Price/Book (mrq)": "3.23", "Enterprise Value/Revenue 3": "6.24", "Enterprise Value/EBITDA 7": "46.40"}, "12/31/2004": {"Duration": "12/31/2004", "Market Cap (intraday) 5": "23.81M", "Enterprise Value 3": "27.22M", "Trailing P/E ": "18.38", "Forward P/E 1": "N/A", "PEG Ratio (5 yr expected) 1": "N/A", "Price/Sales (ttm)": "0.81", "Price/Book (mrq)": "2.78", "Enterprise Value/Revenue 3": "4.39", "Enterprise Value/EBITDA 7": "37.49"}}}}, {"PSO": {"quote": {"05/11/2021": {"value": "11.95", "Market Cap": "8.999B", "Beta (5Y Monthly)": "0.24", "PE Ratio (TTM)": "20.75", "EPS (TTM)": "0.58", "Earnings Date": "N/A", "Forward Dividend & Yield": "0.27 (2.22%)", "Ex-Dividend Date": "Mar 25, 2021", "1y Target Est": "11.90"}}, "fin": {"TTM": {"Duration": "TTM", "Total Revenue": "3,397,000", "Cost of Revenue": "1,767,000", "Gross Profit": "1,630,000", "Operating Expense": "1,402,000", "Operating Income": "228,000", "Net Non Operating Interest Income Expense": "-55,000", "Pretax Income": "354,000", "Tax Provision": "44,000", "Net Income Common Stockholders": "310,000", "Average Dilution Earnings": "-", "Diluted NI Available to Com Stockholders": "310,000", "Basic EPS": "-", "Diluted EPS": "-", "Basic Average Shares": "-", "Diluted Average Shares": "-", "Total Operating Income as Reported": "411,000", "Rent Expense Supplemental": "85,000", "Total Expenses": "3,169,000", "Net Income from Continuing & Discontinued Operation": "310,000", "Normalized Income": "150,750", "Interest Income": "24,000", "Interest Expense": "79,000", "Net Interest Income": "-55,000", "EBIT": "433,000", "EBITDA": "750,000", "Reconciled Cost of Revenue": "1,767,000", "Reconciled Depreciation": "317,000", "Net Income from Continuing Operation Net Minority Interest": "310,000", "Total Unusual Items Excluding Goodwill": "182,000", "Total Unusual Items": "182,000", "Normalized EBITDA": "568,000", "Tax Rate for Calcs": "0", "Tax Effect of Unusual Items": "22,750"}, "12/31/2020": {"Duration": "12/31/2020", "Total Revenue": "3,397,000", "Cost of Revenue": "1,767,000", "Gross Profit": "1,630,000", "Operating Expense": "1,402,000", "Operating Income": "228,000", "Net Non Operating Interest Income Expense": "-55,000", "Pretax Income": "354,000", "Tax Provision": "44,000", "Net Income Common Stockholders": "310,000", "Average Dilution Earnings": "-", "Diluted NI Available to Com Stockholders": "310,000", "Basic EPS": "-", "Diluted EPS": "-", "Basic Average Shares": "-", "Diluted Average Shares": "-", "Total Operating Income as Reported": "411,000", "Rent Expense Supplemental": "85,000", "Total Expenses": "3,169,000", "Net Income from Continuing & Discontinued Operation": "310,000", "Normalized Income": "150,750", "Interest Income": "24,000", "Interest Expense": "79,000", "Net Interest Income": "-55,000", "EBIT": "433,000", "EBITDA": "-", "Reconciled Cost of Revenue": "1,767,000", "Reconciled Depreciation": "317,000", "Net Income from Continuing Operation Net Minority Interest": "310,000", "Total Unusual Items Excluding Goodwill": "182,000", "Total Unusual Items": "182,000", "Normalized EBITDA": "568,000", "Tax Rate for Calcs": "0", "Tax Effect of Unusual Items": "22,750"}, "12/31/2019": {"Duration": "12/31/2019", "Total Revenue": "3,869,000", "Cost of Revenue": "1,858,000", "Gross Profit": "2,011,000", "Operating Expense": "1,649,000", "Operating Income": "362,000", "Net Non Operating Interest Income Expense": "-28,000", "Pretax Income": "232,000", "Tax Provision": "-34,000", "Net Income Common Stockholders": "264,000", "Average Dilution Earnings": "-", "Diluted NI Available to Com Stockholders": "264,000", "Basic EPS": "0.34", "Diluted EPS": "0.34", "Basic Average Shares": "777,000", "Diluted Average Shares": "777,500", "Total Operating Income as Reported": "275,000", "Rent Expense Supplemental": "96,000", "Total Expenses": "3,507,000", "Net Income from Continuing & Discontinued Operation": "264,000", "Normalized Income": "386,310", "Interest Income": "39,000", "Interest Expense": "67,000", "Net Interest Income": "-28,000", "EBIT": "299,000", "EBITDA": "-", "Reconciled Cost of Revenue": "1,858,000", "Reconciled Depreciation": "389,000", "Net Income from Continuing Operation Net Minority Interest": "264,000", "Total Unusual Items Excluding Goodwill": "-151,000", "Total Unusual Items": "-151,000", "Normalized EBITDA": "839,000", "Tax Rate for Calcs": "0", "Tax Effect of Unusual Items": "-28,690"}, "12/31/2018": {"Duration": "12/31/2018", "Total Revenue": "4,129,000", "Cost of Revenue": "1,943,000", "Gross Profit": "2,186,000", "Operating Expense": "1,817,000", "Operating Income": "369,000", "Net Non Operating Interest Income Expense": "-14,000", "Pretax Income": "498,000", "Tax Provision": "-92,000", "Net Income Common Stockholders": "588,000", "Average Dilution Earnings": "-", "Diluted NI Available to Com Stockholders": "588,000", "Basic EPS": "0.76", "Diluted EPS": "0.76", "Basic Average Shares": "778,100", "Diluted Average Shares": "778,700", "Total Operating Income as Reported": "553,000", "Rent Expense Supplemental": "147,000", "Total Expenses": "3,760,000", "Net Income from Continuing & Discontinued Operation": "588,000", "Normalized Income": "664,950", "Interest Income": "29,000", "Interest Expense": "42,000", "Net Interest Income": "-14,000", "EBIT": "540,000", "EBITDA": "-", "Reconciled Cost of Revenue": "1,943,000", "Reconciled Depreciation": "253,000", "Net Income from Continuing Operation Net Minority Interest": "588,000", "Total Unusual Items Excluding Goodwill": "-95,000", "Total Unusual Items": "-95,000", "Normalized EBITDA": "888,000", "Tax Rate for Calcs": "0", "Tax Effect of Unusual Items": "-18,050"}, "12/31/2017": {"Duration": "12/31/2017", "Total Revenue": "4,513,000", "Cost of Revenue": "2,066,000", "Gross Profit": "2,447,000", "Operating Expense": "2,123,000", "Operating Income": "324,000", "Net Non Operating Interest Income Expense": "-82,000", "Pretax Income": "421,000", "Tax Provision": "13,000", "Net Income Common Stockholders": "406,000", "Average Dilution Earnings": "-", "Diluted NI Available to Com Stockholders": "406,000", "Basic EPS": "0.50", "Diluted EPS": "0.50", "Basic Average Shares": "813,400", "Diluted Average Shares": "813,700", "Total Operating Income as Reported": "451,000", "Rent Expense Supplemental": "202,000", "Total Expenses": "4,189,000", "Net Income from Continuing & Discontinued Operation": "406,000", "Normalized Income": "469,119", "Interest Income": "23,000", "Interest Expense": "99,000", "Net Interest Income": "-82,000", "EBIT": "520,000", "EBITDA": "-", "Reconciled Cost of Revenue": "2,066,000", "Reconciled Depreciation": "313,000", "Net Income from Continuing Operation Net Minority Interest": "406,000", "Total Unusual Items Excluding Goodwill": "-71,000", "Total Unusual Items": "-71,000", "Normalized EBITDA": "904,000", "Tax Rate for Calcs": "0", "Tax Effect of Unusual Items": "-7,881"}, "12/31/2016": {"Duration": "12/31/2016", "Total Revenue": "4,552,000", "Cost of Revenue": "2,093,000", "Gross Profit": "2,459,000", "Operating Expense": "2,176,000", "Operating Income": "283,000", "Net Non Operating Interest Income Expense": "-48,000", "Pretax Income": "-2,557,000", "Tax Provision": "-222,000", "Net Income Common Stockholders": "-2,337,000", "Average Dilution Earnings": "-", "Diluted NI Available to Com Stockholders": "-2,337,000", "Basic EPS": "-2.87", "Diluted EPS": "-2.87", "Basic Average Shares": "814,800", "Diluted Average Shares": "814,800", "Total Operating Income as Reported": "-2,497,000", "Rent Expense Supplemental": "243,000", "Total Expenses": "4,269,000", "Net Income from Continuing & Discontinued Operation": "-2,337,000", "Normalized Income": "282,397", "Interest Income": "26,000", "Interest Expense": "74,000", "Net Interest Income": "-48,000", "EBIT": "-2,483,000", "EBITDA": "-", "Reconciled Cost of Revenue": "2,093,000", "Reconciled Depreciation": "2,912,000", "Net Income from Continuing Operation Net Minority Interest": "-2,337,000", "Total Unusual Items Excluding Goodwill": "-2,869,000", "Total Unusual Items": "-2,869,000", "Normalized EBITDA": "3,298,000", "Tax Rate for Calcs": "0", "Tax Effect of Unusual Items": "-249,603"}, "12/31/2015": {"Duration": "12/31/2015", "Total Revenue": "4,468,000", "Cost of Revenue": "1,981,000", "Gross Profit": "2,487,000", "Operating Expense": "2,059,000", "Operating Income": "428,000", "Net Non Operating Interest Income Expense": "-42,000", "Pretax Income": "-433,000", "Tax Provision": "-81,000", "Net Income Common Stockholders": "823,000", "Average Dilution Earnings": "-", "Diluted NI Available to Com Stockholders": "823,000", "Basic EPS": "1.01", "Diluted EPS": "1.01", "Basic Average Shares": "813,300", "Diluted Average Shares": "814,100", "Total Operating Income as Reported": "-404,000", "Rent Expense Supplemental": "219,000", "Total Expenses": "4,040,000", "Net Income from Continuing & Discontinued Operation": "823,000", "Normalized Income": "361,814", "Interest Income": "19,000", "Interest Expense": "61,000", "Net Interest Income": "-42,000", "EBIT": "-372,000", "EBITDA": "-", "Reconciled Cost of Revenue": "1,981,000", "Reconciled Depreciation": "1,200,000", "Net Income from Continuing Operation Net Minority Interest": "-352,000", "Total Unusual Items Excluding Goodwill": "-878,000", "Total Unusual Items": "-878,000", "Normalized EBITDA": "1,706,000", "Tax Rate for Calcs": "0", "Tax Effect of Unusual Items": "-164,186"}, "12/31/2014": {"Duration": "12/31/2014", "Total Revenue": "4,874,000", "Cost of Revenue": "2,202,000", "Gross Profit": "2,672,000", "Operating Expense": "2,241,000", "Operating Income": "431,000", "Net Non Operating Interest Income Expense": "-63,000", "Pretax Income": "305,000", "Tax Provision": "63,000", "Net Income Common Stockholders": "471,000", "Average Dilution Earnings": "-", "Diluted NI Available to Com Stockholders": "471,000", "Basic EPS": "0.58", "Diluted EPS": "0.58", "Basic Average Shares": "810,900", "Diluted Average Shares": "811,900", "Total Operating Income as Reported": "398,000", "Rent Expense Supplemental": "218,000", "Total Expenses": "4,443,000", "Net Income from Continuing & Discontinued Operation": "471,000", "Normalized Income": "304,854", "Interest Income": "19,000", "Interest Expense": "82,000", "Net Interest Income": "-63,000", "EBIT": "387,000", "EBITDA": "-", "Reconciled Cost of Revenue": "2,202,000", "Reconciled Depreciation": "401,000", "Net Income from Continuing Operation Net Minority Interest": "243,000", "Total Unusual Items Excluding Goodwill": "-78,000", "Total Unusual Items": "-78,000", "Normalized EBITDA": "866,000", "Tax Rate for Calcs": "0", "Tax Effect of Unusual Items": "-16,146"}, "12/31/2013": {"Duration": "12/31/2013", "Total Revenue": "5,069,000", "Cost of Revenue": "2,312,000", "Gross Profit": "2,757,000", "Operating Expense": "2,177,000", "Operating Income": "580,000", "Net Non Operating Interest Income Expense": "-84,000", "Pretax Income": "382,000", "Tax Provision": "87,000", "Net Income Common Stockholders": "538,000", "Average Dilution Earnings": "-", "Diluted NI Available to Com Stockholders": "538,000", "Basic EPS": "0.67", "Diluted EPS": "0.67", "Basic Average Shares": "807,800", "Diluted Average Shares": "808,900", "Total Operating Income as Reported": "458,000", "Rent Expense Supplemental": "229,000", "Total Expenses": "4,489,000", "Net Income from Continuing & Discontinued Operation": "538,000", "Normalized Income": "439,136", "Interest Income": "10,000", "Interest Expense": "82,000", "Net Interest Income": "-84,000", "EBIT": "464,000", "EBITDA": "-", "Reconciled Cost of Revenue": "2,312,000", "Reconciled Depreciation": "309,000", "Net Income from Continuing Operation Net Minority Interest": "294,000", "Total Unusual Items Excluding Goodwill": "-188,000", "Total Unusual Items": "-188,000", "Normalized EBITDA": "961,000", "Tax Rate for Calcs": "0", "Tax Effect of Unusual Items": "-42,864"}, "12/31/2012": {"Duration": "12/31/2012", "Total Revenue": "5,059,000", "Cost of Revenue": "2,224,000", "Gross Profit": "2,835,000", "Operating Expense": "2,216,000", "Operating Income": "619,000", "Net Non Operating Interest Income Expense": "-79,000", "Pretax Income": "434,000", "Tax Provision": "148,000", "Net Income Common Stockholders": "326,000", "Average Dilution Earnings": "-", "Diluted NI Available to Com Stockholders": "326,000", "Basic EPS": "0.41", "Diluted EPS": "0.41", "Basic Average Shares": "804,300", "Diluted Average Shares": "805,600", "Total Operating Income as Reported": "515,000", "Rent Expense Supplemental": "171,000", "Total Expenses": "4,440,000", "Net Income from Continuing & Discontinued Operation": "326,000", "Normalized Income": "359,444", "Interest Income": "23,000", "Interest Expense": "75,000", "Net Interest Income": "-79,000", "EBIT": "509,000", "EBITDA": "-", "Reconciled Cost of Revenue": "2,224,000", "Reconciled Depreciation": "317,000", "Net Income from Continuing Operation Net Minority Interest": "283,000", "Total Unusual Items Excluding Goodwill": "-116,000", "Total Unusual Items": "-116,000", "Normalized EBITDA": "942,000", "Tax Rate for Calcs": "0", "Tax Effect of Unusual Items": "-39,556"}, "12/31/2011": {"Duration": "12/31/2011", "Total Revenue": "5,862,000", "Cost of Revenue": "2,624,000", "Gross Profit": "3,238,000", "Operating Expense": "2,012,000", "Operating Income": "1,226,000", "Net Non Operating Interest Income Expense": "-71,000", "Pretax Income": "1,155,000", "Tax Provision": "199,000", "Net Income Common Stockholders": "957,000", "Average Dilution Earnings": "-", "Diluted NI Available to Com Stockholders": "957,000", "Basic EPS": "2.39", "Diluted EPS": "2.39", "Basic Average Shares": "800,200", "Diluted Average Shares": "801,900", "Total Operating Income as Reported": "1,226,000", "Rent Expense Supplemental": "-", "Total Expenses": "4,636,000", "Net Income from Continuing & Discontinued Operation": "957,000", "Normalized Income": "957,000", "Interest Income": "26,000", "Interest Expense": "97,000", "Net Interest Income": "-71,000", "EBIT": "1,252,000", "EBITDA": "-", "Reconciled Cost of Revenue": "2,624,000", "Reconciled Depreciation": "257,000", "Net Income from Continuing Operation Net Minority Interest": "957,000", "Total Unusual Items Excluding Goodwill": "-", "Total Unusual Items": "-", "Normalized EBITDA": "1,509,000", "Tax Rate for Calcs": "0", "Tax Effect of Unusual Items": "0"}, "12/31/2010": {"Duration": "12/31/2010", "Total Revenue": "5,663,000", "Cost of Revenue": "2,588,000", "Gross Profit": "3,075,000", "Operating Expense": "2,373,000", "Operating Income": "702,000", "Net Non Operating Interest Income Expense": "-73,000", "Pretax Income": "670,000", "Tax Provision": "146,000", "Net Income Common Stockholders": "1,297,000", "Average Dilution Earnings": "-", "Diluted NI Available to Com Stockholders": "1,297,000", "Basic EPS": "1.62", "Diluted EPS": "1.61", "Basic Average Shares": "801,200", "Diluted Average Shares": "803,000", "Total Operating Income as Reported": "743,000", "Rent Expense Supplemental": "-", "Total Expenses": "4,961,000", "Net Income from Continuing & Discontinued Operation": "1,297,000", "Normalized Income": "521,000", "Interest Income": "36,000", "Interest Expense": "109,000", "Net Interest Income": "-73,000", "EBIT": "779,000", "EBITDA": "-", "Reconciled Cost of Revenue": "2,588,000", "Reconciled Depreciation": "246,000", "Net Income from Continuing Operation Net Minority Interest": "521,000", "Total Unusual Items Excluding Goodwill": "-", "Total Unusual Items": "-", "Normalized EBITDA": "1,025,000", "Tax Rate for Calcs": "0", "Tax Effect of Unusual Items": "0"}, "12/31/2009": {"Duration": "12/31/2009", "Total Revenue": "5,624,000", "Cost of Revenue": "2,539,000", "Gross Profit": "3,085,000", "Operating Expense": "2,360,000", "Operating Income": "725,000", "Net Non Operating Interest Income Expense": "-95,000", "Pretax Income": "660,000", "Tax Provision": "198,000", "Net Income Common Stockholders": "425,000", "Average Dilution Earnings": "-", "Diluted NI Available to Com Stockholders": "425,000", "Basic EPS": "0.53", "Diluted EPS": "0.53", "Basic Average Shares": "799,300", "Diluted Average Shares": "800,100", "Total Operating Income as Reported": "755,000", "Rent Expense Supplemental": "-", "Total Expenses": "4,899,000", "Net Income from Continuing & Discontinued Operation": "425,000", "Normalized Income": "425,000", "Interest Income": "27,000", "Interest Expense": "122,000", "Net Interest Income": "-95,000", "EBIT": "782,000", "EBITDA": "-", "Reconciled Cost of Revenue": "2,539,000", "Reconciled Depreciation": "232,000", "Net Income from Continuing Operation Net Minority Interest": "425,000", "Total Unusual Items Excluding Goodwill": "7,000", "Total Unusual Items": "7,000", "Normalized EBITDA": "1,014,000", "Tax Rate for Calcs": "0", "Tax Effect of Unusual Items": "0"}, "12/31/2008": {"Duration": "12/31/2008", "Total Revenue": "4,782,139", "Cost of Revenue": "2,160,601", "Gross Profit": "2,621,538", "Operating Expense": "1,948,911", "Operating Income": "672,627", "Net Non Operating Interest Income Expense": "-81,000", "Pretax Income": "581,805", "Tax Provision": "170,718", "Net Income Common Stockholders": "290,220", "Average Dilution Earnings": "-", "Diluted NI Available to Com Stockholders": "290,220", "Basic EPS": "0.37", "Diluted EPS": "0.37", "Basic Average Shares": "797,000", "Diluted Average Shares": "797,500", "Total Operating Income as Reported": "671,944", "Rent Expense Supplemental": "-", "Total Expenses": "4,109,512", "Net Income from Continuing & Discontinued Operation": "290,220", "Normalized Income": "315,986", "Interest Income": "8,000", "Interest Expense": "89,000", "Net Interest Income": "-81,000", "EBIT": "672,627", "EBITDA": "-", "Reconciled Cost of Revenue": "2,160,601", "Reconciled Depreciation": "194,618", "Net Income from Continuing Operation Net Minority Interest": "379,676", "Total Unusual Items Excluding Goodwill": "90,139", "Total Unusual Items": "90,139", "Normalized EBITDA": "777,106", "Tax Rate for Calcs": "0", "Tax Effect of Unusual Items": "26,449"}, "12/31/2007": {"Duration": "12/31/2007", "Total Revenue": "4,166,114", "Cost of Revenue": "1,912,116", "Gross Profit": "2,253,998", "Operating Expense": "1,679,657", "Operating Income": "574,341", "Net Non Operating Interest Income Expense": "-84,000", "Pretax Income": "468,448", "Tax Provision": "131,105", "Net Income Common Stockholders": "283,893", "Average Dilution Earnings": "-", "Diluted NI Available to Com Stockholders": "283,893", "Basic EPS": "0.36", "Diluted EPS": "0.36", "Basic Average Shares": "796,800", "Diluted Average Shares": "798,100", "Total Operating Income as Reported": "574,341", "Rent Expense Supplemental": "-", "Total Expenses": "3,591,773", "Net Income from Continuing & Discontinued Operation": "283,893", "Normalized Income": "254,112", "Interest Income": "10,000", "Interest Expense": "95,000", "Net Interest Income": "-84,000", "EBIT": "574,341", "EBITDA": "-", "Reconciled Cost of Revenue": "1,912,116", "Reconciled Depreciation": "330,284", "Net Income from Continuing Operation Net Minority Interest": "311,122", "Total Unusual Items Excluding Goodwill": "79,167", "Total Unusual Items": "79,167", "Normalized EBITDA": "825,457", "Tax Rate for Calcs": "0", "Tax Effect of Unusual Items": "22,157"}, "12/31/2006": {"Duration": "12/31/2006", "Total Revenue": "4,135,852", "Cost of Revenue": "1,916,590", "Gross Profit": "2,219,263", "Operating Expense": "1,679,249", "Operating Income": "540,014", "Net Non Operating Interest Income Expense": "-82,000", "Pretax Income": "466,004", "Tax Provision": "11,229", "Net Income Common Stockholders": "445,588", "Average Dilution Earnings": "-", "Diluted NI Available to Com Stockholders": "445,588", "Basic EPS": "0.56", "Diluted EPS": "0.56", "Basic Average Shares": "798,400", "Diluted Average Shares": "799,900", "Total Operating Income as Reported": "540,014", "Rent Expense Supplemental": "-", "Total Expenses": "3,595,838", "Net Income from Continuing & Discontinued Operation": "445,588", "Normalized Income": "323,219", "Interest Income": "4,000", "Interest Expense": "94,000", "Net Interest Income": "-82,000", "EBIT": "540,014", "EBITDA": "-", "Reconciled Cost of Revenue": "1,916,590", "Reconciled Depreciation": "337,891", "Net Income from Continuing Operation Net Minority Interest": "431,807", "Total Unusual Items Excluding Goodwill": "111,269", "Total Unusual Items": "111,269", "Normalized EBITDA": "766,636", "Tax Rate for Calcs": "0", "Tax Effect of Unusual Items": "2,681"}, "12/31/2005": {"Duration": "12/31/2005", "Total Revenue": "4,094,853", "Cost of Revenue": "2,021,274", "Gross Profit": "2,073,579", "Operating Expense": "1,537,749", "Operating Income": "535,830", "Net Non Operating Interest Income Expense": "-84,000", "Pretax Income": "466,090", "Tax Provision": "123,787", "Net Income Common Stockholders": "643,925", "Average Dilution Earnings": "-", "Diluted NI Available to Com Stockholders": "643,925", "Basic EPS": "0.78", "Diluted EPS": "0.78", "Basic Average Shares": "797,900", "Diluted Average Shares": "799,000", "Total Operating Income as Reported": "535,830", "Rent Expense Supplemental": "-", "Total Expenses": "3,559,024", "Net Income from Continuing & Discontinued Operation": "643,925", "Normalized Income": "287,944", "Interest Income": "-", "Interest Expense": "84,000", "Net Interest Income": "-84,000", "EBIT": "535,830", "EBITDA": "-", "Reconciled Cost of Revenue": "2,021,274", "Reconciled Depreciation": "301,041", "Net Income from Continuing Operation Net Minority Interest": "341,722", "Total Unusual Items Excluding Goodwill": "73,226", "Total Unusual Items": "73,226", "Normalized EBITDA": "763,644", "Tax Rate for Calcs": "0", "Tax Effect of Unusual Items": "19,448"}, "12/31/2004": {"Duration": "12/31/2004", "Total Revenue": "3,917,499", "Cost of Revenue": "1,864,905", "Gross Profit": "2,052,594", "Operating Expense": "1,821,110", "Operating Income": "231,484", "Net Non Operating Interest Income Expense": "-79,000", "Pretax Income": "171,006", "Tax Provision": "62,042", "Net Income Common Stockholders": "88,110", "Average Dilution Earnings": "-", "Diluted NI Available to Com Stockholders": "88,110", "Basic EPS": "0.33", "Diluted EPS": "0.33", "Basic Average Shares": "795,600", "Diluted Average Shares": "796,700", "Total Operating Income as Reported": "230,962", "Rent Expense Supplemental": "-", "Total Expenses": "3,686,015", "Net Income from Continuing & Discontinued Operation": "88,110", "Normalized Income": "46,252", "Interest Income": "17,000", "Interest Expense": "96,000", "Net Interest Income": "-79,000", "EBIT": "231,484", "EBITDA": "-", "Reconciled Cost of Revenue": "1,864,905", "Reconciled Depreciation": "325,850", "Net Income from Continuing Operation Net Minority Interest": "88,110", "Total Unusual Items Excluding Goodwill": "65,691", "Total Unusual Items": "65,691", "Normalized EBITDA": "491,642", "Tax Rate for Calcs": "0", "Tax Effect of Unusual Items": "23,833"}, "12/31/2003": {"Duration": "12/31/2003", "Total Revenue": "4,042,640", "Cost of Revenue": "1,907,360", "Gross Profit": "2,135,280", "Operating Expense": "1,909,600", "Operating Income": "225,680", "Net Non Operating Interest Income Expense": "-80,000", "Pretax Income": "129,920", "Tax Provision": "75,040", "Net Income Common Stockholders": "54,880", "Average Dilution Earnings": "-", "Diluted NI Available to Com Stockholders": "54,880", "Basic EPS": "0.07", "Diluted EPS": "0.07", "Basic Average Shares": "794,400", "Diluted Average Shares": "795,300", "Total Operating Income as Reported": "225,680", "Rent Expense Supplemental": "-", "Total Expenses": "3,816,960", "Net Income from Continuing & Discontinued Operation": "54,880", "Normalized Income": "20,608", "Interest Income": "-", "Interest Expense": "80,000", "Net Interest Income": "-80,000", "EBIT": "225,680", "EBITDA": "-", "Reconciled Cost of Revenue": "1,907,360", "Reconciled Depreciation": "367,360", "Net Income from Continuing Operation Net Minority Interest": "54,880", "Total Unusual Items Excluding Goodwill": "57,120", "Total Unusual Items": "57,120", "Normalized EBITDA": "535,920", "Tax Rate for Calcs": "0", "Tax Effect of Unusual Items": "22,848"}, "12/31/2002": {"Duration": "12/31/2002", "Total Revenue": "4,322,358", "Cost of Revenue": "2,064,947", "Gross Profit": "2,257,411", "Operating Expense": "2,063,085", "Operating Income": "194,326", "Net Non Operating Interest Income Expense": "-131,000", "Pretax Income": "-47,185", "Tax Provision": "63,948", "Net Income Common Stockholders": "-111,132", "Average Dilution Earnings": "-", "Diluted NI Available to Com Stockholders": "-111,132", "Basic EPS": "-0.14", "Diluted EPS": "-0.14", "Basic Average Shares": "796,300", "Diluted Average Shares": "796,300", "Total Operating Income as Reported": "194,326", "Rent Expense Supplemental": "-", "Total Expenses": "4,128,032", "Net Income from Continuing & Discontinued Operation": "-111,132", "Normalized Income": "-93,997", "Interest Income": "-", "Interest Expense": "131,000", "Net Interest Income": "-131,000", "EBIT": "194,326", "EBITDA": "-", "Reconciled Cost of Revenue": "2,064,947", "Reconciled Depreciation": "414,728", "Net Income from Continuing Operation Net Minority Interest": "-111,132", "Total Unusual Items Excluding Goodwill": "-28,559", "Total Unusual Items": "-28,559", "Normalized EBITDA": "637,613", "Tax Rate for Calcs": "0", "Tax Effect of Unusual Items": "-11,424"}, "12/31/2001": {"Duration": "12/31/2001", "Total Revenue": "4,233,991", "Cost of Revenue": "1,906,397", "Gross Profit": "2,327,594", "Operating Expense": "2,315,206", "Operating Income": "12,388", "Net Non Operating Interest Income Expense": "-", "Pretax Income": "-459,049", "Tax Provision": "-67,447", "Net Income Common Stockholders": "-569,166", "Average Dilution Earnings": "-", "Diluted NI Available to Com Stockholders": "-569,166", "Basic EPS": "-0.49", "Diluted EPS": "-0.49", "Basic Average Shares": "795,621", "Diluted Average Shares": "795,621", "Total Operating Income as Reported": "13,076", "Rent Expense Supplemental": "-", "Total Expenses": "4,221,603", "Net Income from Continuing & Discontinued Operation": "-391,603", "Normalized Income": "-264,200", "Interest Income": "-", "Interest Expense": "-", "Net Interest Income": "-", "EBIT": "12,388", "EBITDA": "-", "Reconciled Cost of Revenue": "1,906,397", "Reconciled Depreciation": "483,137", "Net Income from Continuing Operation Net Minority Interest": "-391,603", "Total Unusual Items Excluding Goodwill": "-149,346", "Total Unusual Items": "-149,346", "Normalized EBITDA": "644,872", "Tax Rate for Calcs": "0", "Tax Effect of Unusual Items": "-21,943"}, "12/31/2000": {"Duration": "12/31/2000", "Total Revenue": "3,877,860", "Cost of Revenue": "1,354,439", "Gross Profit": "2,523,421", "Operating Expense": "2,383,491", "Operating Income": "139,930", "Net Non Operating Interest Income Expense": "-", "Pretax Income": "285,216", "Tax Provision": "105,784", "Net Income Common Stockholders": "179,431", "Average Dilution Earnings": "-", "Diluted NI Available to Com Stockholders": "179,431", "Basic EPS": "0.25", "Diluted EPS": "0.24", "Basic Average Shares": "729,297", "Diluted Average Shares": "747,530", "Total Operating Income as Reported": "-148,633", "Rent Expense Supplemental": "-", "Total Expenses": "3,737,930", "Net Income from Continuing & Discontinued Operation": "179,431", "Normalized Income": "-25,272", "Interest Income": "-", "Interest Expense": "-", "Net Interest Income": "-", "EBIT": "139,930", "EBITDA": "-", "Reconciled Cost of Revenue": "1,354,439", "Reconciled Depreciation": "288,563", "Net Income from Continuing Operation Net Minority Interest": "179,431", "Total Unusual Items Excluding Goodwill": "325,387", "Total Unusual Items": "325,387", "Normalized EBITDA": "103,106", "Tax Rate for Calcs": "0", "Tax Effect of Unusual Items": "120,683"}, "12/31/1999": {"Duration": "12/31/1999", "Total Revenue": "3,332,000", "Cost of Revenue": "-", "Gross Profit": "-", "Operating Expense": "3,185,000", "Operating Income": "147,000", "Net Non Operating Interest Income Expense": "-145,000", "Pretax Income": "477,000", "Tax Provision": "177,000", "Net Income Common Stockholders": "294,000", "Average Dilution Earnings": "-1,000", "Diluted NI Available to Com Stockholders": "293,000", "Basic EPS": "0.38", "Diluted EPS": "0.37", "Basic Average Shares": "692,327", "Diluted Average Shares": "700,269", "Total Operating Income as Reported": "318,000", "Rent Expense Supplemental": "95,000", "Total Expenses": "3,185,000", "Net Income from Continuing & Discontinued Operation": "294,000", "Normalized Income": "186,453", "Interest Income": "39,000", "Interest Expense": "184,000", "Net Interest Income": "-145,000", "EBIT": "661,000", "EBITDA": "-", "Reconciled Cost of Revenue": "-", "Reconciled Depreciation": "82,000", "Net Income from Continuing Operation Net Minority Interest": "294,000", "Total Unusual Items Excluding Goodwill": "171,000", "Total Unusual Items": "171,000", "Normalized EBITDA": "572,000", "Tax Rate for Calcs": "0", "Tax Effect of Unusual Items": "63,453"}, "12/31/1998": {"Duration": "12/31/1998", "Total Revenue": "2,395,000", "Cost of Revenue": "1,176,000", "Gross Profit": "1,219,000", "Operating Expense": "1,020,000", "Operating Income": "199,000", "Net Non Operating Interest Income Expense": "-", "Pretax Income": "629,000", "Tax Provision": "188,000", "Net Income Common Stockholders": "437,000", "Average Dilution Earnings": "-", "Diluted NI Available to Com Stockholders": "437,000", "Basic EPS": "0.65", "Diluted EPS": "0.65", "Basic Average Shares": "669,117", "Diluted Average Shares": "676,420", "Total Operating Income as Reported": "250,000", "Rent Expense Supplemental": "-", "Total Expenses": "2,196,000", "Net Income from Continuing & Discontinued Operation": "437,000", "Normalized Income": "437,000", "Interest Income": "-", "Interest Expense": "-", "Net Interest Income": "-", "EBIT": "199,000", "EBITDA": "-", "Reconciled Cost of Revenue": "1,176,000", "Reconciled Depreciation": "12,000", "Net Income from Continuing Operation Net Minority Interest": "437,000", "Total Unusual Items Excluding Goodwill": "-", "Total Unusual Items": "-", "Normalized EBITDA": "211,000", "Tax Rate for Calcs": "0", "Tax Effect of Unusual Items": "0"}, "12/31/1997": {"Duration": "12/31/1997", "Total Revenue": "2,293,100", "Cost of Revenue": "1,114,200", "Gross Profit": "1,178,900", "Operating Expense": "855,700", "Operating Income": "323,200", "Net Non Operating Interest Income Expense": "-", "Pretax Income": "128,600", "Tax Provision": "88,600", "Net Income Common Stockholders": "38,300", "Average Dilution Earnings": "-", "Diluted NI Available to Com Stockholders": "38,300", "Basic EPS": "0.06", "Diluted EPS": "0.06", "Basic Average Shares": "650,234", "Diluted Average Shares": "650,234", "Total Operating Income as Reported": "323,200", "Rent Expense Supplemental": "-", "Total Expenses": "1,969,900", "Net Income from Continuing & Discontinued Operation": "38,300", "Normalized Income": "38,300", "Interest Income": "-", "Interest Expense": "-", "Net Interest Income": "-", "EBIT": "323,200", "EBITDA": "-", "Reconciled Cost of Revenue": "1,114,200", "Reconciled Depreciation": "-", "Net Income from Continuing Operation Net Minority Interest": "38,300", "Total Unusual Items Excluding Goodwill": "-", "Total Unusual Items": "-", "Normalized EBITDA": "323,200", "Tax Rate for Calcs": "0", "Tax Effect of Unusual Items": "0"}, "12/31/1996": {"Duration": "12/31/1996", "Total Revenue": "2,186,000", "Cost of Revenue": "-", "Gross Profit": "-", "Operating Expense": "2,091,800", "Operating Income": "94,200", "Net Non Operating Interest Income Expense": "-29,500", "Pretax Income": "356,800", "Tax Provision": "108,600", "Net Income Common Stockholders": "240,500", "Average Dilution Earnings": "-", "Diluted NI Available to Com Stockholders": "240,500", "Basic EPS": "0.38", "Diluted EPS": "0.38", "Basic Average Shares": "636,278", "Diluted Average Shares": "636,278", "Total Operating Income as Reported": "147,600", "Rent Expense Supplemental": "49,200", "Total Expenses": "2,091,800", "Net Income from Continuing & Discontinued Operation": "240,500", "Normalized Income": "203,353", "Interest Income": "41,300", "Interest Expense": "70,800", "Net Interest Income": "-29,500", "EBIT": "427,600", "EBITDA": "-", "Reconciled Cost of Revenue": "-", "Reconciled Depreciation": "63,200", "Net Income from Continuing Operation Net Minority Interest": "240,500", "Total Unusual Items Excluding Goodwill": "53,400", "Total Unusual Items": "53,400", "Normalized EBITDA": "437,400", "Tax Rate for Calcs": "0", "Tax Effect of Unusual Items": "16,253"}, "12/31/1995": {"Duration": "12/31/1995", "Total Revenue": "1,830,400", "Cost of Revenue": "-", "Gross Profit": "-", "Operating Expense": "1,675,500", "Operating Income": "154,900", "Net Non Operating Interest Income Expense": "-23,900", "Pretax Income": "365,100", "Tax Provision": "92,800", "Net Income Common Stockholders": "261,000", "Average Dilution Earnings": "-", "Diluted NI Available to Com Stockholders": "261,000", "Basic EPS": "0.42", "Diluted EPS": "0.42", "Basic Average Shares": "629,017", "Diluted Average Shares": "629,017", "Total Operating Income as Reported": "237,600", "Rent Expense Supplemental": "43,100", "Total Expenses": "1,675,500", "Net Income from Continuing & Discontinued Operation": "261,000", "Normalized Income": "199,320", "Interest Income": "43,600", "Interest Expense": "67,500", "Net Interest Income": "-23,900", "EBIT": "432,600", "EBITDA": "-", "Reconciled Cost of Revenue": "-", "Reconciled Depreciation": "61,500", "Net Income from Continuing Operation Net Minority Interest": "261,000", "Total Unusual Items Excluding Goodwill": "82,700", "Total Unusual Items": "82,700", "Normalized EBITDA": "411,400", "Tax Rate for Calcs": "0", "Tax Effect of Unusual Items": "21,020"}, "12/31/1994": {"Duration": "12/31/1994", "Total Revenue": "1,550,100", "Cost of Revenue": "-", "Gross Profit": "-", "Operating Expense": "1,347,000", "Operating Income": "203,100", "Net Non Operating Interest Income Expense": "-16,200", "Pretax Income": "297,800", "Tax Provision": "74,300", "Net Income Common Stockholders": "222,900", "Average Dilution Earnings": "-", "Diluted NI Available to Com Stockholders": "222,900", "Basic EPS": "0.36", "Diluted EPS": "0.36", "Basic Average Shares": "625,840", "Diluted Average Shares": "625,840", "Total Operating Income as Reported": "272,400", "Rent Expense Supplemental": "11,400", "Total Expenses": "1,347,000", "Net Income from Continuing & Discontinued Operation": "222,900", "Normalized Income": "170,890", "Interest Income": "24,600", "Interest Expense": "40,800", "Net Interest Income": "-16,200", "EBIT": "338,600", "EBITDA": "-", "Reconciled Cost of Revenue": "-", "Reconciled Depreciation": "51,400", "Net Income from Continuing Operation Net Minority Interest": "222,900", "Total Unusual Items Excluding Goodwill": "69,300", "Total Unusual Items": "69,300", "Normalized EBITDA": "320,700", "Tax Rate for Calcs": "0", "Tax Effect of Unusual Items": "17,290"}, "12/31/1993": {"Duration": "12/31/1993", "Total Revenue": "1,870,100", "Cost of Revenue": "-", "Gross Profit": "-", "Operating Expense": "1,667,200", "Operating Income": "202,900", "Net Non Operating Interest Income Expense": "-14,900", "Pretax Income": "208,600", "Tax Provision": "60,300", "Net Income Common Stockholders": "148,000", "Average Dilution Earnings": "-", "Diluted NI Available to Com Stockholders": "148,000", "Basic EPS": "0.24", "Diluted EPS": "0.24", "Basic Average Shares": "621,301", "Diluted Average Shares": "621,301", "Total Operating Income as Reported": "190,300", "Rent Expense Supplemental": "8,400", "Total Expenses": "1,667,200", "Net Income from Continuing & Discontinued Operation": "148,000", "Normalized Income": "156,958", "Interest Income": "27,200", "Interest Expense": "42,100", "Net Interest Income": "-14,900", "EBIT": "250,700", "EBITDA": "-", "Reconciled Cost of Revenue": "-", "Reconciled Depreciation": "66,800", "Net Income from Continuing Operation Net Minority Interest": "148,000", "Total Unusual Items Excluding Goodwill": "-12,600", "Total Unusual Items": "-12,600", "Normalized EBITDA": "330,100", "Tax Rate for Calcs": "0", "Tax Effect of Unusual Items": "-3,642"}, "12/31/1992": {"Duration": "12/31/1992", "Total Revenue": "1,635,700", "Cost of Revenue": "-", "Gross Profit": "-", "Operating Expense": "1,500,100", "Operating Income": "135,600", "Net Non Operating Interest Income Expense": "-13,600", "Pretax Income": "150,800", "Tax Provision": "44,400", "Net Income Common Stockholders": "105,300", "Average Dilution Earnings": "-", "Diluted NI Available to Com Stockholders": "105,300", "Basic EPS": "0.17", "Diluted EPS": "0.17", "Basic Average Shares": "618,919", "Diluted Average Shares": "618,919", "Total Operating Income as Reported": "144,400", "Rent Expense Supplemental": "5,800", "Total Expenses": "1,500,100", "Net Income from Continuing & Discontinued Operation": "105,300", "Normalized Income": "99,091", "Interest Income": "43,300", "Interest Expense": "56,900", "Net Interest Income": "-13,600", "EBIT": "207,700", "EBITDA": "-", "Reconciled Cost of Revenue": "-", "Reconciled Depreciation": "56,500", "Net Income from Continuing Operation Net Minority Interest": "105,300", "Total Unusual Items Excluding Goodwill": "8,800", "Total Unusual Items": "8,800", "Normalized EBITDA": "255,400", "Tax Rate for Calcs": "0", "Tax Effect of Unusual Items": "2,591"}, "12/31/1991": {"Duration": "12/31/1991", "Total Revenue": "1,600,400", "Cost of Revenue": "-", "Gross Profit": "-", "Operating Expense": "1,455,300", "Operating Income": "145,100", "Net Non Operating Interest Income Expense": "-19,600", "Pretax Income": "179,600", "Tax Provision": "44,800", "Net Income Common Stockholders": "134,100", "Average Dilution Earnings": "-", "Diluted NI Available to Com Stockholders": "134,100", "Basic EPS": "0.22", "Diluted EPS": "0.22", "Basic Average Shares": "616,763", "Diluted Average Shares": "616,763", "Total Operating Income as Reported": "169,300", "Rent Expense Supplemental": "5,300", "Total Expenses": "1,455,300", "Net Income from Continuing & Discontinued Operation": "134,100", "Normalized Income": "115,937", "Interest Income": "39,700", "Interest Expense": "59,300", "Net Interest Income": "-19,600", "EBIT": "238,900", "EBITDA": "-", "Reconciled Cost of Revenue": "-", "Reconciled Depreciation": "51,600", "Net Income from Continuing Operation Net Minority Interest": "134,100", "Total Unusual Items Excluding Goodwill": "24,200", "Total Unusual Items": "24,200", "Normalized EBITDA": "266,300", "Tax Rate for Calcs": "0", "Tax Effect of Unusual Items": "6,037"}, "12/31/1990": {"Duration": "12/31/1990", "Total Revenue": "1,535,100", "Cost of Revenue": "-", "Gross Profit": "-", "Operating Expense": "1,535,100", "Operating Income": "0", "Net Non Operating Interest Income Expense": "-29,800", "Pretax Income": "226,300", "Tax Provision": "68,600", "Net Income Common Stockholders": "88,200", "Average Dilution Earnings": "-", "Diluted NI Available to Com Stockholders": "88,200", "Basic EPS": "0.14", "Diluted EPS": "0.14", "Basic Average Shares": "608,140", "Diluted Average Shares": "608,140", "Total Operating Income as Reported": "-", "Rent Expense Supplemental": "4,900", "Total Expenses": "1,535,100", "Net Income from Continuing & Discontinued Operation": "156,900", "Normalized Income": "156,900", "Interest Income": "35,300", "Interest Expense": "65,100", "Net Interest Income": "-29,800", "EBIT": "291,400", "EBITDA": "-", "Reconciled Cost of Revenue": "-", "Reconciled Depreciation": "42,700", "Net Income from Continuing Operation Net Minority Interest": "156,900", "Total Unusual Items Excluding Goodwill": "-", "Total Unusual Items": "-", "Normalized EBITDA": "334,100", "Tax Rate for Calcs": "0", "Tax Effect of Unusual Items": "0"}, "12/31/1989": {"Duration": "12/31/1989", "Total Revenue": "1,459,900", "Cost of Revenue": "-", "Gross Profit": "-", "Operating Expense": "1,459,900", "Operating Income": "0", "Net Non Operating Interest Income Expense": "-21,700", "Pretax Income": "250,500", "Tax Provision": "76,100", "Net Income Common Stockholders": "276,200", "Average Dilution Earnings": "-", "Diluted NI Available to Com Stockholders": "276,200", "Basic EPS": "0.40", "Diluted EPS": "0.40", "Basic Average Shares": "571,833", "Diluted Average Shares": "571,833", "Total Operating Income as Reported": "-", "Rent Expense Supplemental": "3,100", "Total Expenses": "1,459,900", "Net Income from Continuing & Discontinued Operation": "171,800", "Normalized Income": "171,800", "Interest Income": "40,200", "Interest Expense": "61,900", "Net Interest Income": "-21,700", "EBIT": "312,400", "EBITDA": "-", "Reconciled Cost of Revenue": "-", "Reconciled Depreciation": "38,900", "Net Income from Continuing Operation Net Minority Interest": "171,800", "Total Unusual Items Excluding Goodwill": "-", "Total Unusual Items": "-", "Normalized EBITDA": "351,300", "Tax Rate for Calcs": "0", "Tax Effect of Unusual Items": "0"}, "12/31/1988": {"Duration": "12/31/1988", "Total Revenue": "1,194,600", "Cost of Revenue": "-", "Gross Profit": "-", "Operating Expense": "1,194,600", "Operating Income": "0", "Net Non Operating Interest Income Expense": "-18,300", "Pretax Income": "198,900", "Tax Provision": "67,800", "Net Income Common Stockholders": "175,700", "Average Dilution Earnings": "-", "Diluted NI Available to Com Stockholders": "175,700", "Basic EPS": "0.32", "Diluted EPS": "0.32", "Basic Average Shares": "521,458", "Diluted Average Shares": "521,458", "Total Operating Income as Reported": "-", "Rent Expense Supplemental": "4,000", "Total Expenses": "1,194,600", "Net Income from Continuing & Discontinued Operation": "126,900", "Normalized Income": "126,900", "Interest Income": "18,200", "Interest Expense": "36,500", "Net Interest Income": "-18,300", "EBIT": "235,400", "EBITDA": "-", "Reconciled Cost of Revenue": "-", "Reconciled Depreciation": "31,200", "Net Income from Continuing Operation Net Minority Interest": "126,900", "Total Unusual Items Excluding Goodwill": "-", "Total Unusual Items": "-", "Normalized EBITDA": "266,600", "Tax Rate for Calcs": "0", "Tax Effect of Unusual Items": "0"}, "12/31/1987": {"Duration": "12/31/1987", "Total Revenue": "952,200", "Cost of Revenue": "-", "Gross Profit": "-", "Operating Expense": "952,200", "Operating Income": "0", "Net Non Operating Interest Income Expense": "3,000", "Pretax Income": "151,800", "Tax Provision": "51,500", "Net Income Common Stockholders": "239,300", "Average Dilution Earnings": "-", "Diluted NI Available to Com Stockholders": "239,300", "Basic EPS": "0.50", "Diluted EPS": "0.50", "Basic Average Shares": "477,435", "Diluted Average Shares": "477,435", "Total Operating Income as Reported": "-", "Rent Expense Supplemental": "3,100", "Total Expenses": "952,200", "Net Income from Continuing & Discontinued Operation": "97,900", "Normalized Income": "97,900", "Interest Income": "21,800", "Interest Expense": "18,800", "Net Interest Income": "3,000", "EBIT": "170,600", "EBITDA": "-", "Reconciled Cost of Revenue": "-", "Reconciled Depreciation": "27,500", "Net Income from Continuing Operation Net Minority Interest": "97,900", "Total Unusual Items Excluding Goodwill": "-", "Total Unusual Items": "-", "Normalized EBITDA": "198,100", "Tax Rate for Calcs": "0", "Tax Effect of Unusual Items": "0"}, "12/31/1986": {"Duration": "12/31/1986", "Total Revenue": "952,600", "Cost of Revenue": "-", "Gross Profit": "-", "Operating Expense": "952,600", "Operating Income": "0", "Net Non Operating Interest Income Expense": "-11,000", "Pretax Income": "121,100", "Tax Provision": "44,500", "Net Income Common Stockholders": "64,400", "Average Dilution Earnings": "-", "Diluted NI Available to Com Stockholders": "64,400", "Basic EPS": "0.14", "Diluted EPS": "0.14", "Basic Average Shares": "456,105", "Diluted Average Shares": "456,105", "Total Operating Income as Reported": "-", "Rent Expense Supplemental": "3,100", "Total Expenses": "952,600", "Net Income from Continuing & Discontinued Operation": "73,500", "Normalized Income": "73,500", "Interest Income": "9,000", "Interest Expense": "20,000", "Net Interest Income": "-11,000", "EBIT": "141,100", "EBITDA": "-", "Reconciled Cost of Revenue": "-", "Reconciled Depreciation": "27,800", "Net Income from Continuing Operation Net Minority Interest": "73,500", "Total Unusual Items Excluding Goodwill": "-", "Total Unusual Items": "-", "Normalized EBITDA": "168,900", "Tax Rate for Calcs": "0", "Tax Effect of Unusual Items": "0"}, "12/31/1985": {"Duration": "12/31/1985", "Total Revenue": "970,100", "Cost of Revenue": "-", "Gross Profit": "-", "Operating Expense": "970,100", "Operating Income": "0", "Net Non Operating Interest Income Expense": "-15,300", "Pretax Income": "109,300", "Tax Provision": "46,500", "Net Income Common Stockholders": "69,100", "Average Dilution Earnings": "-", "Diluted NI Available to Com Stockholders": "69,100", "Basic EPS": "0.16", "Diluted EPS": "0.16", "Basic Average Shares": "444,759", "Diluted Average Shares": "444,759", "Total Operating Income as Reported": "-", "Rent Expense Supplemental": "2,100", "Total Expenses": "970,100", "Net Income from Continuing & Discontinued Operation": "57,600", "Normalized Income": "57,600", "Interest Income": "6,300", "Interest Expense": "21,600", "Net Interest Income": "-15,300", "EBIT": "130,900", "EBITDA": "-", "Reconciled Cost of Revenue": "-", "Reconciled Depreciation": "24,100", "Net Income from Continuing Operation Net Minority Interest": "57,600", "Total Unusual Items Excluding Goodwill": "-", "Total Unusual Items": "-", "Normalized EBITDA": "155,000", "Tax Rate for Calcs": "0", "Tax Effect of Unusual Items": "0"}}, "bs": {"12/31/2020": {"Duration": "12/31/2020", "Total Assets": "7,451,000", "Total Liabilities Net Minority Interest": "3,317,000", "Total Equity Gross Minority Interest": "4,134,000", "Total Capitalization": "4,912,000", "Preferred Stock Equity": "-", "Common Stock Equity": "4,125,000", "Capital Lease Obligations": "683,000", "Net Tangible Assets": "1,383,000", "Working Capital": "1,695,000", "Invested Capital": "5,093,000", "Tangible Book Value": "1,383,000", "Total Debt": "1,651,000", "Net Debt": "-", "Share Issued": "753,258", "Ordinary Shares Number": "753,258", "Treasury Shares Number": "0"}, "12/31/2019": {"Duration": "12/31/2019", "Total Assets": "7,650,000", "Total Liabilities Net Minority Interest": "3,327,000", "Total Equity Gross Minority Interest": "4,323,000", "Total Capitalization": "5,136,000", "Preferred Stock Equity": "-", "Common Stock Equity": "4,313,000", "Capital Lease Obligations": "838,000", "Net Tangible Assets": "1,413,000", "Working Capital": "1,681,000", "Invested Capital": "5,139,000", "Tangible Book Value": "1,413,000", "Total Debt": "1,664,000", "Net Debt": "389,000", "Share Issued": "782,099", "Ordinary Shares Number": "778,841", "Treasury Shares Number": "3,258"}, "12/31/2018": {"Duration": "12/31/2018", "Total Assets": "7,905,000", "Total Liabilities Net Minority Interest": "3,380,000", "Total Equity Gross Minority Interest": "4,525,000", "Total Capitalization": "5,188,000", "Preferred Stock Equity": "-", "Common Stock Equity": "4,516,000", "Capital Lease Obligations": "5,000", "Net Tangible Assets": "1,507,000", "Working Capital": "1,242,000", "Invested Capital": "5,231,000", "Tangible Book Value": "1,507,000", "Total Debt": "720,000", "Net Debt": "147,000", "Share Issued": "781,078", "Ordinary Shares Number": "781,078", "Treasury Shares Number": "0"}, "12/31/2017": {"Duration": "12/31/2017", "Total Assets": "7,888,000", "Total Liabilities Net Minority Interest": "3,867,000", "Total Equity Gross Minority Interest": "4,021,000", "Total Capitalization": "5,075,000", "Preferred Stock Equity": "-", "Common Stock Equity": "4,013,000", "Capital Lease Obligations": "8,000", "Net Tangible Assets": "1,049,000", "Working Capital": "1,074,000", "Invested Capital": "5,090,000", "Tangible Book Value": "1,049,000", "Total Debt": "1,085,000", "Net Debt": "559,000", "Share Issued": "802,054", "Ordinary Shares Number": "796,060", "Treasury Shares Number": "5,994"}, "12/31/2016": {"Duration": "12/31/2016", "Total Assets": "10,066,000", "Total Liabilities Net Minority Interest": "5,718,000", "Total Equity Gross Minority Interest": "4,348,000", "Total Capitalization": "6,764,000", "Preferred Stock Equity": "-", "Common Stock Equity": "4,344,000", "Capital Lease Obligations": "9,000", "Net Tangible Assets": "902,000", "Working Capital": "2,161,000", "Invested Capital": "6,803,000", "Tangible Book Value": "902,000", "Total Debt": "2,468,000", "Net Debt": "1,000,000", "Share Issued": "822,127", "Ordinary Shares Number": "814,408", "Treasury Shares Number": "7,719"}, "12/31/2015": {"Duration": "12/31/2015", "Total Assets": "11,635,000", "Total Liabilities Net Minority Interest": "5,217,000", "Total Equity Gross Minority Interest": "6,418,000", "Total Capitalization": "8,458,000", "Preferred Stock Equity": "-", "Common Stock Equity": "6,414,000", "Capital Lease Obligations": "8,000", "Net Tangible Assets": "1,250,000", "Working Capital": "2,192,000", "Invested Capital": "8,736,000", "Tangible Book Value": "1,250,000", "Total Debt": "2,330,000", "Net Debt": "619,000", "Share Issued": "821,069", "Ordinary Shares Number": "821,069", "Treasury Shares Number": "0"}, "12/31/2014": {"Duration": "12/31/2014", "Total Assets": "11,397,000", "Total Liabilities Net Minority Interest": "5,412,000", "Total Equity Gross Minority Interest": "5,985,000", "Total Capitalization": "7,857,000", "Preferred Stock Equity": "-", "Common Stock Equity": "5,979,000", "Capital Lease Obligations": "10,000", "Net Tangible Assets": "-331,000", "Working Capital": "737,000", "Invested Capital": "8,194,000", "Tangible Book Value": "-331,000", "Total Debt": "2,225,000", "Net Debt": "1,685,000", "Share Issued": "819,883", "Ordinary Shares Number": "819,883", "Treasury Shares Number": "0"}, "12/31/2013": {"Duration": "12/31/2013", "Total Assets": "10,931,000", "Total Liabilities Net Minority Interest": "5,225,000", "Total Equity Gross Minority Interest": "5,706,000", "Total Capitalization": "7,388,000", "Preferred Stock Equity": "-", "Common Stock Equity": "5,700,000", "Capital Lease Obligations": "11,000", "Net Tangible Assets": "-101,000", "Working Capital": "689,000", "Invested Capital": "7,915,000", "Tangible Book Value": "-101,000", "Total Debt": "2,226,000", "Net Debt": "1,486,000", "Share Issued": "818,580", "Ordinary Shares Number": "818,580", "Treasury Shares Number": "0"}, "12/31/2012": {"Duration": "12/31/2012", "Total Assets": "11,348,000", "Total Liabilities Net Minority Interest": "5,638,000", "Total Equity Gross Minority Interest": "5,710,000", "Total Capitalization": "7,689,000", "Preferred Stock Equity": "-", "Common Stock Equity": "5,686,000", "Capital Lease Obligations": "17,000", "Net Tangible Assets": "-532,000", "Working Capital": "1,812,000", "Invested Capital": "7,941,000", "Tangible Book Value": "-532,000", "Total Debt": "2,272,000", "Net Debt": "1,193,000", "Share Issued": "817,043", "Ordinary Shares Number": "817,043", "Treasury Shares Number": "-"}, "12/31/2011": {"Duration": "12/31/2011", "Total Assets": "11,244,000", "Total Liabilities Net Minority Interest": "5,282,000", "Total Equity Gross Minority Interest": "5,962,000", "Total Capitalization": "7,907,000", "Preferred Stock Equity": "-", "Common Stock Equity": "5,943,000", "Capital Lease Obligations": "-", "Net Tangible Assets": "-399,000", "Working Capital": "1,731,000", "Invested Capital": "7,994,000", "Tangible Book Value": "-399,000", "Total Debt": "2,051,000", "Net Debt": "682,000", "Share Issued": "815,626", "Ordinary Shares Number": "815,626", "Treasury Shares Number": "-"}, "12/31/2010": {"Duration": "12/31/2010", "Total Assets": "10,668,000", "Total Liabilities Net Minority Interest": "5,063,000", "Total Equity Gross Minority Interest": "5,605,000", "Total Capitalization": "7,446,000", "Preferred Stock Equity": "-", "Common Stock Equity": "5,538,000", "Capital Lease Obligations": "-", "Net Tangible Assets": "71,000", "Working Capital": "1,925,000", "Invested Capital": "7,850,000", "Tangible Book Value": "71,000", "Total Debt": "2,312,000", "Net Debt": "576,000", "Share Issued": "812,677", "Ordinary Shares Number": "812,677", "Treasury Shares Number": "-"}, "12/31/2009": {"Duration": "12/31/2009", "Total Assets": "9,412,000", "Total Liabilities Net Minority Interest": "4,776,000", "Total Equity Gross Minority Interest": "4,636,000", "Total Capitalization": "6,279,000", "Preferred Stock Equity": "-", "Common Stock Equity": "4,345,000", "Capital Lease Obligations": "-", "Net Tangible Assets": "-784,000", "Working Capital": "1,467,000", "Invested Capital": "6,353,000", "Tangible Book Value": "-784,000", "Total Debt": "2,008,000", "Net Debt": "1,258,000", "Share Issued": "810,799", "Ordinary Shares Number": "810,799", "Treasury Shares Number": "-"}, "12/31/2008": {"Duration": "12/31/2008", "Total Assets": "9,836,742", "Total Liabilities Net Minority Interest": "4,842,914", "Total Equity Gross Minority Interest": "4,993,828", "Total Capitalization": "6,724,904", "Preferred Stock Equity": "-", "Common Stock Equity": "4,721,363", "Capital Lease Obligations": "2,731", "Net Tangible Assets": "-599,560", "Working Capital": "1,301,550", "Invested Capital": "7,067,022", "Tangible Book Value": "-599,560", "Total Debt": "2,348,390", "Net Debt": "1,664,837", "Share Issued": "819,725", "Ordinary Shares Number": "809,277", "Treasury Shares Number": "10,448"}, "12/31/2007": {"Duration": "12/31/2007", "Total Assets": "7,299,019", "Total Liabilities Net Minority Interest": "3,421,336", "Total Equity Gross Minority Interest": "3,877,683", "Total Capitalization": "4,748,522", "Preferred Stock Equity": "-", "Common Stock Equity": "3,698,674", "Capital Lease Obligations": "-", "Net Tangible Assets": "-119,003", "Working Capital": "664,602", "Invested Capital": "5,308,240", "Tangible Book Value": "-119,003", "Total Debt": "1,609,566", "Net Debt": "1,048,840", "Share Issued": "808,028", "Ordinary Shares Number": "808,028", "Treasury Shares Number": "-"}, "12/31/2006": {"Duration": "12/31/2006", "Total Assets": "7,210,562", "Total Liabilities Net Minority Interest": "3,567,766", "Total Equity Gross Minority Interest": "3,642,796", "Total Capitalization": "4,622,273", "Preferred Stock Equity": "-", "Common Stock Equity": "3,474,871", "Capital Lease Obligations": "-", "Net Tangible Assets": "-105,144", "Working Capital": "685,991", "Invested Capital": "5,216,901", "Tangible Book Value": "-105,144", "Total Debt": "1,742,029", "Net Debt": "1,150,464", "Share Issued": "806,109", "Ordinary Shares Number": "806,109", "Treasury Shares Number": "-"}, "12/31/2005": {"Duration": "12/31/2005", "Total Assets": "7,598,086", "Total Liabilities Net Minority Interest": "3,865,876", "Total Equity Gross Minority Interest": "3,732,210", "Total Capitalization": "5,265,891", "Preferred Stock Equity": "-", "Common Stock Equity": "3,563,092", "Capital Lease Obligations": "-", "Net Tangible Assets": "-289,999", "Working Capital": "1,368,632", "Invested Capital": "5,521,601", "Tangible Book Value": "-289,999", "Total Debt": "1,958,509", "Net Debt": "1,056,549", "Share Issued": "803,525", "Ordinary Shares Number": "803,525", "Treasury Shares Number": "-"}, "12/31/2004": {"Duration": "12/31/2004", "Total Assets": "5,983,127", "Total Liabilities Net Minority Interest": "3,168,826", "Total Equity Gross Minority Interest": "2,814,301", "Total Capitalization": "4,312,690", "Preferred Stock Equity": "-", "Common Stock Equity": "2,601,586", "Capital Lease Obligations": "2,085", "Net Tangible Assets": "-287,269", "Working Capital": "1,282,546", "Invested Capital": "4,419,569", "Tangible Book Value": "-287,269", "Total Debt": "1,820,068", "Net Debt": "1,205,384", "Share Issued": "803,250", "Ordinary Shares Number": "803,250", "Treasury Shares Number": "-"}, "12/31/2003": {"Duration": "12/31/2003", "Total Assets": "6,386,800", "Total Liabilities Net Minority Interest": "3,243,520", "Total Equity Gross Minority Interest": "3,143,280", "Total Capitalization": "4,293,520", "Preferred Stock Equity": "-", "Common Stock Equity": "2,948,400", "Capital Lease Obligations": "2,240", "Net Tangible Assets": "-307,440", "Working Capital": "818,160", "Invested Capital": "4,867,520", "Tangible Book Value": "-307,440", "Total Debt": "1,921,360", "Net Debt": "1,359,120", "Share Issued": "802,388", "Ordinary Shares Number": "802,388", "Treasury Shares Number": "-"}, "12/31/2002": {"Duration": "12/31/2002", "Total Assets": "6,855,426", "Total Liabilities Net Minority Interest": "3,324,031", "Total Equity Gross Minority Interest": "3,531,395", "Total Capitalization": "5,074,207", "Preferred Stock Equity": "-", "Common Stock Equity": "3,339,552", "Capital Lease Obligations": "3,104", "Net Tangible Assets": "-272,553", "Working Capital": "1,179,615", "Invested Capital": "5,326,893", "Tangible Book Value": "-272,553", "Total Debt": "1,990,445", "Net Debt": "1,411,813", "Share Issued": "801,662", "Ordinary Shares Number": "801,662", "Treasury Shares Number": "-"}, "12/31/2001": {"Duration": "12/31/2001", "Total Assets": "8,054,356", "Total Liabilities Net Minority Interest": "4,282,167", "Total Equity Gross Minority Interest": "3,772,189", "Total Capitalization": "6,208,523", "Preferred Stock Equity": "-", "Common Stock Equity": "3,596,002", "Capital Lease Obligations": "-", "Net Tangible Assets": "-674,465", "Working Capital": "883,687", "Invested Capital": "6,373,698", "Tangible Book Value": "-674,465", "Total Debt": "2,777,696", "Net Debt": "2,384,029", "Share Issued": "800,589", "Ordinary Shares Number": "800,589", "Treasury Shares Number": "-"}, "12/31/2000": {"Duration": "12/31/2000", "Total Assets": "8,819,587", "Total Liabilities Net Minority Interest": "4,605,628", "Total Equity Gross Minority Interest": "4,213,959", "Total Capitalization": "6,756,796", "Preferred Stock Equity": "-", "Common Stock Equity": "4,048,587", "Capital Lease Obligations": "-", "Net Tangible Assets": "-478,037", "Working Capital": "978,169", "Invested Capital": "6,868,606", "Tangible Book Value": "-478,037", "Total Debt": "2,820,018", "Net Debt": "2,394,873", "Share Issued": "797,593", "Ordinary Shares Number": "797,593", "Treasury Shares Number": "-"}, "12/31/1999": {"Duration": "12/31/1999", "Total Assets": "5,350,000", "Total Liabilities Net Minority Interest": "4,023,000", "Total Equity Gross Minority Interest": "1,327,000", "Total Capitalization": "3,597,000", "Preferred Stock Equity": "-", "Common Stock Equity": "1,321,000", "Capital Lease Obligations": "-", "Net Tangible Assets": "-1,136,000", "Working Capital": "667,000", "Invested Capital": "3,649,000", "Tangible Book Value": "-1,136,000", "Total Debt": "2,328,000", "Net Debt": "2,000,000", "Share Issued": "695,129", "Ordinary Shares Number": "695,129", "Treasury Shares Number": "-"}, "12/31/1998": {"Duration": "12/31/1998", "Total Assets": "5,317,000", "Total Liabilities Net Minority Interest": "4,233,000", "Total Equity Gross Minority Interest": "1,084,000", "Total Capitalization": "3,654,000", "Preferred Stock Equity": "-", "Common Stock Equity": "1,048,000", "Capital Lease Obligations": "-", "Net Tangible Assets": "-1,282,000", "Working Capital": "885,000", "Invested Capital": "5,008,000", "Tangible Book Value": "-1,282,000", "Total Debt": "3,960,000", "Net Debt": "3,615,000", "Share Issued": "691,595", "Ordinary Shares Number": "691,595", "Treasury Shares Number": "-"}, "12/31/1997": {"Duration": "12/31/1997", "Total Assets": "2,252,900", "Total Liabilities Net Minority Interest": "2,096,900", "Total Equity Gross Minority Interest": "156,000", "Total Capitalization": "806,100", "Preferred Stock Equity": "-", "Common Stock Equity": "152,500", "Capital Lease Obligations": "-", "Net Tangible Assets": "152,500", "Working Capital": "177,500", "Invested Capital": "2,037,600", "Tangible Book Value": "152,500", "Total Debt": "1,885,100", "Net Debt": "1,670,300", "Share Issued": "654,400", "Ordinary Shares Number": "654,400", "Treasury Shares Number": "-"}, "12/31/1996": {"Duration": "12/31/1996", "Total Assets": "2,246,000", "Total Liabilities Net Minority Interest": "1,853,700", "Total Equity Gross Minority Interest": "392,300", "Total Capitalization": "944,400", "Preferred Stock Equity": "-", "Common Stock Equity": "388,600", "Capital Lease Obligations": "-", "Net Tangible Assets": "388,600", "Working Capital": "243,400", "Invested Capital": "1,119,400", "Tangible Book Value": "388,600", "Total Debt": "730,800", "Net Debt": "431,800", "Share Issued": "647,852", "Ordinary Shares Number": "647,852", "Treasury Shares Number": "-"}, "12/31/1995": {"Duration": "12/31/1995", "Total Assets": "2,567,800", "Total Liabilities Net Minority Interest": "1,712,400", "Total Equity Gross Minority Interest": "855,400", "Total Capitalization": "1,308,700", "Preferred Stock Equity": "-", "Common Stock Equity": "833,200", "Capital Lease Obligations": "-", "Net Tangible Assets": "833,200", "Working Capital": "554,500", "Invested Capital": "1,571,200", "Tangible Book Value": "833,200", "Total Debt": "738,000", "Net Debt": "66,000", "Share Issued": "631,018", "Ordinary Shares Number": "631,018", "Treasury Shares Number": "-"}, "12/31/1994": {"Duration": "12/31/1994", "Total Assets": "2,398,600", "Total Liabilities Net Minority Interest": "1,346,700", "Total Equity Gross Minority Interest": "1,051,900", "Total Capitalization": "1,395,200", "Preferred Stock Equity": "-", "Common Stock Equity": "1,036,100", "Capital Lease Obligations": "-", "Net Tangible Assets": "1,036,100", "Working Capital": "409,900", "Invested Capital": "1,552,900", "Tangible Book Value": "1,036,100", "Total Debt": "516,800", "Net Debt": "150,100", "Share Issued": "627,257", "Ordinary Shares Number": "627,257", "Treasury Shares Number": "-"}, "12/31/1993": {"Duration": "12/31/1993", "Total Assets": "1,920,700", "Total Liabilities Net Minority Interest": "920,600", "Total Equity Gross Minority Interest": "1,000,100", "Total Capitalization": "1,332,200", "Preferred Stock Equity": "-", "Common Stock Equity": "997,300", "Capital Lease Obligations": "-", "Net Tangible Assets": "997,300", "Working Capital": "622,500", "Invested Capital": "1,428,500", "Tangible Book Value": "997,300", "Total Debt": "431,200", "Net Debt": "5,300", "Share Issued": "624,272", "Ordinary Shares Number": "624,272", "Treasury Shares Number": "-"}, "12/31/1992": {"Duration": "12/31/1992", "Total Assets": "2,145,500", "Total Liabilities Net Minority Interest": "1,087,200", "Total Equity Gross Minority Interest": "1,058,300", "Total Capitalization": "1,388,800", "Preferred Stock Equity": "-", "Common Stock Equity": "1,052,000", "Capital Lease Obligations": "-", "Net Tangible Assets": "1,052,000", "Working Capital": "673,300", "Invested Capital": "1,597,200", "Tangible Book Value": "1,052,000", "Total Debt": "545,200", "Net Debt": "125,200", "Share Issued": "619,404", "Ordinary Shares Number": "619,404", "Treasury Shares Number": "-"}, "12/31/1991": {"Duration": "12/31/1991", "Total Assets": "1,935,800", "Total Liabilities Net Minority Interest": "954,700", "Total Equity Gross Minority Interest": "981,100", "Total Capitalization": "1,211,000", "Preferred Stock Equity": "-", "Common Stock Equity": "975,400", "Capital Lease Obligations": "-", "Net Tangible Assets": "975,400", "Working Capital": "513,700", "Invested Capital": "1,483,300", "Tangible Book Value": "975,400", "Total Debt": "507,900", "Net Debt": "122,200", "Share Issued": "617,773", "Ordinary Shares Number": "617,773", "Treasury Shares Number": "-"}, "12/31/1990": {"Duration": "12/31/1990", "Total Assets": "1,749,400", "Total Liabilities Net Minority Interest": "1,037,900", "Total Equity Gross Minority Interest": "711,500", "Total Capitalization": "987,700", "Preferred Stock Equity": "-", "Common Stock Equity": "705,800", "Capital Lease Obligations": "-", "Net Tangible Assets": "705,800", "Working Capital": "251,000", "Invested Capital": "1,333,700", "Tangible Book Value": "705,800", "Total Debt": "627,900", "Net Debt": "410,500", "Share Issued": "615,753", "Ordinary Shares Number": "615,753", "Treasury Shares Number": "-"}, "12/31/1989": {"Duration": "12/31/1989", "Total Assets": "1,550,000", "Total Liabilities Net Minority Interest": "894,400", "Total Equity Gross Minority Interest": "655,100", "Total Capitalization": "1,031,400", "Preferred Stock Equity": "500", "Common Stock Equity": "648,200", "Capital Lease Obligations": "-", "Net Tangible Assets": "648,700", "Working Capital": "385,800", "Invested Capital": "1,087,100", "Tangible Book Value": "648,200", "Total Debt": "438,900", "Net Debt": "377,800", "Share Issued": "579,104", "Ordinary Shares Number": "579,104", "Treasury Shares Number": "-"}, "12/31/1988": {"Duration": "12/31/1988", "Total Assets": "1,314,700", "Total Liabilities Net Minority Interest": "831,000", "Total Equity Gross Minority Interest": "483,200", "Total Capitalization": "881,700", "Preferred Stock Equity": "500", "Common Stock Equity": "468,500", "Capital Lease Obligations": "-", "Net Tangible Assets": "469,000", "Working Capital": "354,600", "Invested Capital": "905,500", "Tangible Book Value": "468,500", "Total Debt": "437,000", "Net Debt": "375,200", "Share Issued": "579,104", "Ordinary Shares Number": "579,104", "Treasury Shares Number": "-"}, "12/31/1987": {"Duration": "12/31/1987", "Total Assets": "1,072,500", "Total Liabilities Net Minority Interest": "471,100", "Total Equity Gross Minority Interest": "600,900", "Total Capitalization": "761,200", "Preferred Stock Equity": "500", "Common Stock Equity": "593,300", "Capital Lease Obligations": "-", "Net Tangible Assets": "593,800", "Working Capital": "423,700", "Invested Capital": "769,800", "Tangible Book Value": "593,300", "Total Debt": "176,500", "Net Debt": "-", "Share Issued": "487,420", "Ordinary Shares Number": "487,420", "Treasury Shares Number": "-"}, "12/31/1986": {"Duration": "12/31/1986", "Total Assets": "947,400", "Total Liabilities Net Minority Interest": "472,300", "Total Equity Gross Minority Interest": "474,600", "Total Capitalization": "611,300", "Preferred Stock Equity": "500", "Common Stock Equity": "443,600", "Capital Lease Obligations": "-", "Net Tangible Assets": "444,100", "Working Capital": "358,100", "Invested Capital": "626,000", "Tangible Book Value": "443,600", "Total Debt": "182,400", "Net Debt": "78,400", "Share Issued": "467,451", "Ordinary Shares Number": "467,451", "Treasury Shares Number": "-"}, "12/31/1985": {"Duration": "12/31/1985", "Total Assets": "852,200", "Total Liabilities Net Minority Interest": "433,900", "Total Equity Gross Minority Interest": "417,800", "Total Capitalization": "517,900", "Preferred Stock Equity": "500", "Common Stock Equity": "388,200", "Capital Lease Obligations": "-", "Net Tangible Assets": "388,700", "Working Capital": "256,600", "Invested Capital": "544,900", "Tangible Book Value": "388,200", "Total Debt": "156,700", "Net Debt": "125,100", "Share Issued": "444,759", "Ordinary Shares Number": "444,759", "Treasury Shares Number": "-"}}, "cf": {"TTM": {"Duration": "TTM", "Operating Cash Flow": "389,000", "Investing Cash Flow": "591,000", "Financing Cash Flow": "-299,000", "End Cash Position": "1,113,000", "Capital Expenditure": "-134,000", "Issuance of Capital Stock": "6,000", "Issuance of Debt": "346,000", "Repayment of Debt": "-230,000", "Repurchase of Capital Stock": "-182,000", "Free Cash Flow": "255,000"}, "12/31/2020": {"Duration": "12/31/2020", "Operating Cash Flow": "389,000", "Investing Cash Flow": "591,000", "Financing Cash Flow": "-299,000", "End Cash Position": "1,113,000", "Capital Expenditure": "-134,000", "Issuance of Capital Stock": "6,000", "Issuance of Debt": "346,000", "Repayment of Debt": "-230,000", "Repurchase of Capital Stock": "-182,000", "Free Cash Flow": "255,000"}, "12/31/2019": {"Duration": "12/31/2019", "Operating Cash Flow": "369,000", "Investing Cash Flow": "-325,000", "Financing Cash Flow": "-102,000", "End Cash Position": "434,000", "Capital Expenditure": "-193,000", "Issuance of Capital Stock": "7,000", "Issuance of Debt": "230,000", "Repayment of Debt": "-48,000", "Repurchase of Capital Stock": "-52,000", "Free Cash Flow": "176,000"}, "12/31/2018": {"Duration": "12/31/2018", "Operating Cash Flow": "462,000", "Investing Cash Flow": "211,000", "Financing Cash Flow": "-729,000", "End Cash Position": "525,000", "Capital Expenditure": "-200,000", "Issuance of Capital Stock": "6,000", "Issuance of Debt": "0", "Repayment of Debt": "-441,000", "Repurchase of Capital Stock": "-153,000", "Free Cash Flow": "262,000"}, "12/31/2017": {"Duration": "12/31/2017", "Operating Cash Flow": "298,000", "Investing Cash Flow": "651,000", "Financing Cash Flow": "-1,759,000", "End Cash Position": "630,000", "Capital Expenditure": "-232,000", "Issuance of Capital Stock": "5,000", "Issuance of Debt": "2,000", "Repayment of Debt": "-1,294,000", "Repurchase of Capital Stock": "-149,000", "Free Cash Flow": "66,000"}, "12/31/2016": {"Duration": "12/31/2016", "Operating Cash Flow": "410,000", "Investing Cash Flow": "-41,000", "Financing Cash Flow": "-697,000", "End Cash Position": "1,424,000", "Capital Expenditure": "-245,000", "Issuance of Capital Stock": "7,000", "Issuance of Debt": "4,000", "Repayment of Debt": "-249,000", "Repurchase of Capital Stock": "-27,000", "Free Cash Flow": "165,000"}, "12/31/2015": {"Duration": "12/31/2015", "Operating Cash Flow": "211,000", "Investing Cash Flow": "1,332,000", "Financing Cash Flow": "-364,000", "End Cash Position": "1,671,000", "Capital Expenditure": "-247,000", "Issuance of Capital Stock": "11,000", "Issuance of Debt": "372,000", "Repayment of Debt": "-300,000", "Repurchase of Capital Stock": "-23,000", "Free Cash Flow": "-36,000"}, "12/31/2014": {"Duration": "12/31/2014", "Operating Cash Flow": "455,000", "Investing Cash Flow": "-148,000", "Financing Cash Flow": "-534,000", "End Cash Position": "511,000", "Capital Expenditure": "-182,000", "Issuance of Capital Stock": "11,000", "Issuance of Debt": "404,000", "Repayment of Debt": "-538,000", "Repurchase of Capital Stock": "-9,000", "Free Cash Flow": "273,000"}, "12/31/2013": {"Duration": "12/31/2013", "Operating Cash Flow": "356,000", "Investing Cash Flow": "-330,000", "Financing Cash Flow": "-444,000", "End Cash Position": "740,000", "Capital Expenditure": "-182,000", "Issuance of Capital Stock": "14,000", "Issuance of Debt": "319,000", "Repayment of Debt": "-225,000", "Repurchase of Capital Stock": "-47,000", "Free Cash Flow": "174,000"}, "12/31/2012": {"Duration": "12/31/2012", "Operating Cash Flow": "776,000", "Investing Cash Flow": "-883,000", "Financing Cash Flow": "-23,000", "End Cash Position": "1,137,000", "Capital Expenditure": "-151,000", "Issuance of Capital Stock": "11,000", "Issuance of Debt": "327,000", "Repayment of Debt": "0", "Repurchase of Capital Stock": "0", "Free Cash Flow": "625,000"}, "12/31/2011": {"Duration": "12/31/2011", "Operating Cash Flow": "872,000", "Investing Cash Flow": "-395,000", "Financing Cash Flow": "-790,000", "End Cash Position": "1,291,000", "Capital Expenditure": "-144,000", "Issuance of Capital Stock": "21,000", "Issuance of Debt": "0", "Repayment of Debt": "-326,000", "Repurchase of Capital Stock": "-60,000", "Free Cash Flow": "728,000"}, "12/31/2010": {"Duration": "12/31/2010", "Operating Cash Flow": "1,006,000", "Investing Cash Flow": "71,000", "Financing Cash Flow": "-92,000", "End Cash Position": "1,664,000", "Capital Expenditure": "-132,000", "Issuance of Capital Stock": "12,000", "Issuance of Debt": "241,000", "Repayment of Debt": "-16,000", "Repurchase of Capital Stock": "-77,000", "Free Cash Flow": "874,000"}, "12/31/2009": {"Duration": "12/31/2009", "Operating Cash Flow": "819,000", "Investing Cash Flow": "-312,000", "Financing Cash Flow": "-380,000", "End Cash Position": "680,000", "Capital Expenditure": "-120,000", "Issuance of Capital Stock": "8,000", "Issuance of Debt": "296,000", "Repayment of Debt": "-345,000", "Repurchase of Capital Stock": "-33,000", "Free Cash Flow": "699,000"}, "12/31/2008": {"Duration": "12/31/2008", "Operating Cash Flow": "713,599", "Investing Cash Flow": "-366,701", "Financing Cash Flow": "-148,183", "End Cash Position": "585,220", "Capital Expenditure": "-119,502", "Issuance of Capital Stock": "6,146", "Issuance of Debt": "455,000", "Repayment of Debt": "-275,000", "Repurchase of Capital Stock": "-46,435", "Free Cash Flow": "594,097"}, "12/31/2007": {"Duration": "12/31/2007", "Operating Cash Flow": "463,406", "Investing Cash Flow": "-61,014", "Financing Cash Flow": "-444,244", "End Cash Position": "492,652", "Capital Expenditure": "-119,003", "Issuance of Capital Stock": "12,102", "Issuance of Debt": "272,000", "Repayment of Debt": "-391,000", "Repurchase of Capital Stock": "-72,108", "Free Cash Flow": "344,403"}, "12/31/2006": {"Duration": "12/31/2006", "Operating Cash Flow": "455,796", "Investing Cash Flow": "-376,683", "Financing Cash Flow": "-348,100", "End Cash Position": "530,826", "Capital Expenditure": "-96,978", "Issuance of Capital Stock": "11,229", "Issuance of Debt": "84,000", "Repayment of Debt": "-145,000", "Repurchase of Capital Stock": "-36,239", "Free Cash Flow": "358,818"}, "12/31/2005": {"Duration": "12/31/2005", "Operating Cash Flow": "709,015", "Investing Cash Flow": "-101,122", "Financing Cash Flow": "-320,800", "End Cash Position": "843,844", "Capital Expenditure": "-76,132", "Issuance of Capital Stock": "4,068", "Issuance of Debt": "-", "Repayment of Debt": "-79,000", "Repurchase of Capital Stock": "-20,922", "Free Cash Flow": "632,883"}, "12/31/2004": {"Duration": "12/31/2004", "Operating Cash Flow": "407,704", "Investing Cash Flow": "-125,126", "Financing Cash Flow": "-252,860", "End Cash Position": "612,598", "Capital Expenditure": "-125,126", "Issuance of Capital Stock": "4,171", "Issuance of Debt": "473,000", "Repayment of Debt": "-524,000", "Repurchase of Capital Stock": "-9,906", "Free Cash Flow": "282,577"}, "12/31/2003": {"Duration": "12/31/2003", "Operating Cash Flow": "228,480", "Investing Cash Flow": "-112,000", "Financing Cash Flow": "-207,760", "End Cash Position": "560,000", "Capital Expenditure": "-104,720", "Issuance of Capital Stock": "5,040", "Issuance of Debt": "181,000", "Repayment of Debt": "-159,000", "Repurchase of Capital Stock": "-", "Free Cash Flow": "123,760"}, "12/31/2002": {"Duration": "12/31/2002", "Operating Cash Flow": "338,984", "Investing Cash Flow": "659,343", "Financing Cash Flow": "-887,195", "End Cash Position": "575,528", "Capital Expenditure": "-126,033", "Issuance of Capital Stock": "6,209", "Issuance of Debt": "17,000", "Repayment of Debt": "-681,000", "Repurchase of Capital Stock": "-", "Free Cash Flow": "212,952"}, "12/31/2001": {"Duration": "12/31/2001", "Operating Cash Flow": "491,396", "Investing Cash Flow": "-172,057", "Financing Cash Flow": "-384,721", "End Cash Position": "327,597", "Capital Expenditure": "-165,175", "Issuance of Capital Stock": "19,959", "Issuance of Debt": "-", "Repayment of Debt": "-", "Repurchase of Capital Stock": "-", "Free Cash Flow": "326,221"}, "12/31/2000": {"Duration": "12/31/2000", "Operating Cash Flow": "153,320", "Investing Cash Flow": "-2,115,014", "Financing Cash Flow": "2,019,942", "End Cash Position": "425,145", "Capital Expenditure": "-139,260", "Issuance of Capital Stock": "1,961,024", "Issuance of Debt": "-", "Repayment of Debt": "-", "Repurchase of Capital Stock": "-", "Free Cash Flow": "14,060"}, "12/31/1999": {"Duration": "12/31/1999", "Operating Cash Flow": "42,000", "Investing Cash Flow": "285,000", "Financing Cash Flow": "-295,000", "End Cash Position": "280,000", "Capital Expenditure": "-102,000", "Issuance of Capital Stock": "18,000", "Issuance of Debt": "810,000", "Repayment of Debt": "-1,112,000", "Repurchase of Capital Stock": "-", "Free Cash Flow": "-60,000"}, "12/31/1998": {"Duration": "12/31/1998", "Operating Cash Flow": "315,000", "Investing Cash Flow": "-2,093,000", "Financing Cash Flow": "1,924,000", "End Cash Position": "-", "Capital Expenditure": "-125,000", "Issuance of Capital Stock": "-", "Issuance of Debt": "-", "Repayment of Debt": "-", "Repurchase of Capital Stock": "-", "Free Cash Flow": "190,000"}, "12/31/1997": {"Duration": "12/31/1997", "Operating Cash Flow": "132,300", "Investing Cash Flow": "-186,900", "Financing Cash Flow": "125,000", "End Cash Position": "-", "Capital Expenditure": "-110,300", "Issuance of Capital Stock": "-", "Issuance of Debt": "-", "Repayment of Debt": "-", "Repurchase of Capital Stock": "-", "Free Cash Flow": "22,000"}, "12/31/1996": {"Duration": "12/31/1996", "Operating Cash Flow": "77,900", "Investing Cash Flow": "-132,700", "Financing Cash Flow": "21,600", "End Cash Position": "124,000", "Capital Expenditure": "-89,800", "Issuance of Capital Stock": "14,100", "Issuance of Debt": "157,800", "Repayment of Debt": "-149,200", "Repurchase of Capital Stock": "-", "Free Cash Flow": "-11,900"}, "12/31/1995": {"Duration": "12/31/1995", "Operating Cash Flow": "39,600", "Investing Cash Flow": "-188,700", "Financing Cash Flow": "266,700", "End Cash Position": "409,500", "Capital Expenditure": "-100,200", "Issuance of Capital Stock": "11,800", "Issuance of Debt": "256,600", "Repayment of Debt": "-", "Repurchase of Capital Stock": "-", "Free Cash Flow": "-60,600"}, "12/31/1994": {"Duration": "12/31/1994", "Operating Cash Flow": "183,700", "Investing Cash Flow": "-342,300", "Financing Cash Flow": "52,300", "End Cash Position": "31,800", "Capital Expenditure": "-60,700", "Issuance of Capital Stock": "9,700", "Issuance of Debt": "123,700", "Repayment of Debt": "-79,400", "Repurchase of Capital Stock": "-", "Free Cash Flow": "123,000"}, "12/31/1993": {"Duration": "12/31/1993", "Operating Cash Flow": "109,200", "Investing Cash Flow": "80,600", "Financing Cash Flow": "-19,900", "End Cash Position": "136,600", "Capital Expenditure": "-71,300", "Issuance of Capital Stock": "13,900", "Issuance of Debt": "-", "Repayment of Debt": "-31,300", "Repurchase of Capital Stock": "-", "Free Cash Flow": "37,900"}, "12/31/1992": {"Duration": "12/31/1992", "Operating Cash Flow": "113,800", "Investing Cash Flow": "-132,100", "Financing Cash Flow": "-13,900", "End Cash Position": "-37,200", "Capital Expenditure": "-70,400", "Issuance of Capital Stock": "5,500", "Issuance of Debt": "100,000", "Repayment of Debt": "-116,900", "Repurchase of Capital Stock": "-", "Free Cash Flow": "43,400"}, "12/31/1991": {"Duration": "12/31/1991", "Operating Cash Flow": "99,500", "Investing Cash Flow": "72,600", "Financing Cash Flow": "-57,200", "End Cash Position": "-118,000", "Capital Expenditure": "-81,200", "Issuance of Capital Stock": "4,100", "Issuance of Debt": "57,800", "Repayment of Debt": "-116,500", "Repurchase of Capital Stock": "-", "Free Cash Flow": "18,300"}}, "ks": {"Current": {"Duration": "Current", "Market Cap (intraday) 5": "8.98B", "Enterprise Value 3": "9.77B", "Trailing P/E ": "20.61", "Forward P/E 1": "24.15", "PEG Ratio (5 yr expected) 1": "3.56", "Price/Sales (ttm)": "1.88", "Price/Book (mrq)": "1.55", "Enterprise Value/Revenue 3": "2.88", "Enterprise Value/EBITDA 7": "13.02"}, "12/31/2008": {"Duration": "12/31/2008", "Market Cap (intraday) 5": "7.72B", "Enterprise Value 3": "10.08B", "Trailing P/E ": "13.60", "Forward P/E 1": "N/A", "PEG Ratio (5 yr expected) 1": "N/A", "Price/Sales (ttm)": "1.08", "Price/Book (mrq)": "1.11", "Enterprise Value/Revenue 3": "7.16", "Enterprise Value/EBITDA 7": "-3.73"}, "9/30/2008": {"Duration": "9/30/2008", "Market Cap (intraday) 5": "8.82B", "Enterprise Value 3": "11.82B", "Trailing P/E ": "26.35", "Forward P/E 1": "N/A", "PEG Ratio (5 yr expected) 1": "N/A", "Price/Sales (ttm)": "1.04", "Price/Book (mrq)": "1.41", "Enterprise Value/Revenue 3": "8.34", "Enterprise Value/EBITDA 7": "8.34"}, "6/30/2008": {"Duration": "6/30/2008", "Market Cap (intraday) 5": "9.90B", "Enterprise Value 3": "13.25B", "Trailing P/E ": "16.26", "Forward P/E 1": "N/A", "PEG Ratio (5 yr expected) 1": "N/A", "Price/Sales (ttm)": "1.11", "Price/Book (mrq)": "1.42", "Enterprise Value/Revenue 3": "13.48", "Enterprise Value/EBITDA 7": "-15.02"}, "3/31/2008": {"Duration": "3/31/2008", "Market Cap (intraday) 5": "10.98B", "Enterprise Value 3": "12.92B", "Trailing P/E ": "17.63", "Forward P/E 1": "N/A", "PEG Ratio (5 yr expected) 1": "N/A", "Price/Sales (ttm)": "1.27", "Price/Book (mrq)": "1.50", "Enterprise Value/Revenue 3": "13.16", "Enterprise Value/EBITDA 7": "13.16"}, "12/31/2007": {"Duration": "12/31/2007", "Market Cap (intraday) 5": "11.71B", "Enterprise Value 3": "13.65B", "Trailing P/E ": "18.73", "Forward P/E 1": "N/A", "PEG Ratio (5 yr expected) 1": "N/A", "Price/Sales (ttm)": "1.40", "Price/Book (mrq)": "1.60", "Enterprise Value/Revenue 3": "10.49", "Enterprise Value/EBITDA 7": "-5.96"}, "9/30/2007": {"Duration": "9/30/2007", "Market Cap (intraday) 5": "12.49B", "Enterprise Value 3": "14.69B", "Trailing P/E ": "13.51", "Forward P/E 1": "N/A", "PEG Ratio (5 yr expected) 1": "N/A", "Price/Sales (ttm)": "1.45", "Price/Book (mrq)": "1.76", "Enterprise Value/Revenue 3": "12.50", "Enterprise Value/EBITDA 7": "12.50"}, "6/30/2007": {"Duration": "6/30/2007", "Market Cap (intraday) 5": "13.59B", "Enterprise Value 3": "15.75B", "Trailing P/E ": "15.16", "Forward P/E 1": "N/A", "PEG Ratio (5 yr expected) 1": "N/A", "Price/Sales (ttm)": "1.65", "Price/Book (mrq)": "1.95", "Enterprise Value/Revenue 3": "18.30", "Enterprise Value/EBITDA 7": "416.23"}, "3/31/2007": {"Duration": "3/31/2007", "Market Cap (intraday) 5": "13.81B", "Enterprise Value 3": "15.93B", "Trailing P/E ": "16.53", "Forward P/E 1": "N/A", "PEG Ratio (5 yr expected) 1": "N/A", "Price/Sales (ttm)": "1.74", "Price/Book (mrq)": "2.02", "Enterprise Value/Revenue 3": "18.51", "Enterprise Value/EBITDA 7": "18.51"}, "12/31/2006": {"Duration": "12/31/2006", "Market Cap (intraday) 5": "12.17B", "Enterprise Value 3": "15.39B", "Trailing P/E ": "25.68", "Forward P/E 1": "N/A", "PEG Ratio (5 yr expected) 1": "N/A", "Price/Sales (ttm)": "1.67", "Price/Book (mrq)": "1.89", "Enterprise Value/Revenue 3": "13.63", "Enterprise Value/EBITDA 7": "-6.24"}, "9/30/2006": {"Duration": "9/30/2006", "Market Cap (intraday) 5": "11.46B", "Enterprise Value 3": "14.53B", "Trailing P/E ": "21.36", "Forward P/E 1": "N/A", "PEG Ratio (5 yr expected) 1": "N/A", "Price/Sales (ttm)": "1.46", "Price/Book (mrq)": "1.86", "Enterprise Value/Revenue 3": "12.87", "Enterprise Value/EBITDA 7": "12.87"}, "6/30/2006": {"Duration": "6/30/2006", "Market Cap (intraday) 5": "10.98B", "Enterprise Value 3": "14.02B", "Trailing P/E ": "20.74", "Forward P/E 1": "N/A", "PEG Ratio (5 yr expected) 1": "N/A", "Price/Sales (ttm)": "1.42", "Price/Book (mrq)": "1.81", "Enterprise Value/Revenue 3": "16.75", "Enterprise Value/EBITDA 7": "528.68"}, "3/31/2006": {"Duration": "3/31/2006", "Market Cap (intraday) 5": "11.13B", "Enterprise Value 3": "12.96B", "Trailing P/E ": "20.78", "Forward P/E 1": "N/A", "PEG Ratio (5 yr expected) 1": "N/A", "Price/Sales (ttm)": "1.51", "Price/Book (mrq)": "1.80", "Enterprise Value/Revenue 3": "13.82", "Enterprise Value/EBITDA 7": "13.82"}, "12/31/2005": {"Duration": "12/31/2005", "Market Cap (intraday) 5": "9.54B", "Enterprise Value 3": "11.61B", "Trailing P/E ": "12.85", "Forward P/E 1": "N/A", "PEG Ratio (5 yr expected) 1": "N/A", "Price/Sales (ttm)": "1.36", "Price/Book (mrq)": "1.98", "Enterprise Value/Revenue 3": "9.06", "Enterprise Value/EBITDA 7": "-5.10"}, "9/30/2005": {"Duration": "9/30/2005", "Market Cap (intraday) 5": "9.43B", "Enterprise Value 3": "11.55B", "Trailing P/E ": "12.36", "Forward P/E 1": "N/A", "PEG Ratio (5 yr expected) 1": "N/A", "Price/Sales (ttm)": "1.31", "Price/Book (mrq)": "1.91", "Enterprise Value/Revenue 3": "9.80", "Enterprise Value/EBITDA 7": "9.80"}, "6/30/2005": {"Duration": "6/30/2005", "Market Cap (intraday) 5": "9.55B", "Enterprise Value 3": "11.71B", "Trailing P/E ": "36.63", "Forward P/E 1": "N/A", "PEG Ratio (5 yr expected) 1": "N/A", "Price/Sales (ttm)": "1.31", "Price/Book (mrq)": "1.90", "Enterprise Value/Revenue 3": "14.53", "Enterprise Value/EBITDA 7": "317.75"}, "3/31/2005": {"Duration": "3/31/2005", "Market Cap (intraday) 5": "9.86B", "Enterprise Value 3": "12.14B", "Trailing P/E ": "30.82", "Forward P/E 1": "N/A", "PEG Ratio (5 yr expected) 1": "N/A", "Price/Sales (ttm)": "1.32", "Price/Book (mrq)": "1.86", "Enterprise Value/Revenue 3": "15.05", "Enterprise Value/EBITDA 7": "15.05"}, "12/31/2004": {"Duration": "12/31/2004", "Market Cap (intraday) 5": "9.77B", "Enterprise Value 3": "12.08B", "Trailing P/E ": "20.58", "Forward P/E 1": "N/A", "PEG Ratio (5 yr expected) 1": "N/A", "Price/Sales (ttm)": "1.37", "Price/Book (mrq)": "1.82", "Enterprise Value/Revenue 3": "11.69", "Enterprise Value/EBITDA 7": "-4.55"}, "9/30/2004": {"Duration": "9/30/2004", "Market Cap (intraday) 5": "8.69B", "Enterprise Value 3": "12.04B", "Trailing P/E ": "53.76", "Forward P/E 1": "N/A", "PEG Ratio (5 yr expected) 1": "N/A", "Price/Sales (ttm)": "1.14", "Price/Book (mrq)": "1.69", "Enterprise Value/Revenue 3": "9.53", "Enterprise Value/EBITDA 7": "9.53"}, "6/30/2004": {"Duration": "6/30/2004", "Market Cap (intraday) 5": "10.01B", "Enterprise Value 3": "13.38B", "Trailing P/E ": "27.97", "Forward P/E 1": "N/A", "PEG Ratio (5 yr expected) 1": "N/A", "Price/Sales (ttm)": "1.41", "Price/Book (mrq)": "1.93", "Enterprise Value/Revenue 3": "19.52", "Enterprise Value/EBITDA 7": "-17.28"}, "3/31/2004": {"Duration": "3/31/2004", "Market Cap (intraday) 5": "9.23B", "Enterprise Value 3": "11.74B", "Trailing P/E ": "67.65", "Forward P/E 1": "N/A", "PEG Ratio (5 yr expected) 1": "N/A", "Price/Sales (ttm)": "1.23", "Price/Book (mrq)": "1.73", "Enterprise Value/Revenue 3": "14.75", "Enterprise Value/EBITDA 7": "14.75"}, "12/31/2003": {"Duration": "12/31/2003", "Market Cap (intraday) 5": "8.99B", "Enterprise Value 3": "11.42B", "Trailing P/E ": "90.98", "Forward P/E 1": "N/A", "PEG Ratio (5 yr expected) 1": "N/A", "Price/Sales (ttm)": "1.23", "Price/Book (mrq)": "1.74", "Enterprise Value/Revenue 3": "9.61", "Enterprise Value/EBITDA 7": "-4.34"}, "9/30/2003": {"Duration": "9/30/2003", "Market Cap (intraday) 5": "7.67B", "Enterprise Value 3": "10.82B", "Trailing P/E ": "N/A", "Forward P/E 1": "N/A", "PEG Ratio (5 yr expected) 1": "N/A", "Price/Sales (ttm)": "1.17", "Price/Book (mrq)": "1.50", "Enterprise Value/Revenue 3": "9.05", "Enterprise Value/EBITDA 7": "9.05"}, "6/30/2003": {"Duration": "6/30/2003", "Market Cap (intraday) 5": "7.70B", "Enterprise Value 3": "10.83B", "Trailing P/E ": "N/A", "Forward P/E 1": "N/A", "PEG Ratio (5 yr expected) 1": "N/A", "Price/Sales (ttm)": "1.11", "Price/Book (mrq)": "1.51", "Enterprise Value/Revenue 3": "12.99", "Enterprise Value/EBITDA 7": "-11.65"}, "3/31/2003": {"Duration": "3/31/2003", "Market Cap (intraday) 5": "6.25B", "Enterprise Value 3": "8.49B", "Trailing P/E ": "N/A", "Forward P/E 1": "N/A", "PEG Ratio (5 yr expected) 1": "N/A", "Price/Sales (ttm)": "0.96", "Price/Book (mrq)": "1.18", "Enterprise Value/Revenue 3": "10.21", "Enterprise Value/EBITDA 7": "10.21"}, "12/31/2002": {"Duration": "12/31/2002", "Market Cap (intraday) 5": "7.50B", "Enterprise Value 3": "9.77B", "Trailing P/E ": "N/A", "Forward P/E 1": "N/A", "PEG Ratio (5 yr expected) 1": "N/A", "Price/Sales (ttm)": "1.07", "Price/Book (mrq)": "1.39", "Enterprise Value/Revenue 3": "9.00", "Enterprise Value/EBITDA 7": "-3.21"}, "9/30/2002": {"Duration": "9/30/2002", "Market Cap (intraday) 5": "6.61B", "Enterprise Value 3": "9.68B", "Trailing P/E ": "N/A", "Forward P/E 1": "N/A", "PEG Ratio (5 yr expected) 1": "N/A", "Price/Sales (ttm)": "0.94", "Price/Book (mrq)": "1.20", "Enterprise Value/Revenue 3": "8.97", "Enterprise Value/EBITDA 7": "8.97"}, "6/30/2002": {"Duration": "6/30/2002", "Market Cap (intraday) 5": "8.32B", "Enterprise Value 3": "11.97B", "Trailing P/E ": "N/A", "Forward P/E 1": "N/A", "PEG Ratio (5 yr expected) 1": "N/A", "Price/Sales (ttm)": "1.24", "Price/Book (mrq)": "1.51", "Enterprise Value/Revenue 3": "13.22", "Enterprise Value/EBITDA 7": "316.35"}, "3/31/2002": {"Duration": "3/31/2002", "Market Cap (intraday) 5": "10.67B", "Enterprise Value 3": "14.07B", "Trailing P/E ": "N/A", "Forward P/E 1": "N/A", "PEG Ratio (5 yr expected) 1": "N/A", "Price/Sales (ttm)": "1.76", "Price/Book (mrq)": "2.08", "Enterprise Value/Revenue 3": "13.04", "Enterprise Value/EBITDA 7": "13.04"}, "12/31/2001": {"Duration": "12/31/2001", "Market Cap (intraday) 5": "9.83B", "Enterprise Value 3": "13.29B", "Trailing P/E ": "N/A", "Forward P/E 1": "N/A", "PEG Ratio (5 yr expected) 1": "N/A", "Price/Sales (ttm)": "1.59", "Price/Book (mrq)": "1.88", "Enterprise Value/Revenue 3": "10.88", "Enterprise Value/EBITDA 7": "-4.43"}, "9/30/2001": {"Duration": "9/30/2001", "Market Cap (intraday) 5": "8.88B", "Enterprise Value 3": "13.11B", "Trailing P/E ": "N/A", "Forward P/E 1": "N/A", "PEG Ratio (5 yr expected) 1": "N/A", "Price/Sales (ttm)": "1.34", "Price/Book (mrq)": "1.40", "Enterprise Value/Revenue 3": "10.82", "Enterprise Value/EBITDA 7": "10.82"}, "6/30/2001": {"Duration": "6/30/2001", "Market Cap (intraday) 5": "13.60B", "Enterprise Value 3": "16.86B", "Trailing P/E ": "141.48", "Forward P/E 1": "N/A", "PEG Ratio (5 yr expected) 1": "N/A", "Price/Sales (ttm)": "2.34", "Price/Book (mrq)": "2.37", "Enterprise Value/Revenue 3": "18.02", "Enterprise Value/EBITDA 7": "568.90"}, "3/31/2001": {"Duration": "3/31/2001", "Market Cap (intraday) 5": "14.00B", "Enterprise Value 3": "17.26B", "Trailing P/E ": "51.63", "Forward P/E 1": "N/A", "PEG Ratio (5 yr expected) 1": "N/A", "Price/Sales (ttm)": "2.39", "Price/Book (mrq)": "2.44", "Enterprise Value/Revenue 3": "18.39", "Enterprise Value/EBITDA 7": "18.39"}, "12/31/2000": {"Duration": "12/31/2000", "Market Cap (intraday) 5": "18.79B", "Enterprise Value 3": "22.59B", "Trailing P/E ": "42.16", "Forward P/E 1": "N/A", "PEG Ratio (5 yr expected) 1": "N/A", "Price/Sales (ttm)": "3.31", "Price/Book (mrq)": "6.86", "Enterprise Value/Revenue 3": "18.85", "Enterprise Value/EBITDA 7": "-8.90"}, "9/30/2000": {"Duration": "9/30/2000", "Market Cap (intraday) 5": "22.40B", "Enterprise Value 3": "26.15B", "Trailing P/E ": "51.12", "Forward P/E 1": "N/A", "PEG Ratio (5 yr expected) 1": "N/A", "Price/Sales (ttm)": "4.02", "Price/Book (mrq)": "8.29", "Enterprise Value/Revenue 3": "21.96", "Enterprise Value/EBITDA 7": "21.96"}, "6/30/2000": {"Duration": "6/30/2000", "Market Cap (intraday) 5": "20.80B", "Enterprise Value 3": "24.65B", "Trailing P/E ": "51.91", "Forward P/E 1": "N/A", "PEG Ratio (5 yr expected) 1": "N/A", "Price/Sales (ttm)": "4.08", "Price/Book (mrq)": "7.50", "Enterprise Value/Revenue 3": "31.91", "Enterprise Value/EBITDA 7": "-43.50"}, "3/31/2000": {"Duration": "3/31/2000", "Market Cap (intraday) 5": "23.40B", "Enterprise Value 3": "26.58B", "Trailing P/E ": "55.50", "Forward P/E 1": "N/A", "PEG Ratio (5 yr expected) 1": "N/A", "Price/Sales (ttm)": "4.36", "Price/Book (mrq)": "11.12", "Enterprise Value/Revenue 3": "34.40", "Enterprise Value/EBITDA 7": "34.40"}}}}]