[{"BABA": {"quote": {"05/11/2021": {"value": "221.38", "Market Cap": "606.378B", "Beta (5Y Monthly)": "0.80", "PE Ratio (TTM)": "24.57", "EPS (TTM)": "9.01", "Earnings Date": "May 13, 2021", "Forward Dividend & Yield": "N/A (N/A)", "Ex-Dividend Date": "N/A", "1y Target Est": "316.84"}}, "fin": {"TTM": {"Duration": "TTM", "Total Revenue": "644,208,000", "Cost of Revenue": "368,253,000", "Gross Profit": "275,955,000", "Operating Expense": "170,485,000", "Operating Income": "105,470,000", "Net Non Operating Interest Income Expense": "60,487,000", "Other Income Expense": "5,649,000", "Pretax Income": "171,606,000", "Tax Provision": "24,857,000", "Earnings from Equity Interest Net of Tax": "4,537,000", "Net Income Common Stockholders": "158,949,000", "Average Dilution Earnings": "-", "Diluted NI Available to Com Stockholders": "158,901,000", "Basic EPS": "-", "Diluted EPS": "-", "Basic Average Shares": "-", "Diluted Average Shares": "-", "Total Operating Income as Reported": "104,472,000", "Total Expenses": "538,738,000", "Net Income from Continuing & Discontinued Operation": "159,164,000", "Normalized Income": "155,967,446", "Interest Income": "64,968,000", "Interest Expense": "4,481,000", "Net Interest Income": "60,487,000", "EBIT": "176,087,000", "EBITDA": "189,143,000", "Reconciled Cost of Revenue": "368,253,000", "Reconciled Depreciation": "13,056,000", "Net Income from Continuing Operation Net Minority Interest": "159,164,000", "Total Unusual Items Excluding Goodwill": "3,738,000", "Total Unusual Items": "3,738,000", "Normalized EBITDA": "185,405,000", "Tax Rate for Calcs": "0", "Tax Effect of Unusual Items": "541,446"}, "3/31/2020": {"Duration": "3/31/2020", "Total Revenue": "509,711,000", "Cost of Revenue": "282,367,000", "Gross Profit": "227,344,000", "Operating Expense": "134,340,000", "Operating Income": "93,004,000", "Net Non Operating Interest Income Expense": "67,776,000", "Other Income Expense": "5,865,000", "Pretax Income": "166,645,000", "Tax Provision": "20,562,000", "Earnings from Equity Interest Net of Tax": "-5,733,000", "Net Income Common Stockholders": "149,263,000", "Average Dilution Earnings": "-48,000", "Diluted NI Available to Com Stockholders": "149,215,000", "Basic EPS": "56.80", "Diluted EPS": "55.92", "Basic Average Shares": "2,627,125", "Diluted Average Shares": "2,668,250", "Total Operating Income as Reported": "91,430,000", "Total Expenses": "416,707,000", "Net Income from Continuing & Discontinued Operation": "149,433,000", "Normalized Income": "147,102,760", "Interest Income": "72,956,000", "Interest Expense": "5,180,000", "Net Interest Income": "67,776,000", "EBIT": "171,825,000", "EBITDA": "-", "Reconciled Cost of Revenue": "253,328,000", "Reconciled Depreciation": "42,427,000", "Net Income from Continuing Operation Net Minority Interest": "149,433,000", "Total Unusual Items Excluding Goodwill": "2,648,000", "Total Unusual Items": "2,648,000", "Normalized EBITDA": "211,604,000", "Tax Rate for Calcs": "0", "Tax Effect of Unusual Items": "317,760"}, "3/31/2019": {"Duration": "3/31/2019", "Total Revenue": "376,844,000", "Cost of Revenue": "206,929,000", "Gross Profit": "169,915,000", "Operating Expense": "112,165,000", "Operating Income": "57,750,000", "Net Non Operating Interest Income Expense": "38,916,000", "Other Income Expense": "-445,000", "Pretax Income": "96,221,000", "Tax Provision": "16,553,000", "Earnings from Equity Interest Net of Tax": "566,000", "Net Income Common Stockholders": "87,600,000", "Average Dilution Earnings": "-42,000", "Diluted NI Available to Com Stockholders": "87,558,000", "Basic EPS": "33.95", "Diluted EPS": "33.38", "Basic Average Shares": "2,580,000", "Diluted Average Shares": "2,623,000", "Total Operating Income as Reported": "57,084,000", "Total Expenses": "319,094,000", "Net Income from Continuing & Discontinued Operation": "87,886,000", "Normalized Income": "89,294,510", "Interest Income": "44,106,000", "Interest Expense": "5,190,000", "Net Interest Income": "38,916,000", "EBIT": "101,411,000", "EBITDA": "-", "Reconciled Cost of Revenue": "180,576,000", "Reconciled Depreciation": "37,080,000", "Net Income from Continuing Operation Net Minority Interest": "87,886,000", "Total Unusual Items Excluding Goodwill": "-1,697,000", "Total Unusual Items": "-1,697,000", "Normalized EBITDA": "140,188,000", "Tax Rate for Calcs": "0", "Tax Effect of Unusual Items": "-288,490"}, "3/31/2018": {"Duration": "3/31/2018", "Total Revenue": "250,266,000", "Cost of Revenue": "107,044,000", "Gross Profit": "143,222,000", "Operating Expense": "72,859,000", "Operating Income": "70,363,000", "Net Non Operating Interest Income Expense": "26,929,000", "Other Income Expense": "3,111,000", "Pretax Income": "100,403,000", "Tax Provision": "18,199,000", "Earnings from Equity Interest Net of Tax": "-20,792,000", "Net Income Common Stockholders": "63,985,000", "Average Dilution Earnings": "-21,000", "Diluted NI Available to Com Stockholders": "63,964,000", "Basic EPS": "25.06", "Diluted EPS": "24.51", "Basic Average Shares": "2,553,000", "Diluted Average Shares": "2,610,000", "Total Operating Income as Reported": "69,314,000", "Total Expenses": "179,903,000", "Net Income from Continuing & Discontinued Operation": "64,093,000", "Normalized Income": "66,091,340", "Interest Income": "30,495,000", "Interest Expense": "3,566,000", "Net Interest Income": "26,929,000", "EBIT": "103,969,000", "EBITDA": "-", "Reconciled Cost of Revenue": "92,144,000", "Reconciled Depreciation": "22,020,000", "Net Income from Continuing Operation Net Minority Interest": "64,093,000", "Total Unusual Items Excluding Goodwill": "-2,437,000", "Total Unusual Items": "-2,437,000", "Normalized EBITDA": "128,426,000", "Tax Rate for Calcs": "0", "Tax Effect of Unusual Items": "-438,660"}}, "bs": {"3/31/2020": {"Duration": "3/31/2020", "Total Assets": "1,312,985,000", "Total Liabilities Net Minority Interest": "442,437,000", "Total Equity Gross Minority Interest": "870,548,000", "Total Capitalization": "875,677,000", "Common Stock Equity": "755,401,000", "Capital Lease Obligations": "21,857,000", "Net Tangible Assets": "417,672,000", "Working Capital": "221,051,000", "Invested Capital": "880,831,000", "Tangible Book Value": "417,672,000", "Total Debt": "147,287,000", "Share Issued": "21,491,995", "Ordinary Shares Number": "21,491,995"}, "3/31/2019": {"Duration": "3/31/2019", "Total Assets": "965,076,000", "Total Liabilities Net Minority Interest": "356,493,000", "Total Equity Gross Minority Interest": "608,583,000", "Total Capitalization": "604,091,000", "Common Stock Equity": "492,257,000", "Capital Lease Obligations": "-", "Net Tangible Assets": "152,627,000", "Working Capital": "62,604,000", "Invested Capital": "626,557,000", "Tangible Book Value": "152,627,000", "Total Debt": "134,300,000", "Share Issued": "20,696,477", "Ordinary Shares Number": "20,696,477"}, "3/31/2018": {"Duration": "3/31/2018", "Total Assets": "717,124,000", "Total Liabilities Net Minority Interest": "280,686,000", "Total Equity Gross Minority Interest": "436,438,000", "Total Capitalization": "485,347,000", "Common Stock Equity": "365,822,000", "Capital Lease Obligations": "-", "Net Tangible Assets": "176,208,000", "Working Capital": "121,045,000", "Invested Capital": "491,375,000", "Tangible Book Value": "176,208,000", "Total Debt": "125,553,000", "Share Issued": "20,575,439", "Ordinary Shares Number": "20,575,439"}}, "cf": {"TTM": {"Duration": "TTM", "Operating Cash Flow": "209,767,000", "Investing Cash Flow": "-249,488,000", "Financing Cash Flow": "2,779,000", "End Cash Position": "334,582,000", "Capital Expenditure": "-", "Issuance of Capital Stock": "-", "Issuance of Debt": "-", "Repayment of Debt": "-", "Repurchase of Capital Stock": "-", "Free Cash Flow": "164,381,000"}, "3/31/2020": {"Duration": "3/31/2020", "Operating Cash Flow": "180,607,000", "Investing Cash Flow": "-108,072,000", "Financing Cash Flow": "70,853,000", "End Cash Position": "345,982,000", "Capital Expenditure": "-45,386,000", "Issuance of Capital Stock": "91,506,000", "Issuance of Debt": "15,788,000", "Repayment of Debt": "-31,741,000", "Repurchase of Capital Stock": "0", "Free Cash Flow": "135,221,000"}, "3/31/2019": {"Duration": "3/31/2019", "Operating Cash Flow": "150,975,000", "Investing Cash Flow": "-151,060,000", "Financing Cash Flow": "-7,392,000", "End Cash Position": "198,494,000", "Capital Expenditure": "-49,643,000", "Issuance of Capital Stock": "354,000", "Issuance of Debt": "12,116,000", "Repayment of Debt": "-16,347,000", "Repurchase of Capital Stock": "-10,872,000", "Free Cash Flow": "101,332,000"}, "3/31/2018": {"Duration": "3/31/2018", "Operating Cash Flow": "125,171,000", "Investing Cash Flow": "-83,890,000", "Financing Cash Flow": "20,359,000", "End Cash Position": "199,309,000", "Capital Expenditure": "-29,836,000", "Issuance of Capital Stock": "399,000", "Issuance of Debt": "72,641,000", "Repayment of Debt": "-39,016,000", "Repurchase of Capital Stock": "0", "Free Cash Flow": "95,335,000"}}}}, {"KAR": {"quote": {"05/11/2021": {"value": "17.59", "Market Cap": "2.238B", "Beta (5Y Monthly)": "1.22", "PE Ratio (TTM)": "262.54", "EPS (TTM)": "0.07", "Earnings Date": "Aug 02, 2021 - Aug 06, 2021", "Forward Dividend & Yield": "N/A (N/A)", "Ex-Dividend Date": "Mar 19, 2020", "1y Target Est": "17.60"}}, "fin": {"TTM": {"Duration": "TTM", "Total Revenue": "2,187,700", "Cost of Revenue": "1,284,800", "Gross Profit": "902,900", "Operating Expense": "736,700", "Operating Income": "166,200", "Net Non Operating Interest Income Expense": "-128,900", "Other Income Expense": "-31,900", "Pretax Income": "5,400", "Tax Provision": "4,900", "Net Income Common Stockholders": "-21,100", "Diluted NI Available to Com Stockholders": "-21,100", "Basic EPS": "-", "Diluted EPS": "-", "Basic Average Shares": "-", "Diluted Average Shares": "-", "Total Operating Income as Reported": "136,400", "Total Expenses": "2,021,500", "Net Income from Continuing & Discontinued Operation": "500", "Normalized Income": "22,254", "Interest Expense": "128,900", "Net Interest Income": "-128,900", "EBIT": "134,300", "EBITDA": "325,600", "Reconciled Cost of Revenue": "1,284,800", "Reconciled Depreciation": "191,300", "Net Income from Continuing Operation Net Minority Interest": "500", "Total Unusual Items Excluding Goodwill": "-29,800", "Total Unusual Items": "-29,800", "Normalized EBITDA": "355,400", "Tax Rate for Calcs": "0", "Tax Effect of Unusual Items": "-8,046"}, "12/31/2020": {"Duration": "12/31/2020", "Total Revenue": "2,187,700", "Cost of Revenue": "1,284,800", "Gross Profit": "902,900", "Operating Expense": "736,700", "Operating Income": "166,200", "Net Non Operating Interest Income Expense": "-128,900", "Other Income Expense": "-31,900", "Pretax Income": "5,400", "Tax Provision": "4,900", "Net Income Common Stockholders": "-21,100", "Diluted NI Available to Com Stockholders": "-21,100", "Basic EPS": "-", "Diluted EPS": "-", "Basic Average Shares": "-", "Diluted Average Shares": "-", "Total Operating Income as Reported": "136,400", "Total Expenses": "2,021,500", "Net Income from Continuing & Discontinued Operation": "500", "Normalized Income": "22,254", "Interest Expense": "128,900", "Net Interest Income": "-128,900", "EBIT": "134,300", "EBITDA": "-", "Reconciled Cost of Revenue": "1,284,800", "Reconciled Depreciation": "191,300", "Net Income from Continuing Operation Net Minority Interest": "500", "Total Unusual Items Excluding Goodwill": "-29,800", "Total Unusual Items": "-29,800", "Normalized EBITDA": "355,400", "Tax Rate for Calcs": "0", "Tax Effect of Unusual Items": "-8,046"}, "12/31/2019": {"Duration": "12/31/2019", "Total Revenue": "2,781,900", "Cost of Revenue": "1,617,100", "Gross Profit": "1,164,800", "Operating Expense": "850,700", "Operating Income": "314,100", "Net Non Operating Interest Income Expense": "-189,500", "Other Income Expense": "5,500", "Pretax Income": "130,100", "Tax Provision": "37,700", "Net Income Common Stockholders": "188,500", "Diluted NI Available to Com Stockholders": "188,500", "Basic EPS": "1.43", "Diluted EPS": "1.42", "Basic Average Shares": "131,818", "Diluted Average Shares": "132,900", "Total Operating Income as Reported": "314,100", "Total Expenses": "2,467,800", "Net Income from Continuing & Discontinued Operation": "188,500", "Normalized Income": "93,962", "Interest Expense": "189,500", "Net Interest Income": "-189,500", "EBIT": "319,600", "EBITDA": "-", "Reconciled Cost of Revenue": "1,617,100", "Reconciled Depreciation": "188,700", "Net Income from Continuing Operation Net Minority Interest": "92,400", "Total Unusual Items Excluding Goodwill": "-2,200", "Total Unusual Items": "-2,200", "Normalized EBITDA": "510,500", "Tax Rate for Calcs": "0", "Tax Effect of Unusual Items": "-638"}, "12/31/2018": {"Duration": "12/31/2018", "Total Revenue": "3,769,600", "Cost of Revenue": "2,142,700", "Gross Profit": "1,626,900", "Operating Expense": "1,002,700", "Operating Income": "624,200", "Net Non Operating Interest Income Expense": "-192,000", "Other Income Expense": "3,500", "Pretax Income": "435,700", "Tax Provision": "107,700", "Net Income Common Stockholders": "328,000", "Diluted NI Available to Com Stockholders": "328,000", "Basic EPS": "2.44", "Diluted EPS": "2.42", "Basic Average Shares": "134,426", "Diluted Average Shares": "135,700", "Total Operating Income as Reported": "624,200", "Total Expenses": "3,145,400", "Net Income from Continuing & Discontinued Operation": "328,000", "Normalized Income": "328,000", "Interest Expense": "192,000", "Net Interest Income": "-192,000", "EBIT": "627,700", "EBITDA": "-", "Reconciled Cost of Revenue": "2,142,700", "Reconciled Depreciation": "269,900", "Net Income from Continuing Operation Net Minority Interest": "328,000", "Total Unusual Items Excluding Goodwill": "0", "Total Unusual Items": "0", "Normalized EBITDA": "897,600", "Tax Rate for Calcs": "0", "Tax Effect of Unusual Items": "0"}}, "bs": {"12/31/2020": {"Duration": "12/31/2020", "Total Assets": "6,798,200", "Total Liabilities Net Minority Interest": "5,182,400", "Total Equity Gross Minority Interest": "1,615,800", "Total Capitalization": "3,469,600", "Common Stock Equity": "1,615,800", "Capital Lease Obligations": "344,200", "Net Tangible Assets": "-1,025,900", "Working Capital": "924,600", "Invested Capital": "4,755,100", "Tangible Book Value": "-1,025,900", "Total Debt": "3,483,500", "Net Debt": "2,387,200", "Share Issued": "129,700", "Ordinary Shares Number": "129,700"}, "12/31/2019": {"Duration": "12/31/2019", "Total Assets": "6,581,200", "Total Liabilities Net Minority Interest": "4,931,000", "Total Equity Gross Minority Interest": "1,650,200", "Total Capitalization": "3,511,500", "Common Stock Equity": "1,650,200", "Capital Lease Obligations": "358,300", "Net Tangible Assets": "-677,900", "Working Capital": "726,800", "Invested Capital": "5,001,500", "Tangible Book Value": "-677,900", "Total Debt": "3,709,600", "Net Debt": "2,843,700", "Share Issued": "128,833", "Ordinary Shares Number": "128,833"}, "12/31/2018": {"Duration": "12/31/2018", "Total Assets": "7,206,200", "Total Liabilities Net Minority Interest": "5,742,000", "Total Equity Gross Minority Interest": "1,464,200", "Total Capitalization": "4,118,500", "Common Stock Equity": "1,464,200", "Capital Lease Obligations": "-", "Net Tangible Assets": "-1,410,300", "Working Capital": "689,400", "Invested Capital": "5,576,900", "Tangible Book Value": "-1,410,300", "Total Debt": "4,112,700", "Net Debt": "3,775,600", "Share Issued": "132,887", "Ordinary Shares Number": "132,887"}}, "cf": {"TTM": {"Duration": "TTM", "Operating Cash Flow": "384,400", "Investing Cash Flow": "-326,600", "Financing Cash Flow": "194,800", "End Cash Position": "812,300", "Income Tax Paid Supplemental Data": "16,600", "Interest Paid Supplemental Data": "116,600", "Capital Expenditure": "-101,400", "Issuance of Capital Stock": "565,100", "Issuance of Debt": "0", "Repayment of Debt": "-237,600", "Repurchase of Capital Stock": "-10,200", "Free Cash Flow": "283,000"}, "12/31/2020": {"Duration": "12/31/2020", "Operating Cash Flow": "384,400", "Investing Cash Flow": "-326,600", "Financing Cash Flow": "194,800", "End Cash Position": "812,300", "Income Tax Paid Supplemental Data": "16,600", "Interest Paid Supplemental Data": "116,600", "Capital Expenditure": "-101,400", "Issuance of Capital Stock": "565,100", "Issuance of Debt": "0", "Repayment of Debt": "-237,600", "Repurchase of Capital Stock": "-10,200", "Free Cash Flow": "283,000"}, "12/31/2019": {"Duration": "12/31/2019", "Operating Cash Flow": "542,000", "Investing Cash Flow": "-452,400", "Financing Cash Flow": "153,800", "End Cash Position": "560,900", "Income Tax Paid Supplemental Data": "79,200", "Interest Paid Supplemental Data": "170,000", "Capital Expenditure": "-161,600", "Issuance of Capital Stock": "-", "Issuance of Debt": "966,900", "Repayment of Debt": "-1,764,900", "Repurchase of Capital Stock": "-119,700", "Free Cash Flow": "380,400"}, "12/31/2018": {"Duration": "12/31/2018", "Operating Cash Flow": "749,800", "Investing Cash Flow": "-381,200", "Financing Cash Flow": "-320,100", "End Cash Position": "364,700", "Income Tax Paid Supplemental Data": "121,900", "Interest Paid Supplemental Data": "180,800", "Capital Expenditure": "-198,000", "Issuance of Capital Stock": "-", "Issuance of Debt": "0", "Repayment of Debt": "-48,300", "Repurchase of Capital Stock": "-150,000", "Free Cash Flow": "551,800"}}}}, {"TA": {"quote": {"05/11/2021": {"value": "26.00", "Market Cap": "378.609M", "Beta (5Y Monthly)": "2.17", "PE Ratio (TTM)": "N/A", "EPS (TTM)": "-0.12", "Earnings Date": "Aug 03, 2021 - Aug 09, 2021", "Forward Dividend & Yield": "N/A (N/A)", "Ex-Dividend Date": "N/A", "1y Target Est": "36.95"}}, "fin": {"TTM": {"Duration": "TTM", "Total Revenue": "4,846,037", "Cost of Revenue": "3,436,362", "Gross Profit": "1,409,675", "Operating Expense": "1,398,899", "Operating Income": "10,776", "Net Non Operating Interest Income Expense": "-30,479", "Other Income Expense": "-1,379", "Pretax Income": "-21,082", "Tax Provision": "-6,178", "Net Income Common Stockholders": "-13,477", "Diluted NI Available to Com Stockholders": "-13,477", "Basic EPS": "-", "Diluted EPS": "-", "Basic Average Shares": "-", "Diluted Average Shares": "-", "Total Operating Income as Reported": "10,776", "Rent Expense Supplemental": "255,743", "Total Expenses": "4,835,261", "Net Income from Continuing & Discontinued Operation": "-13,899", "Normalized Income": "-13,899", "Interest Expense": "30,479", "Net Interest Income": "-30,479", "EBIT": "9,397", "EBITDA": "137,186", "Reconciled Cost of Revenue": "3,436,362", "Reconciled Depreciation": "127,789", "Net Income from Continuing Operation Net Minority Interest": "-13,899", "Total Unusual Items Excluding Goodwill": "-", "Total Unusual Items": "-", "Normalized EBITDA": "137,186", "Tax Rate for Calcs": "0", "Tax Effect of Unusual Items": "0"}, "12/31/2020": {"Duration": "12/31/2020", "Total Revenue": "4,846,037", "Cost of Revenue": "3,436,362", "Gross Profit": "1,409,675", "Operating Expense": "1,398,899", "Operating Income": "10,776", "Net Non Operating Interest Income Expense": "-30,479", "Other Income Expense": "-1,379", "Pretax Income": "-21,082", "Tax Provision": "-6,178", "Net Income Common Stockholders": "-13,477", "Diluted NI Available to Com Stockholders": "-13,477", "Basic EPS": "-", "Diluted EPS": "-", "Basic Average Shares": "-", "Diluted Average Shares": "-", "Total Operating Income as Reported": "10,776", "Rent Expense Supplemental": "255,743", "Total Expenses": "4,835,261", "Net Income from Continuing & Discontinued Operation": "-13,899", "Normalized Income": "-13,899", "Interest Expense": "30,479", "Net Interest Income": "-30,479", "EBIT": "9,397", "EBITDA": "-", "Reconciled Cost of Revenue": "3,436,362", "Reconciled Depreciation": "127,789", "Net Income from Continuing Operation Net Minority Interest": "-13,899", "Total Unusual Items Excluding Goodwill": "-", "Total Unusual Items": "-", "Normalized EBITDA": "137,186", "Tax Rate for Calcs": "0", "Tax Effect of Unusual Items": "0"}, "12/31/2019": {"Duration": "12/31/2019", "Total Revenue": "6,117,359", "Cost of Revenue": "4,594,769", "Gross Profit": "1,522,590", "Operating Expense": "1,457,306", "Operating Income": "65,284", "Net Non Operating Interest Income Expense": "-28,356", "Other Income Expense": "880", "Pretax Income": "37,808", "Tax Provision": "4,339", "Net Income Common Stockholders": "33,345", "Diluted NI Available to Com Stockholders": "33,345", "Basic EPS": "4.12", "Diluted EPS": "4.12", "Basic Average Shares": "8,093", "Diluted Average Shares": "8,093", "Total Operating Income as Reported": "65,284", "Rent Expense Supplemental": "257,762", "Total Expenses": "6,052,075", "Net Income from Continuing & Discontinued Operation": "33,345", "Normalized Income": "33,345", "Interest Expense": "28,356", "Net Interest Income": "-28,356", "EBIT": "66,164", "EBITDA": "-", "Reconciled Cost of Revenue": "4,594,769", "Reconciled Depreciation": "100,260", "Net Income from Continuing Operation Net Minority Interest": "33,345", "Total Unusual Items Excluding Goodwill": "-", "Total Unusual Items": "-", "Normalized EBITDA": "166,424", "Tax Rate for Calcs": "0", "Tax Effect of Unusual Items": "0"}, "12/31/2018": {"Duration": "12/31/2018", "Total Revenue": "6,231,437", "Cost of Revenue": "4,786,953", "Gross Profit": "1,444,484", "Operating Expense": "1,417,768", "Operating Income": "26,716", "Net Non Operating Interest Income Expense": "-29,003", "Other Income Expense": "-2,060", "Pretax Income": "-4,347", "Tax Provision": "-1,574", "Net Income Common Stockholders": "-120,553", "Diluted NI Available to Com Stockholders": "-120,553", "Basic EPS": "-15.10", "Diluted EPS": "-15.10", "Basic Average Shares": "7,984", "Diluted Average Shares": "7,984", "Total Operating Income as Reported": "26,716", "Rent Expense Supplemental": "283,476", "Total Expenses": "6,204,721", "Net Income from Continuing & Discontinued Operation": "-120,553", "Normalized Income": "-2,922", "Interest Expense": "29,003", "Net Interest Income": "-29,003", "EBIT": "24,656", "EBITDA": "-", "Reconciled Cost of Revenue": "4,786,953", "Reconciled Depreciation": "83,179", "Net Income from Continuing Operation Net Minority Interest": "-2,922", "Total Unusual Items Excluding Goodwill": "-", "Total Unusual Items": "-", "Normalized EBITDA": "107,835", "Tax Rate for Calcs": "0", "Tax Effect of Unusual Items": "0"}}, "bs": {"12/31/2020": {"Duration": "12/31/2020", "Total Assets": "3,443,860", "Total Liabilities Net Minority Interest": "2,802,881", "Total Equity Gross Minority Interest": "640,979", "Total Capitalization": "1,165,963", "Common Stock Equity": "640,566", "Capital Lease Obligations": "1,874,421", "Net Tangible Assets": "606,824", "Working Capital": "340,719", "Invested Capital": "1,165,963", "Tangible Book Value": "606,824", "Total Debt": "2,399,818", "Net Debt": "42,246", "Share Issued": "14,574", "Ordinary Shares Number": "14,574"}, "12/31/2019": {"Duration": "12/31/2019", "Total Assets": "3,230,895", "Total Liabilities Net Minority Interest": "2,658,359", "Total Equity Gross Minority Interest": "572,536", "Total Capitalization": "900,374", "Common Stock Equity": "571,053", "Capital Lease Obligations": "1,984,258", "Net Tangible Assets": "525,087", "Working Capital": "29,804", "Invested Capital": "900,374", "Tangible Book Value": "525,087", "Total Debt": "2,313,579", "Net Debt": "312,115", "Share Issued": "8,307", "Ordinary Shares Number": "8,307"}, "12/31/2018": {"Duration": "12/31/2018", "Total Assets": "1,442,108", "Total Liabilities Net Minority Interest": "991,716", "Total Equity Gross Minority Interest": "450,392", "Total Capitalization": "769,425", "Common Stock Equity": "448,897", "Capital Lease Obligations": "23,397", "Net Tangible Assets": "400,751", "Working Capital": "354,985", "Invested Capital": "769,425", "Tangible Book Value": "400,751", "Total Debt": "343,925", "Net Debt": "6,141", "Share Issued": "8,080", "Ordinary Shares Number": "8,080"}}, "cf": {"TTM": {"Duration": "TTM", "Operating Cash Flow": "244,408", "Investing Cash Flow": "-55,155", "Financing Cash Flow": "276,641", "End Cash Position": "483,151", "Income Tax Paid Supplemental Data": "-", "Interest Paid Supplemental Data": "28,039", "Capital Expenditure": "-54,386", "Issuance of Capital Stock": "79,980", "Issuance of Debt": "208,116", "Repayment of Debt": "-7,900", "Repurchase of Capital Stock": "-1,750", "Free Cash Flow": "190,022"}, "12/31/2020": {"Duration": "12/31/2020", "Operating Cash Flow": "244,408", "Investing Cash Flow": "-55,155", "Financing Cash Flow": "276,641", "End Cash Position": "483,151", "Income Tax Paid Supplemental Data": "-", "Interest Paid Supplemental Data": "28,039", "Capital Expenditure": "-54,386", "Issuance of Capital Stock": "79,980", "Issuance of Debt": "208,116", "Repayment of Debt": "-7,900", "Repurchase of Capital Stock": "-1,750", "Free Cash Flow": "190,022"}, "12/31/2019": {"Duration": "12/31/2019", "Operating Cash Flow": "82,467", "Investing Cash Flow": "-386,417", "Financing Cash Flow": "6,673", "End Cash Position": "17,206", "Income Tax Paid Supplemental Data": "-", "Interest Paid Supplemental Data": "27,819", "Capital Expenditure": "-83,955", "Issuance of Capital Stock": "-", "Issuance of Debt": "7,900", "Repayment of Debt": "0", "Repurchase of Capital Stock": "-346", "Free Cash Flow": "-1,488"}, "12/31/2018": {"Duration": "12/31/2018", "Operating Cash Flow": "81,606", "Investing Cash Flow": "199,299", "Financing Cash Flow": "-2,402", "End Cash Position": "314,387", "Income Tax Paid Supplemental Data": "-", "Interest Paid Supplemental Data": "29,250", "Capital Expenditure": "-144,781", "Issuance of Capital Stock": "-", "Issuance of Debt": "517", "Repayment of Debt": "-1,074", "Repurchase of Capital Stock": "-1,744", "Free Cash Flow": "-63,175"}}}}, {"PRTS": {"quote": {"05/11/2021": {"value": "15.91", "Market Cap": "805.086M", "Beta (5Y Monthly)": "2.69", "PE Ratio (TTM)": "N/A", "EPS (TTM)": "-0.04", "Earnings Date": "May 10, 2021", "Forward Dividend & Yield": "N/A (N/A)", "Ex-Dividend Date": "N/A", "1y Target Est": "22.75"}}, "fin": {"TTM": {"Duration": "TTM", "Total Revenue": "443,884", "Cost of Revenue": "288,518", "Gross Profit": "155,366", "Operating Expense": "155,071", "Operating Income": "295", "Net Non Operating Interest Income Expense": "-1,714", "Other Income Expense": "213", "Pretax Income": "-1,206", "Tax Provision": "307", "Net Income Common Stockholders": "-1,584", "Diluted NI Available to Com Stockholders": "-1,584", "Basic EPS": "-", "Diluted EPS": "-", "Basic Average Shares": "-", "Diluted Average Shares": "-", "Total Operating Income as Reported": "295", "Total Expenses": "443,589", "Net Income from Continuing & Discontinued Operation": "-1,513", "Normalized Income": "-1,513", "Interest Expense": "1,714", "Net Interest Income": "-1,714", "EBIT": "508", "EBITDA": "8,267", "Reconciled Cost of Revenue": "288,518", "Reconciled Depreciation": "7,759", "Net Income from Continuing Operation Net Minority Interest": "-1,513", "Total Unusual Items Excluding Goodwill": "-", "Total Unusual Items": "-", "Normalized EBITDA": "8,267", "Tax Rate for Calcs": "0", "Tax Effect of Unusual Items": "0"}, "12/31/2020": {"Duration": "12/31/2020", "Total Revenue": "443,884", "Cost of Revenue": "288,518", "Gross Profit": "155,366", "Operating Expense": "155,071", "Operating Income": "295", "Net Non Operating Interest Income Expense": "-1,714", "Other Income Expense": "213", "Pretax Income": "-1,206", "Tax Provision": "307", "Net Income Common Stockholders": "-1,584", "Diluted NI Available to Com Stockholders": "-1,584", "Basic EPS": "-0.04", "Diluted EPS": "-0.04", "Basic Average Shares": "42,333", "Diluted Average Shares": "42,333", "Total Operating Income as Reported": "295", "Total Expenses": "443,589", "Net Income from Continuing & Discontinued Operation": "-1,513", "Normalized Income": "-1,513", "Interest Expense": "1,714", "Net Interest Income": "-1,714", "EBIT": "508", "EBITDA": "-", "Reconciled Cost of Revenue": "288,518", "Reconciled Depreciation": "7,759", "Net Income from Continuing Operation Net Minority Interest": "-1,513", "Total Unusual Items Excluding Goodwill": "-", "Total Unusual Items": "-", "Normalized EBITDA": "8,267", "Tax Rate for Calcs": "0", "Tax Effect of Unusual Items": "0"}, "12/31/2019": {"Duration": "12/31/2019", "Total Revenue": "280,657", "Cost of Revenue": "196,434", "Gross Profit": "84,223", "Operating Expense": "92,473", "Operating Income": "-8,250", "Net Non Operating Interest Income Expense": "-1,897", "Other Income Expense": "36", "Pretax Income": "-10,111", "Tax Provision": "21,437", "Net Income Common Stockholders": "-31,548", "Diluted NI Available to Com Stockholders": "-31,548", "Basic EPS": "-0.89", "Diluted EPS": "-0.89", "Basic Average Shares": "35,720", "Diluted Average Shares": "35,720", "Total Operating Income as Reported": "-8,250", "Total Expenses": "288,907", "Net Income from Continuing & Discontinued Operation": "-31,548", "Normalized Income": "-31,548", "Interest Expense": "1,897", "Net Interest Income": "-1,897", "EBIT": "-8,214", "EBITDA": "-", "Reconciled Cost of Revenue": "190,182", "Reconciled Depreciation": "6,352", "Net Income from Continuing Operation Net Minority Interest": "-31,548", "Total Unusual Items Excluding Goodwill": "-", "Total Unusual Items": "-", "Normalized EBITDA": "-1,862", "Tax Rate for Calcs": "0", "Tax Effect of Unusual Items": "0"}, "12/31/2018": {"Duration": "12/31/2018", "Total Revenue": "289,467", "Cost of Revenue": "210,746", "Gross Profit": "78,721", "Operating Expense": "83,727", "Operating Income": "-5,006", "Net Non Operating Interest Income Expense": "-1,598", "Other Income Expense": "1,387", "Pretax Income": "-5,217", "Tax Provision": "-329", "Net Income Common Stockholders": "-5,050", "Diluted NI Available to Com Stockholders": "-5,050", "Basic EPS": "-0.14", "Diluted EPS": "-0.14", "Basic Average Shares": "34,941", "Diluted Average Shares": "34,941", "Total Operating Income as Reported": "-5,006", "Total Expenses": "294,473", "Net Income from Continuing & Discontinued Operation": "-4,889", "Normalized Income": "-4,889", "Interest Expense": "1,598", "Net Interest Income": "-1,598", "EBIT": "-3,619", "EBITDA": "-", "Reconciled Cost of Revenue": "204,944", "Reconciled Depreciation": "5,987", "Net Income from Continuing Operation Net Minority Interest": "-4,889", "Total Unusual Items Excluding Goodwill": "-", "Total Unusual Items": "-", "Normalized EBITDA": "2,368", "Tax Rate for Calcs": "0", "Tax Effect of Unusual Items": "0"}}, "bs": {"12/31/2020": {"Duration": "12/31/2020", "Total Assets": "186,973", "Total Liabilities Net Minority Interest": "103,484", "Total Equity Gross Minority Interest": "83,489", "Total Capitalization": "83,489", "Preferred Stock Equity": "-", "Common Stock Equity": "83,489", "Capital Lease Obligations": "31,584", "Net Tangible Assets": "83,489", "Working Capital": "67,396", "Invested Capital": "83,489", "Tangible Book Value": "83,489", "Total Debt": "31,584", "Share Issued": "50,616", "Ordinary Shares Number": "48,091", "Treasury Shares Number": "2,525"}, "12/31/2019": {"Duration": "12/31/2019", "Total Assets": "87,946", "Total Liabilities Net Minority Interest": "75,566", "Total Equity Gross Minority Interest": "12,380", "Total Capitalization": "13,440", "Preferred Stock Equity": "3", "Common Stock Equity": "12,377", "Capital Lease Obligations": "14,054", "Net Tangible Assets": "12,380", "Working Capital": "2,427", "Invested Capital": "14,166", "Tangible Book Value": "12,377", "Total Debt": "15,843", "Share Issued": "38,692", "Ordinary Shares Number": "36,167", "Treasury Shares Number": "2,525"}, "12/31/2018": {"Duration": "12/31/2018", "Total Assets": "97,965", "Total Liabilities Net Minority Interest": "59,143", "Total Equity Gross Minority Interest": "38,822", "Total Capitalization": "38,822", "Preferred Stock Equity": "3", "Common Stock Equity": "38,819", "Capital Lease Obligations": "9,153", "Net Tangible Assets": "38,822", "Working Capital": "10,466", "Invested Capital": "38,819", "Tangible Book Value": "38,819", "Total Debt": "9,153", "Share Issued": "37,517", "Ordinary Shares Number": "34,992", "Treasury Shares Number": "2,525"}}, "cf": {"TTM": {"Duration": "TTM", "Operating Cash Flow": "-19,068", "Investing Cash Flow": "-9,758", "Financing Cash Flow": "62,361", "End Cash Position": "35,802", "Income Tax Paid Supplemental Data": "135", "Interest Paid Supplemental Data": "1,834", "Capital Expenditure": "-9,758", "Issuance of Capital Stock": "60,461", "Issuance of Debt": "5,522", "Repayment of Debt": "-7,753", "Repurchase of Capital Stock": "-", "Free Cash Flow": "-28,826"}, "12/31/2020": {"Duration": "12/31/2020", "Operating Cash Flow": "-19,068", "Investing Cash Flow": "-9,758", "Financing Cash Flow": "62,361", "End Cash Position": "35,802", "Income Tax Paid Supplemental Data": "135", "Interest Paid Supplemental Data": "1,834", "Capital Expenditure": "-9,758", "Issuance of Capital Stock": "60,461", "Issuance of Debt": "5,522", "Repayment of Debt": "-7,753", "Repurchase of Capital Stock": "-", "Free Cash Flow": "-28,826"}, "12/31/2019": {"Duration": "12/31/2019", "Operating Cash Flow": "6,877", "Investing Cash Flow": "-6,160", "Financing Cash Flow": "-465", "End Cash Position": "2,273", "Income Tax Paid Supplemental Data": "95", "Interest Paid Supplemental Data": "1,896", "Capital Expenditure": "-6,160", "Issuance of Capital Stock": "-", "Issuance of Debt": "14,883", "Repayment of Debt": "-15,426", "Repurchase of Capital Stock": "-", "Free Cash Flow": "717"}, "12/31/2018": {"Duration": "12/31/2018", "Operating Cash Flow": "6,181", "Investing Cash Flow": "-5,689", "Financing Cash Flow": "-1,283", "End Cash Position": "2,031", "Income Tax Paid Supplemental Data": "81", "Interest Paid Supplemental Data": "1,606", "Capital Expenditure": "-5,689", "Issuance of Capital Stock": "-", "Issuance of Debt": "3,316", "Repayment of Debt": "-3,914", "Repurchase of Capital Stock": "0", "Free Cash Flow": "492"}}}}, {"HADV": {"quote": {"05/11/2021": {"value": "0.0586", "Market Cap": "1.036M", "Beta (5Y Monthly)": "0.27", "PE Ratio (TTM)": "N/A", "EPS (TTM)": "-0.0010", "Earnings Date": "N/A", "Forward Dividend & Yield": "N/A (N/A)", "Ex-Dividend Date": "N/A", "1y Target Est": "N/A"}}, "fin": {}, "bs": {}, "cf": {}}}, {"FIVE": {"quote": {"05/11/2021": {"value": "186.26", "Market Cap": "10.429B", "Beta (5Y Monthly)": "1.27", "PE Ratio (TTM)": "84.66", "EPS (TTM)": "2.20", "Earnings Date": "Jun 07, 2021 - Jun 11, 2021", "Forward Dividend & Yield": "N/A (N/A)", "Ex-Dividend Date": "N/A", "1y Target Est": "223.50"}}, "fin": {"TTM": {"Duration": "TTM", "Total Revenue": "1,962,137", "Cost of Revenue": "1,309,807", "Gross Profit": "652,330", "Operating Expense": "497,527", "Operating Income": "154,803", "Net Non Operating Interest Income Expense": "-1,736", "Pretax Income": "153,067", "Tax Provision": "29,706", "Net Income Common Stockholders": "123,361", "Diluted NI Available to Com Stockholders": "123,361", "Basic EPS": "-", "Diluted EPS": "-", "Basic Average Shares": "-", "Diluted Average Shares": "-", "Total Operating Income as Reported": "154,803", "Total Expenses": "1,807,334", "Net Income from Continuing & Discontinued Operation": "123,361", "Normalized Income": "123,361", "Interest Income": "2,741", "Net Interest Income": "-1,736", "EBIT": "154,803", "EBITDA": "224,148", "Reconciled Cost of Revenue": "1,309,807", "Reconciled Depreciation": "69,345", "Net Income from Continuing Operation Net Minority Interest": "123,361", "Normalized EBITDA": "224,148", "Tax Rate for Calcs": "0", "Tax Effect of Unusual Items": "0"}, "1/31/2021": {"Duration": "1/31/2021", "Total Revenue": "1,962,137", "Cost of Revenue": "1,309,807", "Gross Profit": "652,330", "Operating Expense": "497,527", "Operating Income": "154,803", "Net Non Operating Interest Income Expense": "-1,736", "Pretax Income": "153,067", "Tax Provision": "29,706", "Net Income Common Stockholders": "123,361", "Diluted NI Available to Com Stockholders": "123,361", "Basic EPS": "2.21", "Diluted EPS": "2.20", "Basic Average Shares": "55,817", "Diluted Average Shares": "56,060", "Total Operating Income as Reported": "154,803", "Total Expenses": "1,807,334", "Net Income from Continuing & Discontinued Operation": "123,361", "Normalized Income": "123,361", "Interest Income": "-", "Net Interest Income": "-1,736", "EBIT": "154,803", "EBITDA": "-", "Reconciled Cost of Revenue": "1,309,807", "Reconciled Depreciation": "69,345", "Net Income from Continuing Operation Net Minority Interest": "123,361", "Normalized EBITDA": "224,148", "Tax Rate for Calcs": "0", "Tax Effect of Unusual Items": "0"}, "1/31/2020": {"Duration": "1/31/2020", "Total Revenue": "1,846,730", "Cost of Revenue": "1,172,764", "Gross Profit": "673,966", "Operating Expense": "456,682", "Operating Income": "217,284", "Net Non Operating Interest Income Expense": "4,285", "Pretax Income": "221,569", "Tax Provision": "46,513", "Net Income Common Stockholders": "175,056", "Diluted NI Available to Com Stockholders": "175,056", "Basic EPS": "3.14", "Diluted EPS": "3.12", "Basic Average Shares": "55,824", "Diluted Average Shares": "56,166", "Total Operating Income as Reported": "217,284", "Total Expenses": "1,629,446", "Net Income from Continuing & Discontinued Operation": "175,056", "Normalized Income": "175,056", "Interest Income": "4,285", "Net Interest Income": "4,285", "EBIT": "217,284", "EBITDA": "-", "Reconciled Cost of Revenue": "1,172,764", "Reconciled Depreciation": "54,979", "Net Income from Continuing Operation Net Minority Interest": "175,056", "Normalized EBITDA": "272,263", "Tax Rate for Calcs": "0", "Tax Effect of Unusual Items": "0"}, "1/31/2019": {"Duration": "1/31/2019", "Total Revenue": "1,559,563", "Cost of Revenue": "994,478", "Gross Profit": "565,085", "Operating Expense": "377,901", "Operating Income": "187,184", "Net Non Operating Interest Income Expense": "4,623", "Pretax Income": "191,807", "Tax Provision": "42,162", "Net Income Common Stockholders": "149,645", "Diluted NI Available to Com Stockholders": "149,645", "Basic EPS": "2.68", "Diluted EPS": "2.66", "Basic Average Shares": "55,763", "Diluted Average Shares": "56,221", "Total Operating Income as Reported": "187,184", "Total Expenses": "1,372,379", "Net Income from Continuing & Discontinued Operation": "149,645", "Normalized Income": "149,645", "Interest Income": "-", "Net Interest Income": "4,623", "EBIT": "187,184", "EBITDA": "-", "Reconciled Cost of Revenue": "994,478", "Reconciled Depreciation": "41,451", "Net Income from Continuing Operation Net Minority Interest": "149,645", "Normalized EBITDA": "228,635", "Tax Rate for Calcs": "0", "Tax Effect of Unusual Items": "0"}}, "bs": {"1/31/2021": {"Duration": "1/31/2021", "Total Assets": "2,314,770", "Total Liabilities Net Minority Interest": "1,432,884", "Total Equity Gross Minority Interest": "881,886", "Total Capitalization": "881,886", "Common Stock Equity": "881,886", "Capital Lease Obligations": "1,110,329", "Net Tangible Assets": "881,886", "Working Capital": "319,743", "Invested Capital": "881,886", "Tangible Book Value": "881,886", "Total Debt": "1,110,329", "Share Issued": "55,935", "Ordinary Shares Number": "55,935"}, "1/31/2020": {"Duration": "1/31/2020", "Total Assets": "1,958,661", "Total Liabilities Net Minority Interest": "1,198,883", "Total Equity Gross Minority Interest": "759,778", "Total Capitalization": "759,778", "Common Stock Equity": "759,778", "Capital Lease Obligations": "948,093", "Net Tangible Assets": "759,778", "Working Capital": "314,368", "Invested Capital": "759,778", "Tangible Book Value": "759,778", "Total Debt": "948,093", "Share Issued": "55,712", "Ordinary Shares Number": "55,712"}, "1/31/2019": {"Duration": "1/31/2019", "Total Assets": "952,264", "Total Liabilities Net Minority Interest": "337,170", "Total Equity Gross Minority Interest": "615,094", "Total Capitalization": "615,094", "Common Stock Equity": "615,094", "Capital Lease Obligations": "-", "Net Tangible Assets": "615,094", "Working Capital": "389,152", "Invested Capital": "615,094", "Tangible Book Value": "615,094", "Total Debt": "-", "Share Issued": "55,759", "Ordinary Shares Number": "55,759"}}, "cf": {"TTM": {"Duration": "TTM", "Operating Cash Flow": "365,966", "Investing Cash Flow": "-286,889", "Financing Cash Flow": "-12,784", "End Cash Position": "268,783", "Income Tax Paid Supplemental Data": "19,264", "Interest Paid Supplemental Data": "757", "Capital Expenditure": "-200,189", "Issuance of Capital Stock": "477", "Issuance of Debt": "50,000", "Repayment of Debt": "-52,029", "Repurchase of Capital Stock": "-12,663", "Free Cash Flow": "165,777"}, "1/31/2021": {"Duration": "1/31/2021", "Operating Cash Flow": "365,966", "Investing Cash Flow": "-286,889", "Financing Cash Flow": "-12,784", "End Cash Position": "268,783", "Income Tax Paid Supplemental Data": "19,264", "Interest Paid Supplemental Data": "757", "Capital Expenditure": "-200,189", "Issuance of Capital Stock": "477", "Issuance of Debt": "50,000", "Repayment of Debt": "-52,029", "Repurchase of Capital Stock": "-12,663", "Free Cash Flow": "165,777"}, "1/31/2020": {"Duration": "1/31/2020", "Operating Cash Flow": "187,029", "Investing Cash Flow": "-193,580", "Financing Cash Flow": "-42,707", "End Cash Position": "202,490", "Income Tax Paid Supplemental Data": "45,518", "Interest Paid Supplemental Data": "0", "Capital Expenditure": "-212,297", "Issuance of Capital Stock": "435", "Issuance of Debt": "-", "Repayment of Debt": "-", "Repurchase of Capital Stock": "-36,885", "Free Cash Flow": "-25,268"}, "1/31/2019": {"Duration": "1/31/2019", "Operating Cash Flow": "184,133", "Investing Cash Flow": "-39,472", "Financing Cash Flow": "-5,582", "End Cash Position": "251,748", "Income Tax Paid Supplemental Data": "45,589", "Interest Paid Supplemental Data": "3", "Capital Expenditure": "-113,720", "Issuance of Capital Stock": "365", "Issuance of Debt": "-", "Repayment of Debt": "-", "Repurchase of Capital Stock": "-1,987", "Free Cash Flow": "70,413"}}}}, {"SBH": {"quote": {"05/11/2021": {"value": "23.71", "Market Cap": "2.678B", "Beta (5Y Monthly)": "1.64", "PE Ratio (TTM)": "18.82", "EPS (TTM)": "1.26", "Earnings Date": "Jul 28, 2021 - Aug 02, 2021", "Forward Dividend & Yield": "N/A (N/A)", "Ex-Dividend Date": "N/A", "1y Target Est": "25.40"}}, "fin": {"TTM": {"Duration": "TTM", "Total Revenue": "3,470,144", "Cost of Revenue": "1,758,674", "Gross Profit": "1,711,470", "Operating Expense": "1,431,049", "Operating Income": "280,421", "Net Non Operating Interest Income Expense": "-103,230", "Other Income Expense": "-11,726", "Pretax Income": "165,465", "Tax Provision": "48,244", "Net Income Common Stockholders": "117,221", "Diluted NI Available to Com Stockholders": "117,221", "Basic EPS": "-", "Diluted EPS": "-", "Basic Average Shares": "-", "Diluted Average Shares": "-", "Total Operating Income as Reported": "268,695", "Total Expenses": "3,189,723", "Net Income from Continuing & Discontinued Operation": "117,221", "Normalized Income": "125,528", "Interest Expense": "103,230", "Net Interest Income": "-103,230", "EBIT": "268,695", "EBITDA": "374,784", "Reconciled Cost of Revenue": "1,758,674", "Reconciled Depreciation": "106,089", "Net Income from Continuing Operation Net Minority Interest": "117,221", "Total Unusual Items Excluding Goodwill": "-11,726", "Total Unusual Items": "-11,726", "Normalized EBITDA": "386,510", "Tax Rate for Calcs": "0", "Tax Effect of Unusual Items": "-3,419"}, "9/30/2020": {"Duration": "9/30/2020", "Total Revenue": "3,514,330", "Cost of Revenue": "1,798,736", "Gross Profit": "1,715,594", "Operating Expense": "1,442,809", "Operating Income": "272,785", "Net Non Operating Interest Income Expense": "-98,793", "Other Income Expense": "-14,025", "Pretax Income": "159,967", "Tax Provision": "46,722", "Net Income Common Stockholders": "113,245", "Diluted NI Available to Com Stockholders": "113,245", "Basic EPS": "0.99", "Diluted EPS": "0.99", "Basic Average Shares": "113,881", "Diluted Average Shares": "114,680", "Total Operating Income as Reported": "258,760", "Total Expenses": "3,241,545", "Net Income from Continuing & Discontinued Operation": "113,245", "Normalized Income": "123,175", "Interest Expense": "98,793", "Net Interest Income": "-98,793", "EBIT": "258,760", "EBITDA": "-", "Reconciled Cost of Revenue": "1,798,736", "Reconciled Depreciation": "106,779", "Net Income from Continuing Operation Net Minority Interest": "113,245", "Total Unusual Items Excluding Goodwill": "-14,025", "Total Unusual Items": "-14,025", "Normalized EBITDA": "379,564", "Tax Rate for Calcs": "0", "Tax Effect of Unusual Items": "-4,095"}, "9/30/2019": {"Duration": "9/30/2019", "Total Revenue": "3,876,411", "Cost of Revenue": "1,965,869", "Gross Profit": "1,910,542", "Operating Expense": "1,452,751", "Operating Income": "457,791", "Net Non Operating Interest Income Expense": "-96,309", "Other Income Expense": "682", "Pretax Income": "362,164", "Tax Provision": "90,541", "Net Income Common Stockholders": "271,623", "Diluted NI Available to Com Stockholders": "271,623", "Basic EPS": "2.27", "Diluted EPS": "2.26", "Basic Average Shares": "119,636", "Diluted Average Shares": "120,283", "Total Operating Income as Reported": "458,473", "Total Expenses": "3,418,620", "Net Income from Continuing & Discontinued Operation": "271,623", "Normalized Income": "271,112", "Interest Expense": "96,309", "Net Interest Income": "-96,309", "EBIT": "458,473", "EBITDA": "-", "Reconciled Cost of Revenue": "1,965,869", "Reconciled Depreciation": "107,658", "Net Income from Continuing Operation Net Minority Interest": "271,623", "Total Unusual Items Excluding Goodwill": "682", "Total Unusual Items": "682", "Normalized EBITDA": "565,449", "Tax Rate for Calcs": "0", "Tax Effect of Unusual Items": "170.5"}, "9/30/2018": {"Duration": "9/30/2018", "Total Revenue": "3,932,565", "Cost of Revenue": "1,988,152", "Gross Profit": "1,944,413", "Operating Expense": "1,484,209", "Operating Income": "460,204", "Net Non Operating Interest Income Expense": "-98,162", "Other Income Expense": "-33,615", "Pretax Income": "328,427", "Tax Provision": "70,380", "Net Income Common Stockholders": "258,047", "Diluted NI Available to Com Stockholders": "258,047", "Basic EPS": "2.09", "Diluted EPS": "2.08", "Basic Average Shares": "123,190", "Diluted Average Shares": "123,832", "Total Operating Income as Reported": "426,589", "Total Expenses": "3,472,361", "Net Income from Continuing & Discontinued Operation": "258,047", "Normalized Income": "284,468", "Interest Expense": "98,162", "Net Interest Income": "-98,162", "EBIT": "426,589", "EBITDA": "-", "Reconciled Cost of Revenue": "1,988,152", "Reconciled Depreciation": "108,829", "Net Income from Continuing Operation Net Minority Interest": "258,047", "Total Unusual Items Excluding Goodwill": "-33,615", "Total Unusual Items": "-33,615", "Normalized EBITDA": "569,033", "Tax Rate for Calcs": "0", "Tax Effect of Unusual Items": "-7,194"}}, "bs": {"9/30/2020": {"Duration": "9/30/2020", "Total Assets": "2,895,147", "Total Liabilities Net Minority Interest": "2,879,704", "Total Equity Gross Minority Interest": "15,443", "Total Capitalization": "1,812,340", "Common Stock Equity": "15,443", "Capital Lease Obligations": "547,642", "Net Tangible Assets": "-582,878", "Working Capital": "869,735", "Invested Capital": "1,812,520", "Tangible Book Value": "-582,878", "Total Debt": "2,344,719", "Net Debt": "1,282,926", "Share Issued": "112,404", "Ordinary Shares Number": "112,404", "Treasury Shares Number": "-"}, "9/30/2019": {"Duration": "9/30/2019", "Total Assets": "2,098,446", "Total Liabilities Net Minority Interest": "2,158,769", "Total Equity Gross Minority Interest": "-60,323", "Total Capitalization": "1,534,219", "Common Stock Equity": "-60,323", "Capital Lease Obligations": "-", "Net Tangible Assets": "-653,160", "Working Capital": "707,474", "Invested Capital": "1,534,220", "Tangible Book Value": "-653,160", "Total Debt": "1,594,543", "Net Debt": "1,523,048", "Share Issued": "116,725", "Ordinary Shares Number": "116,725", "Treasury Shares Number": "-"}, "9/30/2018": {"Duration": "9/30/2018", "Total Assets": "2,097,414", "Total Liabilities Net Minority Interest": "2,365,970", "Total Equity Gross Minority Interest": "-268,556", "Total Capitalization": "1,500,252", "Common Stock Equity": "-268,556", "Capital Lease Obligations": "-", "Net Tangible Assets": "-877,179", "Working Capital": "663,910", "Invested Capital": "1,505,753", "Tangible Book Value": "-877,179", "Total Debt": "1,774,309", "Net Debt": "1,697,014", "Share Issued": "120,145", "Ordinary Shares Number": "119,926", "Treasury Shares Number": "219"}}, "cf": {"TTM": {"Duration": "TTM", "Operating Cash Flow": "403,550", "Investing Cash Flow": "-98,464", "Financing Cash Flow": "163,870", "End Cash Position": "536,218", "Income Tax Paid Supplemental Data": "43,262", "Interest Paid Supplemental Data": "93,265", "Capital Expenditure": "-85,466", "Issuance of Debt": "855,504", "Repayment of Debt": "-635,154", "Repurchase of Capital Stock": "-50,000", "Free Cash Flow": "318,084"}, "9/30/2020": {"Duration": "9/30/2020", "Operating Cash Flow": "426,889", "Investing Cash Flow": "-123,775", "Financing Cash Flow": "139,761", "End Cash Position": "514,151", "Income Tax Paid Supplemental Data": "49,869", "Interest Paid Supplemental Data": "83,123", "Capital Expenditure": "-110,858", "Issuance of Debt": "1,087,504", "Repayment of Debt": "-882,921", "Repurchase of Capital Stock": "-61,357", "Free Cash Flow": "316,031"}, "9/30/2019": {"Duration": "9/30/2019", "Operating Cash Flow": "320,415", "Investing Cash Flow": "-95,867", "Financing Cash Flow": "-229,308", "End Cash Position": "71,495", "Income Tax Paid Supplemental Data": "83,783", "Interest Paid Supplemental Data": "95,171", "Capital Expenditure": "-107,755", "Issuance of Debt": "593,504", "Repayment of Debt": "-777,538", "Repurchase of Capital Stock": "-47,434", "Free Cash Flow": "212,660"}, "9/30/2018": {"Duration": "9/30/2018", "Operating Cash Flow": "372,661", "Investing Cash Flow": "-95,313", "Financing Cash Flow": "-263,282", "End Cash Position": "77,295", "Income Tax Paid Supplemental Data": "70,253", "Interest Paid Supplemental Data": "90,077", "Capital Expenditure": "-86,507", "Issuance of Debt": "461,819", "Repayment of Debt": "-558,599", "Repurchase of Capital Stock": "-166,701", "Free Cash Flow": "286,154"}}}}, {"BNED": {"quote": {"05/11/2021": {"value": "6.89", "Market Cap": "354.001M", "Beta (5Y Monthly)": "2.68", "PE Ratio (TTM)": "N/A", "EPS (TTM)": "-2.61", "Earnings Date": "Mar 09, 2021", "Forward Dividend & Yield": "N/A (N/A)", "Ex-Dividend Date": "N/A", "1y Target Est": "9.50"}}, "fin": {"TTM": {"Duration": "TTM", "Total Revenue": "1,467,998", "Cost of Revenue": "1,185,832", "Gross Profit": "282,166", "Operating Expense": "397,797", "Operating Income": "-115,631", "Net Non Operating Interest Income Expense": "-7,439", "Other Income Expense": "-53,684", "Pretax Income": "-176,754", "Tax Provision": "-48,995", "Net Income Common Stockholders": "-127,758", "Average Dilution Earnings": "-", "Diluted NI Available to Com Stockholders": "-127,758", "Basic EPS": "-", "Diluted EPS": "-", "Basic Average Shares": "-", "Diluted Average Shares": "-", "Total Operating Income as Reported": "-169,315", "Total Expenses": "1,583,629", "Net Income from Continuing & Discontinued Operation": "-127,759", "Normalized Income": "-88,956", "Interest Expense": "7,439", "Net Interest Income": "-7,439", "EBIT": "-169,315", "EBITDA": "-108,625", "Reconciled Cost of Revenue": "1,181,023", "Reconciled Depreciation": "60,690", "Net Income from Continuing Operation Net Minority Interest": "-127,759", "Total Unusual Items Excluding Goodwill": "-53,684", "Total Unusual Items": "-53,684", "Normalized EBITDA": "-54,941", "Tax Rate for Calcs": "0", "Tax Effect of Unusual Items": "-14,881"}, "4/30/2020": {"Duration": "4/30/2020", "Total Revenue": "1,851,063", "Cost of Revenue": "1,408,514", "Gross Profit": "442,549", "Operating Expense": "466,332", "Operating Income": "-23,783", "Net Non Operating Interest Income Expense": "-7,445", "Other Income Expense": "-19,000", "Pretax Income": "-50,228", "Tax Provision": "-11,978", "Net Income Common Stockholders": "-38,250", "Average Dilution Earnings": "-", "Diluted NI Available to Com Stockholders": "-38,250", "Basic EPS": "-0.80", "Diluted EPS": "-0.80", "Basic Average Shares": "48,013", "Diluted Average Shares": "48,013", "Total Operating Income as Reported": "-42,783", "Total Expenses": "1,874,846", "Net Income from Continuing & Discontinued Operation": "-38,250", "Normalized Income": "-23,772", "Interest Expense": "7,445", "Net Interest Income": "-7,445", "EBIT": "-42,783", "EBITDA": "-", "Reconciled Cost of Revenue": "1,404,432", "Reconciled Depreciation": "65,942", "Net Income from Continuing Operation Net Minority Interest": "-38,250", "Total Unusual Items Excluding Goodwill": "-19,000", "Total Unusual Items": "-19,000", "Normalized EBITDA": "42,159", "Tax Rate for Calcs": "0", "Tax Effect of Unusual Items": "-4,522"}, "4/30/2019": {"Duration": "4/30/2019", "Total Revenue": "2,034,643", "Cost of Revenue": "1,506,917", "Gross Profit": "527,726", "Operating Expense": "489,745", "Operating Income": "37,981", "Net Non Operating Interest Income Expense": "-9,780", "Other Income Expense": "-65,635", "Pretax Income": "-37,434", "Tax Provision": "-13,060", "Net Income Common Stockholders": "-24,374", "Average Dilution Earnings": "-", "Diluted NI Available to Com Stockholders": "-24,374", "Basic EPS": "-0.52", "Diluted EPS": "-0.52", "Basic Average Shares": "47,306", "Diluted Average Shares": "47,306", "Total Operating Income as Reported": "-27,654", "Total Expenses": "1,996,662", "Net Income from Continuing & Discontinued Operation": "-24,374", "Normalized Income": "18,354", "Interest Expense": "9,780", "Net Interest Income": "-9,780", "EBIT": "-27,654", "EBITDA": "-", "Reconciled Cost of Revenue": "1,505,821", "Reconciled Depreciation": "66,961", "Net Income from Continuing Operation Net Minority Interest": "-24,374", "Total Unusual Items Excluding Goodwill": "-65,635", "Total Unusual Items": "-65,635", "Normalized EBITDA": "104,942", "Tax Rate for Calcs": "0", "Tax Effect of Unusual Items": "-22,907"}, "4/30/2018": {"Duration": "4/30/2018", "Total Revenue": "2,203,617", "Cost of Revenue": "1,646,384", "Gross Profit": "557,233", "Operating Expense": "499,332", "Operating Income": "57,901", "Net Non Operating Interest Income Expense": "-10,306", "Other Income Expense": "-320,604", "Pretax Income": "-273,009", "Tax Provision": "-20,443", "Net Income Common Stockholders": "-252,566", "Average Dilution Earnings": "0", "Diluted NI Available to Com Stockholders": "-252,566", "Basic EPS": "-5.40", "Diluted EPS": "-5.40", "Basic Average Shares": "46,763", "Diluted Average Shares": "46,763", "Total Operating Income as Reported": "-262,703", "Total Expenses": "2,145,716", "Net Income from Continuing & Discontinued Operation": "-252,566", "Normalized Income": "43,993", "Interest Expense": "10,306", "Net Interest Income": "-10,306", "EBIT": "-262,703", "EBITDA": "-", "Reconciled Cost of Revenue": "1,646,384", "Reconciled Depreciation": "65,586", "Net Income from Continuing Operation Net Minority Interest": "-252,566", "Total Unusual Items Excluding Goodwill": "-320,604", "Total Unusual Items": "-320,604", "Normalized EBITDA": "123,487", "Tax Rate for Calcs": "0", "Tax Effect of Unusual Items": "-24,045"}}, "bs": {"4/30/2020": {"Duration": "4/30/2020", "Total Assets": "1,156,432", "Total Liabilities Net Minority Interest": "738,681", "Total Equity Gross Minority Interest": "417,751", "Total Capitalization": "517,451", "Common Stock Equity": "417,751", "Capital Lease Obligations": "278,713", "Net Tangible Assets": "237,926", "Working Capital": "178,250", "Invested Capital": "592,451", "Tangible Book Value": "237,926", "Total Debt": "453,413", "Net Debt": "166,458", "Share Issued": "52,140", "Ordinary Shares Number": "48,298", "Treasury Shares Number": "3,842"}, "4/30/2019": {"Duration": "4/30/2019", "Total Assets": "946,180", "Total Liabilities Net Minority Interest": "495,552", "Total Equity Gross Minority Interest": "450,628", "Total Capitalization": "484,128", "Common Stock Equity": "450,628", "Capital Lease Obligations": "-", "Net Tangible Assets": "250,950", "Working Capital": "182,822", "Invested Capital": "584,128", "Tangible Book Value": "250,950", "Total Debt": "133,500", "Net Debt": "119,487", "Share Issued": "51,030", "Ordinary Shares Number": "47,563", "Treasury Shares Number": "3,467"}, "4/30/2018": {"Duration": "4/30/2018", "Total Assets": "1,039,211", "Total Liabilities Net Minority Interest": "571,248", "Total Equity Gross Minority Interest": "467,963", "Total Capitalization": "564,363", "Common Stock Equity": "467,963", "Capital Lease Obligations": "-", "Net Tangible Assets": "199,552", "Working Capital": "205,906", "Invested Capital": "664,363", "Tangible Book Value": "199,552", "Total Debt": "196,400", "Net Debt": "180,274", "Share Issued": "50,032", "Ordinary Shares Number": "46,917", "Treasury Shares Number": "3,115"}}, "cf": {"TTM": {"Duration": "TTM", "Operating Cash Flow": "-66,524", "Investing Cash Flow": "-28,232", "Financing Cash Flow": "94,875", "End Cash Position": "10,681", "Income Tax Paid Supplemental Data": "-", "Interest Paid Supplemental Data": "6,796", "Capital Expenditure": "-35,261", "Issuance of Debt": "765,100", "Repayment of Debt": "-680,200", "Repurchase of Capital Stock": "-894", "Free Cash Flow": "-101,785"}, "4/30/2020": {"Duration": "4/30/2020", "Operating Cash Flow": "-16,103", "Investing Cash Flow": "-29,592", "Financing Cash Flow": "39,935", "End Cash Position": "9,008", "Income Tax Paid Supplemental Data": "-", "Interest Paid Supplemental Data": "6,796", "Capital Expenditure": "-36,192", "Issuance of Debt": "600,900", "Repayment of Debt": "-559,700", "Repurchase of Capital Stock": "-1,265", "Free Cash Flow": "-52,295"}, "4/30/2019": {"Duration": "4/30/2019", "Operating Cash Flow": "120,817", "Investing Cash Flow": "-54,646", "Financing Cash Flow": "-68,272", "End Cash Position": "14,768", "Income Tax Paid Supplemental Data": "10,277", "Interest Paid Supplemental Data": "8,589", "Capital Expenditure": "-46,420", "Issuance of Debt": "521,200", "Repayment of Debt": "-584,100", "Repurchase of Capital Stock": "-1,977", "Free Cash Flow": "74,397"}, "4/30/2018": {"Duration": "4/30/2018", "Operating Cash Flow": "60,042", "Investing Cash Flow": "-100,032", "Financing Cash Flow": "35,162", "End Cash Position": "16,869", "Income Tax Paid Supplemental Data": "25,549", "Interest Paid Supplemental Data": "8,035", "Capital Expenditure": "-42,809", "Issuance of Debt": "674,500", "Repayment of Debt": "-637,700", "Repurchase of Capital Stock": "-1,638", "Free Cash Flow": "17,233"}}}}, {"TSCO": {"quote": {"05/11/2021": {"value": "191.26", "Market Cap": "22.044B", "Beta (5Y Monthly)": "1.03", "PE Ratio (TTM)": "26.49", "EPS (TTM)": "7.22", "Earnings Date": "Jul 21, 2021 - Jul 26, 2021", "Forward Dividend & Yield": "2.08 (1.06%)", "Ex-Dividend Date": "May 21, 2021", "1y Target Est": "196.21"}}, "fin": {"TTM": {"Duration": "TTM", "Total Revenue": "10,620,352", "Cost of Revenue": "6,858,803", "Gross Profit": "3,761,549", "Operating Expense": "2,695,648", "Operating Income": "1,065,901", "Net Non Operating Interest Income Expense": "-28,781", "Other Income Expense": "-68,973", "Pretax Income": "968,147", "Tax Provision": "219,189", "Net Income Common Stockholders": "748,958", "Average Dilution Earnings": "-", "Diluted NI Available to Com Stockholders": "748,958", "Basic EPS": "-", "Diluted EPS": "-", "Basic Average Shares": "-", "Diluted Average Shares": "-", "Total Operating Income as Reported": "996,928", "Total Expenses": "9,554,451", "Net Income from Continuing & Discontinued Operation": "748,958", "Normalized Income": "802,343", "Interest Expense": "28,781", "Net Interest Income": "-28,781", "EBIT": "996,928", "EBITDA": "1,214,052", "Reconciled Cost of Revenue": "6,858,803", "Reconciled Depreciation": "217,124", "Net Income from Continuing Operation Net Minority Interest": "748,958", "Total Unusual Items Excluding Goodwill": "-68,973", "Total Unusual Items": "-68,973", "Normalized EBITDA": "1,283,025", "Tax Rate for Calcs": "0", "Tax Effect of Unusual Items": "-15,588"}, "12/31/2020": {"Duration": "12/31/2020", "Total Revenue": "10,620,352", "Cost of Revenue": "6,858,803", "Gross Profit": "3,761,549", "Operating Expense": "2,695,648", "Operating Income": "1,065,901", "Net Non Operating Interest Income Expense": "-28,781", "Other Income Expense": "-68,973", "Pretax Income": "968,147", "Tax Provision": "219,189", "Net Income Common Stockholders": "748,958", "Average Dilution Earnings": "-", "Diluted NI Available to Com Stockholders": "748,958", "Basic EPS": "-", "Diluted EPS": "-", "Basic Average Shares": "-", "Diluted Average Shares": "-", "Total Operating Income as Reported": "996,928", "Total Expenses": "9,554,451", "Net Income from Continuing & Discontinued Operation": "748,958", "Normalized Income": "802,343", "Interest Expense": "28,781", "Net Interest Income": "-28,781", "EBIT": "996,928", "EBITDA": "-", "Reconciled Cost of Revenue": "6,858,803", "Reconciled Depreciation": "217,124", "Net Income from Continuing Operation Net Minority Interest": "748,958", "Total Unusual Items Excluding Goodwill": "-68,973", "Total Unusual Items": "-68,973", "Normalized EBITDA": "1,283,025", "Tax Rate for Calcs": "0", "Tax Effect of Unusual Items": "-15,588"}, "12/31/2019": {"Duration": "12/31/2019", "Total Revenue": "8,351,931", "Cost of Revenue": "5,480,161", "Gross Profit": "2,871,770", "Operating Expense": "2,128,550", "Operating Income": "743,220", "Net Non Operating Interest Income Expense": "-19,843", "Other Income Expense": "-", "Pretax Income": "723,377", "Tax Provision": "161,023", "Net Income Common Stockholders": "562,354", "Average Dilution Earnings": "-", "Diluted NI Available to Com Stockholders": "562,354", "Basic EPS": "4.70", "Diluted EPS": "4.66", "Basic Average Shares": "119,727", "Diluted Average Shares": "120,743", "Total Operating Income as Reported": "743,220", "Total Expenses": "7,608,711", "Net Income from Continuing & Discontinued Operation": "562,354", "Normalized Income": "562,354", "Interest Expense": "19,843", "Net Interest Income": "-19,843", "EBIT": "743,220", "EBITDA": "-", "Reconciled Cost of Revenue": "5,480,161", "Reconciled Depreciation": "195,978", "Net Income from Continuing Operation Net Minority Interest": "562,354", "Total Unusual Items Excluding Goodwill": "-", "Total Unusual Items": "-", "Normalized EBITDA": "939,198", "Tax Rate for Calcs": "0", "Tax Effect of Unusual Items": "0"}, "12/31/2018": {"Duration": "12/31/2018", "Total Revenue": "7,911,046", "Cost of Revenue": "5,208,518", "Gross Profit": "2,702,528", "Operating Expense": "2,000,791", "Operating Income": "701,737", "Net Non Operating Interest Income Expense": "-18,352", "Other Income Expense": "-", "Pretax Income": "683,385", "Tax Provision": "151,028", "Net Income Common Stockholders": "532,357", "Average Dilution Earnings": "-", "Diluted NI Available to Com Stockholders": "532,357", "Basic EPS": "4.34", "Diluted EPS": "4.31", "Basic Average Shares": "122,651", "Diluted Average Shares": "123,471", "Total Operating Income as Reported": "701,737", "Total Expenses": "7,209,309", "Net Income from Continuing & Discontinued Operation": "532,357", "Normalized Income": "532,357", "Interest Expense": "18,352", "Net Interest Income": "-18,352", "EBIT": "701,737", "EBITDA": "-", "Reconciled Cost of Revenue": "5,208,518", "Reconciled Depreciation": "177,351", "Net Income from Continuing Operation Net Minority Interest": "532,357", "Total Unusual Items Excluding Goodwill": "-", "Total Unusual Items": "-", "Normalized EBITDA": "879,088", "Tax Rate for Calcs": "0", "Tax Effect of Unusual Items": "0"}}, "bs": {"12/31/2020": {"Duration": "12/31/2020", "Total Assets": "7,049,116", "Total Liabilities Net Minority Interest": "5,125,276", "Total Equity Gross Minority Interest": "1,923,840", "Total Capitalization": "2,908,140", "Common Stock Equity": "1,923,840", "Capital Lease Obligations": "2,557,250", "Net Tangible Assets": "1,868,320", "Working Capital": "1,514,887", "Invested Capital": "2,908,140", "Tangible Book Value": "1,868,320", "Total Debt": "3,541,550", "Net Debt": "-", "Share Issued": "175,128", "Ordinary Shares Number": "116,246", "Treasury Shares Number": "58,882"}, "12/31/2019": {"Duration": "12/31/2019", "Total Assets": "5,289,268", "Total Liabilities Net Minority Interest": "3,722,145", "Total Equity Gross Minority Interest": "1,567,123", "Total Capitalization": "1,933,603", "Common Stock Equity": "1,567,123", "Capital Lease Obligations": "2,312,686", "Net Tangible Assets": "1,442,631", "Working Capital": "540,287", "Invested Capital": "1,963,603", "Tangible Book Value": "1,442,631", "Total Debt": "2,709,166", "Net Debt": "312,239", "Share Issued": "173,608", "Ordinary Shares Number": "118,165", "Treasury Shares Number": "55,443"}, "12/31/2018": {"Duration": "12/31/2018", "Total Assets": "3,085,262", "Total Liabilities Net Minority Interest": "1,523,442", "Total Equity Gross Minority Interest": "1,561,820", "Total Capitalization": "1,942,920", "Common Stock Equity": "1,561,820", "Capital Lease Obligations": "32,916", "Net Tangible Assets": "1,437,328", "Working Capital": "856,292", "Invested Capital": "1,969,170", "Tangible Book Value": "1,437,328", "Total Debt": "440,266", "Net Debt": "321,051", "Share Issued": "171,887", "Ordinary Shares Number": "121,828", "Treasury Shares Number": "50,059"}}, "cf": {"TTM": {"Duration": "TTM", "Operating Cash Flow": "1,394,515", "Investing Cash Flow": "-292,210", "Financing Cash Flow": "155,210", "End Cash Position": "1,341,756", "Income Tax Paid Supplemental Data": "235,319", "Interest Paid Supplemental Data": "24,540", "Capital Expenditure": "-294,002", "Issuance of Capital Stock": "99,340", "Issuance of Debt": "2,009,000", "Repayment of Debt": "-1,410,670", "Repurchase of Capital Stock": "-350,756", "Free Cash Flow": "1,100,513"}, "12/31/2020": {"Duration": "12/31/2020", "Operating Cash Flow": "1,394,515", "Investing Cash Flow": "-292,210", "Financing Cash Flow": "155,210", "End Cash Position": "1,341,756", "Income Tax Paid Supplemental Data": "235,319", "Interest Paid Supplemental Data": "24,540", "Capital Expenditure": "-294,002", "Issuance of Capital Stock": "99,340", "Issuance of Debt": "2,009,000", "Repayment of Debt": "-1,410,670", "Repurchase of Capital Stock": "-350,756", "Free Cash Flow": "1,100,513"}, "12/31/2019": {"Duration": "12/31/2019", "Operating Cash Flow": "811,716", "Investing Cash Flow": "-214,961", "Financing Cash Flow": "-598,813", "End Cash Position": "84,241", "Income Tax Paid Supplemental Data": "144,377", "Interest Paid Supplemental Data": "19,146", "Capital Expenditure": "-217,450", "Issuance of Capital Stock": "115,981", "Issuance of Debt": "1,002,000", "Repayment of Debt": "-1,016,958", "Repurchase of Capital Stock": "-537,137", "Free Cash Flow": "594,266"}, "12/31/2018": {"Duration": "12/31/2018", "Operating Cash Flow": "694,394", "Investing Cash Flow": "-276,314", "Financing Cash Flow": "-440,929", "End Cash Position": "86,299", "Income Tax Paid Supplemental Data": "146,918", "Interest Paid Supplemental Data": "18,069", "Capital Expenditure": "-278,530", "Issuance of Capital Stock": "79,643", "Issuance of Debt": "1,193,500", "Repayment of Debt": "-1,215,496", "Repurchase of Capital Stock": "-351,143", "Free Cash Flow": "415,864"}}}}, {"GPC": {"quote": {"05/11/2021": {"value": "131.24", "Market Cap": "18.961B", "Beta (5Y Monthly)": "1.13", "PE Ratio (TTM)": "359.56", "EPS (TTM)": "0.37", "Earnings Date": "Jul 28, 2021 - Aug 02, 2021", "Forward Dividend & Yield": "3.26 (2.44%)", "Ex-Dividend Date": "Jun 03, 2021", "1y Target Est": "114.57"}}, "fin": {"TTM": {"Duration": "TTM", "Total Revenue": "16,537,433", "Cost of Revenue": "10,882,592", "Gross Profit": "5,654,841", "Operating Expense": "4,683,158", "Operating Income": "971,683", "Net Non Operating Interest Income Expense": "-93,713", "Other Income Expense": "-498,602", "Pretax Income": "379,368", "Tax Provision": "215,973", "Net Income Common Stockholders": "-29,102", "Diluted NI Available to Com Stockholders": "-29,102", "Basic EPS": "-", "Diluted EPS": "-", "Basic Average Shares": "-", "Diluted Average Shares": "-", "Total Expenses": "15,565,750", "Net Income from Continuing & Discontinued Operation": "-29,102", "Normalized Income": "569,815", "Interest Expense": "93,713", "Net Interest Income": "-93,713", "EBIT": "473,081", "EBITDA": "745,923", "Reconciled Cost of Revenue": "10,882,592", "Reconciled Depreciation": "272,842", "Net Income from Continuing Operation Net Minority Interest": "163,395", "Total Unusual Items Excluding Goodwill": "-556,740", "Total Unusual Items": "-556,740", "Normalized EBITDA": "1,302,663", "Tax Rate for Calcs": "0", "Tax Effect of Unusual Items": "-150,320"}, "12/31/2020": {"Duration": "12/31/2020", "Total Revenue": "16,537,433", "Cost of Revenue": "10,882,592", "Gross Profit": "5,654,841", "Operating Expense": "4,683,158", "Operating Income": "971,683", "Net Non Operating Interest Income Expense": "-93,713", "Other Income Expense": "-498,602", "Pretax Income": "379,368", "Tax Provision": "215,973", "Net Income Common Stockholders": "-29,102", "Diluted NI Available to Com Stockholders": "-29,102", "Basic EPS": "-", "Diluted EPS": "-", "Basic Average Shares": "-", "Diluted Average Shares": "-", "Total Expenses": "15,565,750", "Net Income from Continuing & Discontinued Operation": "-29,102", "Normalized Income": "569,815", "Interest Expense": "93,713", "Net Interest Income": "-93,713", "EBIT": "473,081", "EBITDA": "-", "Reconciled Cost of Revenue": "10,882,592", "Reconciled Depreciation": "272,842", "Net Income from Continuing Operation Net Minority Interest": "163,395", "Total Unusual Items Excluding Goodwill": "-556,740", "Total Unusual Items": "-556,740", "Normalized EBITDA": "1,302,663", "Tax Rate for Calcs": "0", "Tax Effect of Unusual Items": "-150,320"}, "12/31/2019": {"Duration": "12/31/2019", "Total Revenue": "19,392,305", "Cost of Revenue": "13,076,036", "Gross Profit": "6,316,269", "Operating Expense": "5,219,360", "Operating Income": "1,096,909", "Net Non Operating Interest Income Expense": "-95,711", "Other Income Expense": "-170,898", "Pretax Income": "830,300", "Tax Provision": "209,215", "Net Income Common Stockholders": "621,085", "Diluted NI Available to Com Stockholders": "621,085", "Basic EPS": "4.26", "Diluted EPS": "4.24", "Basic Average Shares": "145,736", "Diluted Average Shares": "146,417", "Total Expenses": "18,295,396", "Net Income from Continuing & Discontinued Operation": "621,085", "Normalized Income": "798,293", "Interest Expense": "95,711", "Net Interest Income": "-95,711", "EBIT": "926,011", "EBITDA": "-", "Reconciled Cost of Revenue": "13,076,036", "Reconciled Depreciation": "270,288", "Net Income from Continuing Operation Net Minority Interest": "621,085", "Total Unusual Items Excluding Goodwill": "-236,909", "Total Unusual Items": "-236,909", "Normalized EBITDA": "1,433,208", "Tax Rate for Calcs": "0", "Tax Effect of Unusual Items": "-59,701"}, "12/31/2018": {"Duration": "12/31/2018", "Total Revenue": "18,735,073", "Cost of Revenue": "12,751,286", "Gross Profit": "5,983,787", "Operating Expense": "4,874,072", "Operating Income": "1,109,715", "Net Non Operating Interest Income Expense": "-101,925", "Other Income Expense": "67,822", "Pretax Income": "1,075,612", "Tax Provision": "265,138", "Net Income Common Stockholders": "810,474", "Diluted NI Available to Com Stockholders": "810,474", "Basic EPS": "5.53", "Diluted EPS": "5.50", "Basic Average Shares": "146,657", "Diluted Average Shares": "147,241", "Total Expenses": "17,625,358", "Net Income from Continuing & Discontinued Operation": "810,474", "Normalized Income": "810,474", "Interest Expense": "101,925", "Net Interest Income": "-101,925", "EBIT": "1,177,537", "EBITDA": "-", "Reconciled Cost of Revenue": "12,751,286", "Reconciled Depreciation": "241,635", "Net Income from Continuing Operation Net Minority Interest": "810,474", "Total Unusual Items Excluding Goodwill": "-", "Total Unusual Items": "-", "Normalized EBITDA": "1,419,172", "Tax Rate for Calcs": "0", "Tax Effect of Unusual Items": "0"}}, "bs": {"12/31/2020": {"Duration": "12/31/2020", "Total Assets": "13,440,215", "Total Liabilities Net Minority Interest": "10,222,212", "Total Equity Gross Minority Interest": "3,218,003", "Total Capitalization": "5,721,410", "Common Stock Equity": "3,204,796", "Capital Lease Obligations": "789,294", "Net Tangible Assets": "-210,938", "Working Capital": "1,219,679", "Invested Capital": "5,881,941", "Tangible Book Value": "-210,938", "Total Debt": "3,466,439", "Net Debt": "1,686,979", "Share Issued": "144,354", "Ordinary Shares Number": "144,354"}, "12/31/2019": {"Duration": "12/31/2019", "Total Assets": "14,645,629", "Total Liabilities Net Minority Interest": "10,950,129", "Total Equity Gross Minority Interest": "3,695,500", "Total Capitalization": "6,476,763", "Common Stock Equity": "3,674,707", "Capital Lease Obligations": "825,567", "Net Tangible Assets": "-187,738", "Working Capital": "1,544,496", "Invested Capital": "7,100,806", "Tangible Book Value": "-187,738", "Total Debt": "4,251,666", "Net Debt": "3,149,107", "Share Issued": "145,378", "Ordinary Shares Number": "145,378"}, "12/31/2018": {"Duration": "12/31/2018", "Total Assets": "12,683,040", "Total Liabilities Net Minority Interest": "9,211,049", "Total Equity Gross Minority Interest": "3,471,991", "Total Capitalization": "5,882,584", "Common Stock Equity": "3,450,451", "Capital Lease Obligations": "-", "Net Tangible Assets": "-89,967", "Working Capital": "1,674,957", "Invested Capital": "6,593,731", "Tangible Book Value": "-89,967", "Total Debt": "3,143,280", "Net Debt": "2,809,733", "Share Issued": "145,937", "Ordinary Shares Number": "145,937"}}, "cf": {"TTM": {"Duration": "TTM", "Operating Cash Flow": "2,019,561", "Investing Cash Flow": "171,637", "Financing Cash Flow": "-1,513,765", "End Cash Position": "990,166", "Income Tax Paid Supplemental Data": "223,019", "Interest Paid Supplemental Data": "91,344", "Capital Expenditure": "-153,502", "Issuance of Debt": "2,638,014", "Repayment of Debt": "-3,533,017", "Repurchase of Capital Stock": "-96,215", "Free Cash Flow": "1,866,059"}, "12/31/2020": {"Duration": "12/31/2020", "Operating Cash Flow": "2,019,561", "Investing Cash Flow": "171,637", "Financing Cash Flow": "-1,513,765", "End Cash Position": "990,166", "Income Tax Paid Supplemental Data": "223,019", "Interest Paid Supplemental Data": "91,344", "Capital Expenditure": "-153,502", "Issuance of Debt": "2,638,014", "Repayment of Debt": "-3,533,017", "Repurchase of Capital Stock": "-96,215", "Free Cash Flow": "1,866,059"}, "12/31/2019": {"Duration": "12/31/2019", "Operating Cash Flow": "892,010", "Investing Cash Flow": "-563,206", "Financing Cash Flow": "-385,962", "End Cash Position": "276,992", "Income Tax Paid Supplemental Data": "303,736", "Interest Paid Supplemental Data": "95,281", "Capital Expenditure": "-297,869", "Issuance of Debt": "5,037,168", "Repayment of Debt": "-4,897,769", "Repurchase of Capital Stock": "-74,187", "Free Cash Flow": "594,141"}, "12/31/2018": {"Duration": "12/31/2018", "Operating Cash Flow": "1,145,164", "Investing Cash Flow": "-496,124", "Financing Cash Flow": "-608,830", "End Cash Position": "333,547", "Income Tax Paid Supplemental Data": "236,536", "Interest Paid Supplemental Data": "102,131", "Capital Expenditure": "-232,422", "Issuance of Debt": "5,064,291", "Repayment of Debt": "-5,124,265", "Repurchase of Capital Stock": "-91,983", "Free Cash Flow": "912,742"}}}}, {"ULTA": {"quote": {"03/23/2021": {"value": "309.53", "Market Cap": "17.438B", "Beta (5Y Monthly)": "1.77", "PE Ratio (TTM)": "99.53", "EPS (TTM)": "3.11", "Earnings Date": "May 26, 2021 - May 31, 2021", "Forward Dividend & Yield": "N/A (N/A)", "Ex-Dividend Date": "Mar 16, 2012", "1y Target Est": "338.55"}}, "fin": {"TTM": {"Duration": "TTM", "Total Revenue": "6,151,953", "Cost of Revenue": "4,202,794", "Gross Profit": "1,949,159", "Operating Expense": "1,598,017", "Operating Income": "351,142", "Net Non Operating Interest Income Expense": "-5,735", "Other Income Expense": "-114,322", "Pretax Income": "231,085", "Tax Provision": "55,250", "Net Income Common Stockholders": "175,835", "Diluted NI Available to Com Stockholders": "175,835", "Basic EPS": "-", "Diluted EPS": "-", "Basic Average Shares": "-", "Diluted Average Shares": "-", "Total Operating Income as Reported": "236,820", "Total Expenses": "5,800,811", "Net Income from Continuing & Discontinued Operation": "175,835", "Normalized Income": "262,834", "Interest Income": "-", "Net Interest Income": "-5,735", "EBIT": "351,142", "EBITDA": "648,914", "Reconciled Cost of Revenue": "4,202,794", "Reconciled Depreciation": "297,772", "Net Income from Continuing Operation Net Minority Interest": "175,835", "Total Unusual Items Excluding Goodwill": "-114,322", "Total Unusual Items": "-114,322", "Normalized EBITDA": "763,236", "Tax Rate for Calcs": "0", "Tax Effect of Unusual Items": "-27,323"}, "1/31/2021": {"Duration": "1/31/2021", "Total Revenue": "6,151,953", "Cost of Revenue": "4,202,794", "Gross Profit": "1,949,159", "Operating Expense": "1,598,017", "Operating Income": "351,142", "Net Non Operating Interest Income Expense": "-5,735", "Other Income Expense": "-114,322", "Pretax Income": "231,085", "Tax Provision": "55,250", "Net Income Common Stockholders": "175,835", "Diluted NI Available to Com Stockholders": "175,835", "Basic EPS": "-", "Diluted EPS": "-", "Basic Average Shares": "-", "Diluted Average Shares": "-", "Total Operating Income as Reported": "236,820", "Total Expenses": "5,800,811", "Net Income from Continuing & Discontinued Operation": "175,835", "Normalized Income": "262,834", "Interest Income": "-", "Net Interest Income": "-5,735", "EBIT": "351,142", "EBITDA": "-", "Reconciled Cost of Revenue": "4,202,794", "Reconciled Depreciation": "297,772", "Net Income from Continuing Operation Net Minority Interest": "175,835", "Total Unusual Items Excluding Goodwill": "-114,322", "Total Unusual Items": "-114,322", "Normalized EBITDA": "763,236", "Tax Rate for Calcs": "0", "Tax Effect of Unusual Items": "-27,323"}, "1/31/2020": {"Duration": "1/31/2020", "Total Revenue": "7,398,068", "Cost of Revenue": "4,717,004", "Gross Profit": "2,681,064", "Operating Expense": "1,779,970", "Operating Income": "901,094", "Net Non Operating Interest Income Expense": "5,056", "Other Income Expense": "-", "Pretax Income": "906,150", "Tax Provision": "200,205", "Net Income Common Stockholders": "705,945", "Diluted NI Available to Com Stockholders": "705,945", "Basic EPS": "12.21", "Diluted EPS": "12.15", "Basic Average Shares": "57,840", "Diluted Average Shares": "58,105", "Total Operating Income as Reported": "901,094", "Total Expenses": "6,496,974", "Net Income from Continuing & Discontinued Operation": "705,945", "Normalized Income": "705,945", "Interest Income": "5,056", "Net Interest Income": "5,056", "EBIT": "901,094", "EBITDA": "-", "Reconciled Cost of Revenue": "4,717,004", "Reconciled Depreciation": "295,599", "Net Income from Continuing Operation Net Minority Interest": "705,945", "Total Unusual Items Excluding Goodwill": "-", "Total Unusual Items": "-", "Normalized EBITDA": "1,196,693", "Tax Rate for Calcs": "0", "Tax Effect of Unusual Items": "0"}, "1/31/2019": {"Duration": "1/31/2019", "Total Revenue": "6,716,615", "Cost of Revenue": "4,307,304", "Gross Profit": "2,409,311", "Operating Expense": "1,555,231", "Operating Income": "854,080", "Net Non Operating Interest Income Expense": "5,061", "Other Income Expense": "-", "Pretax Income": "859,141", "Tax Provision": "200,582", "Net Income Common Stockholders": "658,559", "Diluted NI Available to Com Stockholders": "658,559", "Basic EPS": "11.00", "Diluted EPS": "10.94", "Basic Average Shares": "59,864", "Diluted Average Shares": "60,181", "Total Operating Income as Reported": "854,080", "Total Expenses": "5,862,535", "Net Income from Continuing & Discontinued Operation": "658,559", "Normalized Income": "658,559", "Interest Income": "5,061", "Net Interest Income": "5,061", "EBIT": "854,080", "EBITDA": "-", "Reconciled Cost of Revenue": "4,307,304", "Reconciled Depreciation": "279,472", "Net Income from Continuing Operation Net Minority Interest": "658,559", "Total Unusual Items Excluding Goodwill": "-", "Total Unusual Items": "-", "Normalized EBITDA": "1,133,552", "Tax Rate for Calcs": "0", "Tax Effect of Unusual Items": "0"}}, "bs": {"1/31/2021": {"Duration": "1/31/2021", "Total Assets": "5,089,969", "Total Liabilities Net Minority Interest": "3,090,420", "Total Equity Gross Minority Interest": "1,999,549", "Total Capitalization": "1,999,549", "Common Stock Equity": "1,999,549", "Capital Lease Obligations": "1,896,801", "Net Tangible Assets": "1,986,214", "Working Capital": "1,171,064", "Invested Capital": "-", "Tangible Book Value": "1,986,214", "Total Debt": "1,896,801", "Share Issued": "56,339", "Ordinary Shares Number": "56,339", "Treasury Shares Number": "-"}, "1/31/2020": {"Duration": "1/31/2020", "Total Assets": "4,863,872", "Total Liabilities Net Minority Interest": "2,961,778", "Total Equity Gross Minority Interest": "1,902,094", "Total Capitalization": "1,902,094", "Common Stock Equity": "1,902,094", "Capital Lease Obligations": "1,938,347", "Net Tangible Assets": "1,887,833", "Working Capital": "918,056", "Invested Capital": "1,902,094", "Tangible Book Value": "1,887,833", "Total Debt": "1,938,347", "Share Issued": "57,285", "Ordinary Shares Number": "56,609", "Treasury Shares Number": "676"}, "1/31/2019": {"Duration": "1/31/2019", "Total Assets": "3,191,172", "Total Liabilities Net Minority Interest": "1,370,954", "Total Equity Gross Minority Interest": "1,820,218", "Total Capitalization": "1,820,218", "Common Stock Equity": "1,820,218", "Capital Lease Obligations": "-", "Net Tangible Assets": "1,805,031", "Working Capital": "1,091,125", "Invested Capital": "1,820,218", "Tangible Book Value": "1,805,031", "Total Debt": "-", "Share Issued": "59,232", "Ordinary Shares Number": "58,584", "Treasury Shares Number": "648"}}, "cf": {"TTM": {"Duration": "TTM", "Operating Cash Flow": "810,355", "Investing Cash Flow": "-48,751", "Financing Cash Flow": "-107,934", "End Cash Position": "1,046,051", "Income Tax Paid Supplemental Data": "-", "Capital Expenditure": "-151,866", "Issuance of Debt": "800,000", "Repayment of Debt": "-800,000", "Repurchase of Capital Stock": "-118,248", "Free Cash Flow": "658,489"}, "1/31/2021": {"Duration": "1/31/2021", "Operating Cash Flow": "810,355", "Investing Cash Flow": "-48,751", "Financing Cash Flow": "-107,934", "End Cash Position": "1,046,051", "Income Tax Paid Supplemental Data": "-", "Capital Expenditure": "-151,866", "Issuance of Debt": "800,000", "Repayment of Debt": "-800,000", "Repurchase of Capital Stock": "-118,248", "Free Cash Flow": "658,489"}, "1/31/2020": {"Duration": "1/31/2020", "Operating Cash Flow": "1,101,293", "Investing Cash Flow": "-471,480", "Financing Cash Flow": "-646,739", "End Cash Position": "392,325", "Income Tax Paid Supplemental Data": "133,861", "Capital Expenditure": "-298,534", "Issuance of Debt": "-", "Repayment of Debt": "-", "Repurchase of Capital Stock": "-690,519", "Free Cash Flow": "802,759"}, "1/31/2019": {"Duration": "1/31/2019", "Operating Cash Flow": "956,127", "Investing Cash Flow": "-215,107", "Financing Cash Flow": "-609,214", "End Cash Position": "409,251", "Income Tax Paid Supplemental Data": "195,869", "Capital Expenditure": "-319,400", "Issuance of Debt": "-", "Repayment of Debt": "-", "Repurchase of Capital Stock": "-622,335", "Free Cash Flow": "636,727"}}}}, {"MIK": {"quote": {"03/23/2021": {"value": "21.88", "Market Cap": "3.099B", "Beta (5Y Monthly)": "3.23", "PE Ratio (TTM)": "11.03", "EPS (TTM)": "1.98", "Earnings Date": "Jun 02, 2021 - Jun 07, 2021", "Forward Dividend & Yield": "N/A (N/A)", "Ex-Dividend Date": "N/A", "1y Target Est": "17.52"}}, "fin": {"TTM": {"Duration": "TTM", "Total Revenue": "5,271,112", "Cost of Revenue": "3,315,035", "Gross Profit": "1,956,077", "Operating Expense": "1,393,702", "Operating Income": "562,375", "Net Non Operating Interest Income Expense": "-152,442", "Other Income Expense": "-49,329", "Pretax Income": "360,604", "Tax Provision": "65,669", "Net Income Common Stockholders": "294,736", "Average Dilution Earnings": "3", "Diluted NI Available to Com Stockholders": "294,739", "Basic EPS": "-", "Diluted EPS": "-", "Basic Average Shares": "-", "Diluted Average Shares": "-", "Total Operating Income as Reported": "533,540", "Total Expenses": "4,708,737", "Net Income from Continuing & Discontinued Operation": "294,935", "Normalized Income": "336,554", "Interest Expense": "152,442", "Net Interest Income": "-152,442", "EBIT": "513,046", "EBITDA": "643,349", "Reconciled Cost of Revenue": "3,315,035", "Reconciled Depreciation": "130,303", "Net Income from Continuing Operation Net Minority Interest": "294,935", "Total Unusual Items Excluding Goodwill": "-50,879", "Total Unusual Items": "-50,879", "Normalized EBITDA": "694,228", "Tax Rate for Calcs": "0", "Tax Effect of Unusual Items": "-9,260"}, "1/31/2021": {"Duration": "1/31/2021", "Total Revenue": "5,271,112", "Cost of Revenue": "3,315,035", "Gross Profit": "1,956,077", "Operating Expense": "1,393,702", "Operating Income": "562,375", "Net Non Operating Interest Income Expense": "-152,442", "Other Income Expense": "-49,329", "Pretax Income": "360,604", "Tax Provision": "65,669", "Net Income Common Stockholders": "294,736", "Average Dilution Earnings": "3", "Diluted NI Available to Com Stockholders": "294,739", "Basic EPS": "2.01", "Diluted EPS": "1.98", "Basic Average Shares": "146,541", "Diluted Average Shares": "148,531", "Total Operating Income as Reported": "533,540", "Total Expenses": "4,708,737", "Net Income from Continuing & Discontinued Operation": "294,935", "Normalized Income": "336,554", "Interest Expense": "152,442", "Net Interest Income": "-152,442", "EBIT": "513,046", "EBITDA": "-", "Reconciled Cost of Revenue": "3,315,035", "Reconciled Depreciation": "130,303", "Net Income from Continuing Operation Net Minority Interest": "294,935", "Total Unusual Items Excluding Goodwill": "-50,879", "Total Unusual Items": "-50,879", "Normalized EBITDA": "694,228", "Tax Rate for Calcs": "0", "Tax Effect of Unusual Items": "-9,260"}, "1/31/2020": {"Duration": "1/31/2020", "Total Revenue": "5,072,037", "Cost of Revenue": "3,199,780", "Gross Profit": "1,872,257", "Operating Expense": "1,308,888", "Operating Income": "563,369", "Net Non Operating Interest Income Expense": "-154,090", "Other Income Expense": "-50,908", "Pretax Income": "358,371", "Tax Provision": "85,776", "Net Income Common Stockholders": "272,277", "Average Dilution Earnings": "1", "Diluted NI Available to Com Stockholders": "272,278", "Basic EPS": "1.78", "Diluted EPS": "1.78", "Basic Average Shares": "153,134", "Diluted Average Shares": "153,202", "Total Operating Income as Reported": "515,037", "Total Expenses": "4,508,668", "Net Income from Continuing & Discontinued Operation": "272,595", "Normalized Income": "310,377", "Interest Expense": "154,090", "Net Interest Income": "-154,090", "EBIT": "512,461", "EBITDA": "-", "Reconciled Cost of Revenue": "3,199,780", "Reconciled Depreciation": "125,499", "Net Income from Continuing Operation Net Minority Interest": "272,595", "Total Unusual Items Excluding Goodwill": "-49,648", "Total Unusual Items": "-49,648", "Normalized EBITDA": "687,608", "Tax Rate for Calcs": "0", "Tax Effect of Unusual Items": "-11,866"}, "1/31/2019": {"Duration": "1/31/2019", "Total Revenue": "5,271,944", "Cost of Revenue": "3,248,276", "Gross Profit": "2,023,668", "Operating Expense": "1,355,818", "Operating Income": "667,850", "Net Non Operating Interest Income Expense": "-147,085", "Other Income Expense": "-103,711", "Pretax Income": "417,054", "Tax Provision": "97,509", "Net Income Common Stockholders": "318,950", "Average Dilution Earnings": "2", "Diluted NI Available to Com Stockholders": "318,952", "Basic EPS": "1.87", "Diluted EPS": "1.86", "Basic Average Shares": "170,610", "Diluted Average Shares": "171,378", "Total Operating Income as Reported": "563,612", "Total Expenses": "4,604,094", "Net Income from Continuing & Discontinued Operation": "319,545", "Normalized Income": "400,797", "Interest Expense": "147,085", "Net Interest Income": "-147,085", "EBIT": "564,139", "EBITDA": "-", "Reconciled Cost of Revenue": "3,248,276", "Reconciled Depreciation": "124,271", "Net Income from Continuing Operation Net Minority Interest": "319,545", "Total Unusual Items Excluding Goodwill": "-106,073", "Total Unusual Items": "-106,073", "Normalized EBITDA": "794,483", "Tax Rate for Calcs": "0", "Tax Effect of Unusual Items": "-24,821"}}, "bs": {"1/31/2021": {"Duration": "1/31/2021", "Total Assets": "4,528,405", "Total Liabilities Net Minority Interest": "5,725,575", "Total Equity Gross Minority Interest": "-1,197,170", "Total Capitalization": "1,283,783", "Common Stock Equity": "-1,197,170", "Capital Lease Obligations": "1,702,632", "Net Tangible Assets": "-1,348,581", "Working Capital": "556,594", "Invested Capital": "1,300,483", "Tangible Book Value": "-1,348,581", "Total Debt": "4,200,285", "Net Debt": "1,303,264", "Share Issued": "141,608", "Ordinary Shares Number": "141,608"}, "1/31/2020": {"Duration": "1/31/2020", "Total Assets": "3,838,095", "Total Liabilities Net Minority Interest": "5,284,559", "Total Equity Gross Minority Interest": "-1,446,464", "Total Capitalization": "1,197,996", "Common Stock Equity": "-1,446,464", "Capital Lease Obligations": "1,664,617", "Net Tangible Assets": "-1,607,171", "Working Capital": "403,436", "Invested Capital": "1,222,896", "Tangible Book Value": "-1,607,171", "Total Debt": "4,333,977", "Net Debt": "2,259,396", "Share Issued": "146,803", "Ordinary Shares Number": "146,803"}, "1/31/2019": {"Duration": "1/31/2019", "Total Assets": "2,128,336", "Total Liabilities Net Minority Interest": "3,754,531", "Total Equity Gross Minority Interest": "-1,626,195", "Total Capitalization": "1,054,805", "Common Stock Equity": "-1,626,195", "Capital Lease Obligations": "-", "Net Tangible Assets": "-1,755,502", "Working Capital": "582,971", "Invested Capital": "1,079,705", "Tangible Book Value": "-1,755,502", "Total Debt": "2,705,900", "Net Debt": "2,460,013", "Share Issued": "157,774", "Ordinary Shares Number": "157,774"}}, "cf": {"TTM": {"Duration": "TTM", "Operating Cash Flow": "1,222,436", "Investing Cash Flow": "-161,129", "Financing Cash Flow": "-276,882", "End Cash Position": "1,194,389", "Capital Expenditure": "-162,004", "Issuance of Debt": "975,000", "Repayment of Debt": "-1,145,950", "Repurchase of Capital Stock": "-91,118", "Free Cash Flow": "1,060,432"}, "1/31/2021": {"Duration": "1/31/2021", "Operating Cash Flow": "1,222,436", "Investing Cash Flow": "-161,129", "Financing Cash Flow": "-276,882", "End Cash Position": "1,194,389", "Capital Expenditure": "-162,004", "Issuance of Debt": "975,000", "Repayment of Debt": "-1,145,950", "Repurchase of Capital Stock": "-91,118", "Free Cash Flow": "1,060,432"}, "1/31/2020": {"Duration": "1/31/2020", "Operating Cash Flow": "493,175", "Investing Cash Flow": "-178,545", "Financing Cash Flow": "-150,553", "End Cash Position": "409,964", "Capital Expenditure": "-178,545", "Issuance of Debt": "523,200", "Repayment of Debt": "-558,100", "Repurchase of Capital Stock": "-107,997", "Free Cash Flow": "314,630"}, "1/31/2019": {"Duration": "1/31/2019", "Operating Cash Flow": "444,256", "Investing Cash Flow": "-145,387", "Financing Cash Flow": "-478,878", "End Cash Position": "245,887", "Capital Expenditure": "-145,387", "Issuance of Debt": "355,400", "Repayment of Debt": "-380,300", "Repurchase of Capital Stock": "-456,585", "Free Cash Flow": "298,869"}}}}, {"WINA": {"quote": {"03/23/2021": {"value": "182.44", "Market Cap": "677.538M", "Beta (5Y Monthly)": "0.78", "PE Ratio (TTM)": "23.63", "EPS (TTM)": "7.72", "Earnings Date": "Apr 12, 2021 - Apr 16, 2021", "Forward Dividend & Yield": "1.00 (0.54%)", "Ex-Dividend Date": "Feb 09, 2021", "1y Target Est": "N/A"}}, "fin": {"TTM": {"Duration": "TTM", "Total Revenue": "66,062", "Cost of Revenue": "4,727", "Gross Profit": "61,335", "Operating Expense": "21,124", "Operating Income": "40,212", "Net Non Operating Interest Income Expense": "-1,694", "Other Income Expense": "-", "Pretax Income": "38,517", "Tax Provision": "8,694", "Net Income Common Stockholders": "29,823", "Diluted NI Available to Com Stockholders": "29,823", "Basic EPS": "-", "Diluted EPS": "-", "Basic Average Shares": "-", "Diluted Average Shares": "-", "Total Operating Income as Reported": "40,212", "Rent Expense Supplemental": "-", "Total Expenses": "25,850", "Net Income from Continuing & Discontinued Operation": "29,823", "Normalized Income": "29,823", "Interest Income": "43.4", "Interest Expense": "1,738", "Net Interest Income": "-1,694", "EBIT": "40,255", "EBITDA": "40,255", "Reconciled Cost of Revenue": "4,727", "Reconciled Depreciation": "853.6", "Net Income from Continuing Operation Net Minority Interest": "29,823", "Normalized EBITDA": "40,255", "Tax Rate for Calcs": "0", "Tax Effect of Unusual Items": "0"}, "12/31/2020": {"Duration": "12/31/2020", "Total Revenue": "66,062", "Cost of Revenue": "4,727", "Gross Profit": "61,335", "Operating Expense": "21,124", "Operating Income": "40,212", "Net Non Operating Interest Income Expense": "-1,694", "Other Income Expense": "-", "Pretax Income": "38,517", "Tax Provision": "8,694", "Net Income Common Stockholders": "29,823", "Diluted NI Available to Com Stockholders": "29,823", "Basic EPS": "-", "Diluted EPS": "-", "Basic Average Shares": "-", "Diluted Average Shares": "-", "Total Operating Income as Reported": "40,212", "Rent Expense Supplemental": "-", "Total Expenses": "25,850", "Net Income from Continuing & Discontinued Operation": "29,823", "Normalized Income": "29,823", "Interest Income": "43.4", "Interest Expense": "1,694", "Net Interest Income": "-1,694", "EBIT": "40,212", "EBITDA": "-", "Reconciled Cost of Revenue": "4,727", "Reconciled Depreciation": "853.6", "Net Income from Continuing Operation Net Minority Interest": "29,823", "Normalized EBITDA": "41,065", "Tax Rate for Calcs": "0", "Tax Effect of Unusual Items": "0"}, "12/31/2019": {"Duration": "12/31/2019", "Total Revenue": "73,299", "Cost of Revenue": "4,501", "Gross Profit": "68,798", "Operating Expense": "25,667", "Operating Income": "43,131", "Net Non Operating Interest Income Expense": "-1,664", "Other Income Expense": "-", "Pretax Income": "41,467", "Tax Provision": "9,318", "Net Income Common Stockholders": "32,149", "Diluted NI Available to Com Stockholders": "32,149", "Basic EPS": "8.37", "Diluted EPS": "7.84", "Basic Average Shares": "3,841", "Diluted Average Shares": "4,101", "Total Operating Income as Reported": "43,131", "Rent Expense Supplemental": "-", "Total Expenses": "30,168", "Net Income from Continuing & Discontinued Operation": "32,149", "Normalized Income": "32,149", "Interest Income": "67.4", "Interest Expense": "1,731", "Net Interest Income": "-1,664", "EBIT": "43,199", "EBITDA": "-", "Reconciled Cost of Revenue": "4,501", "Reconciled Depreciation": "745.5", "Net Income from Continuing Operation Net Minority Interest": "32,149", "Normalized EBITDA": "43,944", "Tax Rate for Calcs": "0", "Tax Effect of Unusual Items": "0"}, "12/31/2018": {"Duration": "12/31/2018", "Total Revenue": "72,511", "Cost of Revenue": "4,670", "Gross Profit": "67,841", "Operating Expense": "26,077", "Operating Income": "41,764", "Net Non Operating Interest Income Expense": "-2,481", "Other Income Expense": "-33.2", "Pretax Income": "39,283", "Tax Provision": "9,158", "Net Income Common Stockholders": "30,126", "Diluted NI Available to Com Stockholders": "30,126", "Basic EPS": "7.77", "Diluted EPS": "7.26", "Basic Average Shares": "3,875", "Diluted Average Shares": "4,150", "Total Operating Income as Reported": "41,764", "Rent Expense Supplemental": "1,929", "Total Expenses": "30,747", "Net Income from Continuing & Discontinued Operation": "30,126", "Normalized Income": "30,126", "Interest Income": "-", "Interest Expense": "2,481", "Net Interest Income": "-2,481", "EBIT": "41,764", "EBITDA": "-", "Reconciled Cost of Revenue": "4,670", "Reconciled Depreciation": "314.1", "Net Income from Continuing Operation Net Minority Interest": "30,126", "Normalized EBITDA": "42,078", "Tax Rate for Calcs": "0", "Tax Effect of Unusual Items": "0"}}, "bs": {"12/31/2020": {"Duration": "12/31/2020", "Total Assets": "31,343", "Total Liabilities Net Minority Interest": "42,722", "Total Equity Gross Minority Interest": "-11,379", "Total Capitalization": "6,254", "Common Stock Equity": "-11,379", "Capital Lease Obligations": "6,978", "Net Tangible Assets": "-11,986", "Working Capital": "6,893", "Invested Capital": "10,490", "Tangible Book Value": "-11,986", "Total Debt": "28,847", "Net Debt": "15,210", "Share Issued": "3,756", "Ordinary Shares Number": "3,756"}, "12/31/2019": {"Duration": "12/31/2019", "Total Assets": "61,842", "Total Liabilities Net Minority Interest": "49,394", "Total Equity Gross Minority Interest": "12,448", "Total Capitalization": "34,317", "Common Stock Equity": "12,448", "Capital Lease Obligations": "9,364", "Net Tangible Assets": "11,841", "Working Capital": "29,270", "Invested Capital": "38,053", "Tangible Book Value": "11,841", "Total Debt": "34,969", "Net Debt": "474.6", "Share Issued": "3,948", "Ordinary Shares Number": "3,948"}, "12/31/2018": {"Duration": "12/31/2018", "Total Assets": "46,663", "Total Liabilities Net Minority Interest": "51,472", "Total Equity Gross Minority Interest": "-4,808", "Total Capitalization": "20,796", "Common Stock Equity": "-4,808", "Capital Lease Obligations": "5,745", "Net Tangible Assets": "-5,416", "Working Capital": "11,768", "Invested Capital": "24,033", "Tangible Book Value": "-5,416", "Total Debt": "34,586", "Net Debt": "26,345", "Share Issued": "3,908", "Ordinary Shares Number": "3,908"}}, "cf": {"TTM": {"Duration": "TTM", "Operating Cash Flow": "43,221", "Investing Cash Flow": "-4,159", "Financing Cash Flow": "-57,558", "End Cash Position": "6,684", "Income Tax Paid Supplemental Data": "9,553", "Interest Paid Supplemental Data": "1,738", "Capital Expenditure": "-4,159", "Issuance of Debt": "47,757", "Repayment of Debt": "-50,350", "Repurchase of Capital Stock": "-48,987", "Free Cash Flow": "39,062"}, "12/31/2020": {"Duration": "12/31/2020", "Operating Cash Flow": "43,221", "Investing Cash Flow": "-4,159", "Financing Cash Flow": "-57,558", "End Cash Position": "6,684", "Income Tax Paid Supplemental Data": "9,553", "Interest Paid Supplemental Data": "1,738", "Capital Expenditure": "-4,159", "Issuance of Debt": "47,757", "Repayment of Debt": "-50,350", "Repurchase of Capital Stock": "-48,987", "Free Cash Flow": "39,062"}, "12/31/2019": {"Duration": "12/31/2019", "Operating Cash Flow": "50,647", "Investing Cash Flow": "-9,178", "Financing Cash Flow": "-18,864", "End Cash Position": "25,180", "Income Tax Paid Supplemental Data": "11,122", "Interest Paid Supplemental Data": "1,706", "Capital Expenditure": "-9,178", "Issuance of Debt": "19,744", "Repayment of Debt": "-22,050", "Repurchase of Capital Stock": "-24,028", "Free Cash Flow": "41,469"}, "12/31/2018": {"Duration": "12/31/2018", "Operating Cash Flow": "34,937", "Investing Cash Flow": "453.9", "Financing Cash Flow": "-33,978", "End Cash Position": "2,576", "Income Tax Paid Supplemental Data": "6,728", "Interest Paid Supplemental Data": "2,497", "Capital Expenditure": "-23,798", "Issuance of Debt": "13,169", "Repayment of Debt": "-45,950", "Repurchase of Capital Stock": "-1,846", "Free Cash Flow": "11,139"}}}}, {"TCS": {"quote": {"05/11/2021": {"value": "13.49", "Market Cap": "681.091M", "Beta (5Y Monthly)": "1.25", "PE Ratio (TTM)": "18.43", "EPS (TTM)": "0.73", "Earnings Date": "May 18, 2021", "Forward Dividend & Yield": "N/A (N/A)", "Ex-Dividend Date": "N/A", "1y Target Est": "13.00"}}, "fin": {"TTM": {"Duration": "TTM", "Total Revenue": "916,749", "Cost of Revenue": "390,476", "Gross Profit": "526,273", "Operating Expense": "455,152", "Operating Income": "71,121", "Net Non Operating Interest Income Expense": "-18,836", "Other Income Expense": "-915", "Pretax Income": "51,370", "Tax Provision": "15,643", "Net Income Common Stockholders": "35,727", "Diluted NI Available to Com Stockholders": "35,727", "Basic EPS": "-", "Diluted EPS": "-", "Basic Average Shares": "-", "Diluted Average Shares": "-", "Total Operating Income as Reported": "71,099", "Total Expenses": "845,628", "Net Income from Continuing & Discontinued Operation": "35,727", "Normalized Income": "36,363", "Interest Expense": "18,836", "Net Interest Income": "-18,836", "EBIT": "70,206", "EBITDA": "106,977", "Reconciled Cost of Revenue": "390,476", "Reconciled Depreciation": "36,771", "Net Income from Continuing Operation Net Minority Interest": "35,727", "Total Unusual Items Excluding Goodwill": "-915", "Total Unusual Items": "-915", "Normalized EBITDA": "107,892", "Tax Rate for Calcs": "0", "Tax Effect of Unusual Items": "-278.6324"}, "3/31/2020": {"Duration": "3/31/2020", "Total Revenue": "915,953", "Cost of Revenue": "382,488", "Gross Profit": "533,465", "Operating Expense": "490,724", "Operating Income": "42,741", "Net Non Operating Interest Income Expense": "-21,541", "Other Income Expense": "2", "Pretax Income": "21,202", "Tax Provision": "6,715", "Net Income Common Stockholders": "14,487", "Diluted NI Available to Com Stockholders": "14,487", "Basic EPS": "0.30", "Diluted EPS": "0.30", "Basic Average Shares": "48,820", "Diluted Average Shares": "48,965", "Total Operating Income as Reported": "42,743", "Total Expenses": "873,212", "Net Income from Continuing & Discontinued Operation": "14,487", "Normalized Income": "14,486", "Interest Expense": "21,541", "Net Interest Income": "-21,541", "EBIT": "42,743", "EBITDA": "-", "Reconciled Cost of Revenue": "382,488", "Reconciled Depreciation": "38,638", "Net Income from Continuing Operation Net Minority Interest": "14,487", "Total Unusual Items Excluding Goodwill": "2", "Total Unusual Items": "2", "Normalized EBITDA": "81,379", "Tax Rate for Calcs": "0", "Tax Effect of Unusual Items": "0.634"}, "3/31/2019": {"Duration": "3/31/2019", "Total Revenue": "895,093", "Cost of Revenue": "371,410", "Gross Profit": "523,683", "Operating Expense": "472,428", "Operating Income": "51,255", "Net Non Operating Interest Income Expense": "-27,275", "Other Income Expense": "-2,019", "Pretax Income": "21,961", "Tax Provision": "281", "Net Income Common Stockholders": "21,680", "Diluted NI Available to Com Stockholders": "21,680", "Basic EPS": "0.45", "Diluted EPS": "0.45", "Basic Average Shares": "48,140", "Diluted Average Shares": "48,400", "Total Operating Income as Reported": "51,318", "Total Expenses": "843,838", "Net Income from Continuing & Discontinued Operation": "21,680", "Normalized Income": "23,673", "Interest Expense": "27,275", "Net Interest Income": "-27,275", "EBIT": "49,236", "EBITDA": "-", "Reconciled Cost of Revenue": "371,410", "Reconciled Depreciation": "36,305", "Net Income from Continuing Operation Net Minority Interest": "21,680", "Total Unusual Items Excluding Goodwill": "-2,019", "Total Unusual Items": "-2,019", "Normalized EBITDA": "87,560", "Tax Rate for Calcs": "0", "Tax Effect of Unusual Items": "-26.247"}, "3/31/2018": {"Duration": "3/31/2018", "Total Revenue": "857,228", "Cost of Revenue": "360,167", "Gross Profit": "497,061", "Operating Expense": "462,696", "Operating Income": "34,365", "Net Non Operating Interest Income Expense": "-25,013", "Other Income Expense": "-2,647", "Pretax Income": "6,705", "Tax Provision": "-12,723", "Net Income Common Stockholders": "19,428", "Diluted NI Available to Com Stockholders": "19,428", "Basic EPS": "0.40", "Diluted EPS": "0.40", "Basic Average Shares": "48,062", "Diluted Average Shares": "48,148", "Total Operating Income as Reported": "34,087", "Total Expenses": "822,863", "Net Income from Continuing & Discontinued Operation": "19,428", "Normalized Income": "21,360", "Interest Expense": "25,013", "Net Interest Income": "-25,013", "EBIT": "31,718", "EBITDA": "-", "Reconciled Cost of Revenue": "360,167", "Reconciled Depreciation": "37,922", "Net Income from Continuing Operation Net Minority Interest": "19,428", "Total Unusual Items Excluding Goodwill": "-2,647", "Total Unusual Items": "-2,647", "Normalized EBITDA": "72,287", "Tax Rate for Calcs": "0", "Tax Effect of Unusual Items": "-714.69"}}, "bs": {"3/31/2020": {"Duration": "3/31/2020", "Total Assets": "1,166,814", "Total Liabilities Net Minority Interest": "895,106", "Total Equity Gross Minority Interest": "271,708", "Total Capitalization": "589,193", "Common Stock Equity": "271,708", "Capital Lease Obligations": "379,760", "Net Tangible Assets": "-153,876", "Working Capital": "43,995", "Invested Capital": "605,195", "Tangible Book Value": "-153,876", "Total Debt": "713,247", "Net Debt": "265,732", "Share Issued": "48,317", "Ordinary Shares Number": "48,317"}, "3/31/2019": {"Duration": "3/31/2019", "Total Assets": "748,744", "Total Liabilities Net Minority Interest": "484,051", "Total Equity Gross Minority Interest": "264,693", "Total Capitalization": "519,653", "Common Stock Equity": "264,693", "Capital Lease Obligations": "4,882", "Net Tangible Assets": "-163,272", "Working Capital": "23,093", "Invested Capital": "532,180", "Tangible Book Value": "-163,272", "Total Debt": "272,369", "Net Debt": "260,123", "Share Issued": "48,142", "Ordinary Shares Number": "48,142"}, "3/31/2018": {"Duration": "3/31/2018", "Total Assets": "749,369", "Total Liabilities Net Minority Interest": "500,662", "Total Equity Gross Minority Interest": "248,707", "Total Capitalization": "526,101", "Common Stock Equity": "248,707", "Capital Lease Obligations": "5,105", "Net Tangible Assets": "-183,509", "Working Capital": "27,657", "Invested Capital": "533,872", "Tangible Book Value": "-183,509", "Total Debt": "290,270", "Net Debt": "276,766", "Share Issued": "48,072", "Ordinary Shares Number": "48,072"}}, "cf": {"TTM": {"Duration": "TTM", "Operating Cash Flow": "148,573", "Investing Cash Flow": "-15,923", "Financing Cash Flow": "-118,661", "End Cash Position": "27,960", "Income Tax Paid Supplemental Data": "-", "Interest Paid Supplemental Data": "-", "Capital Expenditure": "-15,993", "Issuance of Debt": "298,560", "Repayment of Debt": "-411,229", "Free Cash Flow": "132,580"}, "3/31/2020": {"Duration": "3/31/2020", "Operating Cash Flow": "30,748", "Investing Cash Flow": "-33,602", "Financing Cash Flow": "64,394", "End Cash Position": "67,755", "Income Tax Paid Supplemental Data": "13,944", "Interest Paid Supplemental Data": "18,316", "Capital Expenditure": "-33,619", "Issuance of Debt": "178,603", "Repayment of Debt": "-113,836", "Free Cash Flow": "-2,871"}, "3/31/2019": {"Duration": "3/31/2019", "Operating Cash Flow": "54,896", "Investing Cash Flow": "-32,771", "Financing Cash Flow": "-22,007", "End Cash Position": "7,364", "Income Tax Paid Supplemental Data": "11,838", "Interest Paid Supplemental Data": "24,934", "Capital Expenditure": "-33,670", "Issuance of Debt": "386,701", "Repayment of Debt": "-406,196", "Free Cash Flow": "21,226"}, "3/31/2018": {"Duration": "3/31/2018", "Operating Cash Flow": "62,176", "Investing Cash Flow": "-27,550", "Financing Cash Flow": "-37,688", "End Cash Position": "8,399", "Income Tax Paid Supplemental Data": "4,740", "Interest Paid Supplemental Data": "22,119", "Capital Expenditure": "-27,646", "Issuance of Debt": "382,486", "Repayment of Debt": "-408,889", "Free Cash Flow": "34,530"}}}}, {"PRTY": {"quote": {"05/11/2021": {"value": "9.87", "Market Cap": "1.098B", "Beta (5Y Monthly)": "N/A", "PE Ratio (TTM)": "N/A", "EPS (TTM)": "-0.05", "Earnings Date": "Aug 04, 2021 - Aug 09, 2021", "Forward Dividend & Yield": "N/A (N/A)", "Ex-Dividend Date": "N/A", "1y Target Est": "8.33"}}, "fin": {"TTM": {"Duration": "TTM", "Total Revenue": "1,850,690", "Cost of Revenue": "1,382,081", "Gross Profit": "468,609", "Operating Expense": "670,518", "Operating Income": "-201,909", "Net Non Operating Interest Income Expense": "-77,043", "Other Income Expense": "-406,158", "Pretax Income": "-685,110", "Tax Provision": "-156,653", "Net Income Common Stockholders": "-528,238", "Diluted NI Available to Com Stockholders": "-528,238", "Basic EPS": "-", "Diluted EPS": "-", "Basic Average Shares": "-", "Diluted Average Shares": "-", "Total Operating Income as Reported": "-877,501", "Total Expenses": "2,052,599", "Net Income from Continuing & Discontinued Operation": "-528,238", "Normalized Income": "-217,012", "Interest Expense": "77,043", "Net Interest Income": "-77,043", "EBIT": "-608,067", "EBITDA": "-531,561", "Reconciled Cost of Revenue": "1,382,081", "Reconciled Depreciation": "76,506", "Net Income from Continuing Operation Net Minority Interest": "-528,238", "Total Unusual Items Excluding Goodwill": "-403,665", "Total Unusual Items": "-403,665", "Normalized EBITDA": "-127,896", "Tax Rate for Calcs": "0", "Tax Effect of Unusual Items": "-92,439"}, "12/31/2020": {"Duration": "12/31/2020", "Total Revenue": "1,850,690", "Cost of Revenue": "1,382,081", "Gross Profit": "468,609", "Operating Expense": "670,518", "Operating Income": "-201,909", "Net Non Operating Interest Income Expense": "-77,043", "Other Income Expense": "-406,158", "Pretax Income": "-685,110", "Tax Provision": "-156,653", "Net Income Common Stockholders": "-528,238", "Diluted NI Available to Com Stockholders": "-528,238", "Basic EPS": "-5.24", "Diluted EPS": "-5.24", "Basic Average Shares": "100,805", "Diluted Average Shares": "100,805", "Total Operating Income as Reported": "-877,501", "Total Expenses": "2,052,599", "Net Income from Continuing & Discontinued Operation": "-528,238", "Normalized Income": "-217,012", "Interest Expense": "77,043", "Net Interest Income": "-77,043", "EBIT": "-608,067", "EBITDA": "-", "Reconciled Cost of Revenue": "1,382,081", "Reconciled Depreciation": "76,506", "Net Income from Continuing Operation Net Minority Interest": "-528,238", "Total Unusual Items Excluding Goodwill": "-403,665", "Total Unusual Items": "-403,665", "Normalized EBITDA": "-127,896", "Tax Rate for Calcs": "0", "Tax Effect of Unusual Items": "-92,439"}, "12/31/2019": {"Duration": "12/31/2019", "Total Revenue": "2,348,789", "Cost of Revenue": "1,513,785", "Gross Profit": "835,004", "Operating Expense": "721,581", "Operating Income": "113,423", "Net Non Operating Interest Income Expense": "-114,899", "Other Income Expense": "-532,687", "Pretax Income": "-534,163", "Tax Provision": "-1,305", "Net Income Common Stockholders": "-532,495", "Diluted NI Available to Com Stockholders": "-532,495", "Basic EPS": "-5.71", "Diluted EPS": "-5.71", "Basic Average Shares": "93,296", "Diluted Average Shares": "93,296", "Total Operating Income as Reported": "-417,393", "Total Expenses": "2,235,366", "Net Income from Continuing & Discontinued Operation": "-532,495", "Normalized Income": "-520.082", "Interest Expense": "114,899", "Net Interest Income": "-114,899", "EBIT": "-419,264", "EBITDA": "-", "Reconciled Cost of Revenue": "1,513,785", "Reconciled Depreciation": "81,116", "Net Income from Continuing Operation Net Minority Interest": "-532,495", "Total Unusual Items Excluding Goodwill": "-533,041", "Total Unusual Items": "-533,041", "Normalized EBITDA": "194,893", "Tax Rate for Calcs": "0", "Tax Effect of Unusual Items": "-1,066"}, "12/31/2018": {"Duration": "12/31/2018", "Total Revenue": "2,427,515", "Cost of Revenue": "1,448,572", "Gross Profit": "978,943", "Operating Expense": "705,045", "Operating Income": "273,898", "Net Non Operating Interest Income Expense": "-105,706", "Other Income Expense": "-6,595", "Pretax Income": "161,597", "Tax Provision": "38,778", "Net Income Common Stockholders": "123,259", "Diluted NI Available to Com Stockholders": "123,259", "Basic EPS": "1.28", "Diluted EPS": "1.27", "Basic Average Shares": "96,133", "Diluted Average Shares": "97,271", "Total Operating Income as Reported": "278,285", "Total Expenses": "2,153,617", "Net Income from Continuing & Discontinued Operation": "122,850", "Normalized Income": "127,608", "Interest Expense": "105,706", "Net Interest Income": "-105,706", "EBIT": "267,303", "EBITDA": "-", "Reconciled Cost of Revenue": "1,448,572", "Reconciled Depreciation": "78,575", "Net Income from Continuing Operation Net Minority Interest": "122,850", "Total Unusual Items Excluding Goodwill": "-6,261", "Total Unusual Items": "-6,261", "Normalized EBITDA": "352,139", "Tax Rate for Calcs": "0", "Tax Effect of Unusual Items": "-1,503"}}, "bs": {"12/31/2020": {"Duration": "12/31/2020", "Total Assets": "2,806,455", "Total Liabilities Net Minority Interest": "2,755,934", "Total Equity Gross Minority Interest": "50,521", "Total Capitalization": "1,380,598", "Common Stock Equity": "50,790", "Capital Lease Obligations": "830,774", "Net Tangible Assets": "-1,027,023", "Working Capital": "95,383", "Invested Capital": "1,569,881", "Tangible Book Value": "-1,027,023", "Total Debt": "2,349,865", "Net Debt": "1,399,559", "Share Issued": "122,062", "Ordinary Shares Number": "110,782", "Treasury Shares Number": "11,280"}, "12/31/2019": {"Duration": "12/31/2019", "Total Assets": "3,595,319", "Total Liabilities Net Minority Interest": "3,065,598", "Total Equity Gross Minority Interest": "529,721", "Total Capitalization": "2,033,732", "Common Stock Equity": "529,745", "Capital Lease Obligations": "876,206", "Net Tangible Assets": "-1,117,965", "Working Capital": "199,203", "Invested Capital": "2,234,062", "Tangible Book Value": "-1,117,965", "Total Debt": "2,580,523", "Net Debt": "1,669,400", "Share Issued": "121,663", "Ordinary Shares Number": "94,462", "Treasury Shares Number": "27,201"}, "12/31/2018": {"Duration": "12/31/2018", "Total Assets": "3,642,347", "Total Liabilities Net Minority Interest": "2,598,726", "Total Equity Gross Minority Interest": "1,043,621", "Total Capitalization": "2,665,293", "Common Stock Equity": "1,043,330", "Capital Lease Obligations": "-", "Net Tangible Assets": "-1,241,815", "Working Capital": "312,398", "Invested Capital": "2,981,360", "Tangible Book Value": "-1,241,815", "Total Debt": "1,938,030", "Net Debt": "1,879,121", "Share Issued": "120,788", "Ordinary Shares Number": "93,623", "Treasury Shares Number": "27,165"}}, "cf": {"TTM": {"Duration": "TTM", "Operating Cash Flow": "77,200", "Investing Cash Flow": "-54,271", "Financing Cash Flow": "93,704", "End Cash Position": "119,681", "Income Tax Paid Supplemental Data": "26,867", "Interest Paid Supplemental Data": "68,396", "Capital Expenditure": "-51,128", "Issuance of Capital Stock": "-", "Issuance of Debt": "368,439", "Repayment of Debt": "-254,438", "Repurchase of Capital Stock": "-96", "Free Cash Flow": "26,072"}, "12/31/2020": {"Duration": "12/31/2020", "Operating Cash Flow": "77,200", "Investing Cash Flow": "-54,271", "Financing Cash Flow": "93,704", "End Cash Position": "119,681", "Income Tax Paid Supplemental Data": "26,867", "Interest Paid Supplemental Data": "68,396", "Capital Expenditure": "-51,128", "Issuance of Capital Stock": "-", "Issuance of Debt": "368,439", "Repayment of Debt": "-254,438", "Repurchase of Capital Stock": "-96", "Free Cash Flow": "26,072"}, "12/31/2019": {"Duration": "12/31/2019", "Operating Cash Flow": "43,693", "Investing Cash Flow": "163,675", "Financing Cash Flow": "-237,710", "End Cash Position": "35,176", "Income Tax Paid Supplemental Data": "36,093", "Interest Paid Supplemental Data": "108,561", "Capital Expenditure": "-61,733", "Issuance of Capital Stock": "-", "Issuance of Debt": "203,344", "Repayment of Debt": "-441,632", "Repurchase of Capital Stock": "-156", "Free Cash Flow": "-18,040"}, "12/31/2018": {"Duration": "12/31/2018", "Operating Cash Flow": "101,856", "Investing Cash Flow": "-150,907", "Financing Cash Flow": "56,170", "End Cash Position": "59,219", "Income Tax Paid Supplemental Data": "59,156", "Interest Paid Supplemental Data": "94,472", "Capital Expenditure": "-85,661", "Issuance of Capital Stock": "-", "Issuance of Debt": "652,087", "Repayment of Debt": "-547,695", "Repurchase of Capital Stock": "-40,197", "Free Cash Flow": "16,195"}}}}, {"ODP": {"quote": {"05/11/2021": {"value": "42.89", "Market Cap": "2.348B", "Beta (5Y Monthly)": "2.15", "PE Ratio (TTM)": "N/A", "EPS (TTM)": "-5.90", "Earnings Date": "Aug 03, 2021 - Aug 09, 2021", "Forward Dividend & Yield": "N/A (N/A)", "Ex-Dividend Date": "Feb 28, 2020", "1y Target Est": "57.50"}}, "fin": {"TTM": {"Duration": "TTM", "Total Revenue": "9,710,000", "Cost of Revenue": "7,578,000", "Gross Profit": "2,132,000", "Operating Expense": "1,832,000", "Operating Income": "300,000", "Net Non Operating Interest Income Expense": "-38,000", "Other Income Expense": "-557,000", "Pretax Income": "-295,000", "Tax Provision": "24,000", "Net Income Common Stockholders": "-319,000", "Diluted NI Available to Com Stockholders": "-319,000", "Basic EPS": "-", "Diluted EPS": "-", "Basic Average Shares": "-", "Diluted Average Shares": "-", "Total Operating Income as Reported": "-252,000", "Total Expenses": "9,410,000", "Net Income from Continuing & Discontinued Operation": "-319,000", "Normalized Income": "92,720", "Interest Income": "4,000", "Interest Expense": "42,000", "Net Interest Income": "-38,000", "EBIT": "-253,000", "EBITDA": "-64,000", "Reconciled Cost of Revenue": "7,578,000", "Reconciled Depreciation": "189,000", "Net Income from Continuing Operation Net Minority Interest": "-319,000", "Total Unusual Items Excluding Goodwill": "-564,000", "Total Unusual Items": "-564,000", "Normalized EBITDA": "500,000", "Tax Rate for Calcs": "0", "Tax Effect of Unusual Items": "-152,280"}, "12/31/2020": {"Duration": "12/31/2020", "Total Revenue": "9,710,000", "Cost of Revenue": "7,578,000", "Gross Profit": "2,132,000", "Operating Expense": "1,832,000", "Operating Income": "300,000", "Net Non Operating Interest Income Expense": "-38,000", "Other Income Expense": "-557,000", "Pretax Income": "-295,000", "Tax Provision": "24,000", "Net Income Common Stockholders": "-319,000", "Diluted NI Available to Com Stockholders": "-319,000", "Basic EPS": "-", "Diluted EPS": "-", "Basic Average Shares": "-", "Diluted Average Shares": "-", "Total Operating Income as Reported": "-252,000", "Total Expenses": "9,410,000", "Net Income from Continuing & Discontinued Operation": "-319,000", "Normalized Income": "92,720", "Interest Income": "4,000", "Interest Expense": "42,000", "Net Interest Income": "-38,000", "EBIT": "-253,000", "EBITDA": "-", "Reconciled Cost of Revenue": "7,578,000", "Reconciled Depreciation": "189,000", "Net Income from Continuing Operation Net Minority Interest": "-319,000", "Total Unusual Items Excluding Goodwill": "-564,000", "Total Unusual Items": "-564,000", "Normalized EBITDA": "500,000", "Tax Rate for Calcs": "0", "Tax Effect of Unusual Items": "-152,280"}, "12/31/2019": {"Duration": "12/31/2019", "Total Revenue": "10,647,000", "Cost of Revenue": "8,183,000", "Gross Profit": "2,464,000", "Operating Expense": "2,101,000", "Operating Income": "363,000", "Net Non Operating Interest Income Expense": "-66,000", "Other Income Expense": "-151,000", "Pretax Income": "146,000", "Tax Provision": "47,000", "Net Income Common Stockholders": "99,000", "Diluted NI Available to Com Stockholders": "99,000", "Basic EPS": "1.80", "Diluted EPS": "1.80", "Basic Average Shares": "55,000", "Diluted Average Shares": "55,000", "Total Operating Income as Reported": "191,000", "Total Expenses": "10,284,000", "Net Income from Continuing & Discontinued Operation": "99,000", "Normalized Income": "215,960", "Interest Income": "23,000", "Interest Expense": "89,000", "Net Interest Income": "-66,000", "EBIT": "235,000", "EBITDA": "-", "Reconciled Cost of Revenue": "8,183,000", "Reconciled Depreciation": "204,000", "Net Income from Continuing Operation Net Minority Interest": "99,000", "Total Unusual Items Excluding Goodwill": "-172,000", "Total Unusual Items": "-172,000", "Normalized EBITDA": "611,000", "Tax Rate for Calcs": "0", "Tax Effect of Unusual Items": "-55,040"}, "12/31/2018": {"Duration": "12/31/2018", "Total Revenue": "11,015,000", "Cost of Revenue": "8,464,000", "Gross Profit": "2,551,000", "Operating Expense": "2,218,000", "Operating Income": "333,000", "Net Non Operating Interest Income Expense": "-96,000", "Other Income Expense": "-79,000", "Pretax Income": "158,000", "Tax Provision": "59,000", "Net Income Common Stockholders": "104,000", "Diluted NI Available to Com Stockholders": "104,000", "Basic EPS": "1.90", "Diluted EPS": "1.90", "Basic Average Shares": "54,737", "Diluted Average Shares": "54,737", "Total Operating Income as Reported": "254,000", "Total Expenses": "10,682,000", "Net Income from Continuing & Discontinued Operation": "104,000", "Normalized Income": "158,220", "Interest Income": "25,000", "Interest Expense": "121,000", "Net Interest Income": "-96,000", "EBIT": "279,000", "EBITDA": "-", "Reconciled Cost of Revenue": "8,464,000", "Reconciled Depreciation": "192,000", "Net Income from Continuing Operation Net Minority Interest": "99,000", "Total Unusual Items Excluding Goodwill": "-94,000", "Total Unusual Items": "-94,000", "Normalized EBITDA": "565,000", "Tax Rate for Calcs": "0", "Tax Effect of Unusual Items": "-34,780"}}, "bs": {"12/31/2020": {"Duration": "12/31/2020", "Total Assets": "5,558,000", "Total Liabilities Net Minority Interest": "3,678,000", "Total Equity Gross Minority Interest": "1,880,000", "Total Capitalization": "2,177,000", "Preferred Stock Equity": "-", "Common Stock Equity": "1,880,000", "Capital Lease Obligations": "1,069,000", "Net Tangible Assets": "914,000", "Working Capital": "262,000", "Invested Capital": "2,180,000", "Tangible Book Value": "914,000", "Total Debt": "1,369,000", "Net Debt": "-", "Share Issued": "62,551", "Ordinary Shares Number": "52,694", "Treasury Shares Number": "9,857"}, "12/31/2019": {"Duration": "12/31/2019", "Total Assets": "7,311,000", "Total Liabilities Net Minority Interest": "5,138,000", "Total Equity Gross Minority Interest": "2,173,000", "Total Capitalization": "2,690,000", "Preferred Stock Equity": "-", "Common Stock Equity": "2,173,000", "Capital Lease Obligations": "1,285,000", "Net Tangible Assets": "841,000", "Working Capital": "353,000", "Invested Capital": "3,512,000", "Tangible Book Value": "841,000", "Total Debt": "2,624,000", "Net Debt": "641,000", "Share Issued": "62,042", "Ordinary Shares Number": "53,518", "Treasury Shares Number": "8,524"}, "12/31/2018": {"Duration": "12/31/2018", "Total Assets": "6,166,000", "Total Liabilities Net Minority Interest": "4,040,000", "Total Equity Gross Minority Interest": "2,126,000", "Total Capitalization": "3,515,000", "Preferred Stock Equity": "-", "Common Stock Equity": "2,126,000", "Capital Lease Obligations": "72,000", "Net Tangible Assets": "790,000", "Working Capital": "498,000", "Invested Capital": "3,593,000", "Tangible Book Value": "790,000", "Total Debt": "1,539,000", "Net Debt": "809,000", "Share Issued": "61,417", "Ordinary Shares Number": "54,383", "Treasury Shares Number": "7,034"}}, "cf": {"TTM": {"Duration": "TTM", "Operating Cash Flow": "485,000", "Investing Cash Flow": "736,000", "Financing Cash Flow": "-1,193,000", "End Cash Position": "729,000", "Income Tax Paid Supplemental Data": "-", "Interest Paid Supplemental Data": "40,000", "Capital Expenditure": "-68,000", "Issuance of Debt": "400,000", "Repayment of Debt": "-1,537,000", "Repurchase of Capital Stock": "-35,000", "Free Cash Flow": "417,000"}, "12/31/2020": {"Duration": "12/31/2020", "Operating Cash Flow": "485,000", "Investing Cash Flow": "736,000", "Financing Cash Flow": "-1,193,000", "End Cash Position": "729,000", "Income Tax Paid Supplemental Data": "-", "Interest Paid Supplemental Data": "40,000", "Capital Expenditure": "-68,000", "Issuance of Debt": "400,000", "Repayment of Debt": "-1,537,000", "Repurchase of Capital Stock": "-35,000", "Free Cash Flow": "417,000"}, "12/31/2019": {"Duration": "12/31/2019", "Operating Cash Flow": "366,000", "Investing Cash Flow": "-119,000", "Financing Cash Flow": "-212,000", "End Cash Position": "700,000", "Income Tax Paid Supplemental Data": "-", "Interest Paid Supplemental Data": "61,000", "Capital Expenditure": "-150,000", "Issuance of Debt": "736,000", "Repayment of Debt": "-833,000", "Repurchase of Capital Stock": "-49,000", "Free Cash Flow": "216,000"}, "12/31/2018": {"Duration": "12/31/2018", "Operating Cash Flow": "627,000", "Investing Cash Flow": "-183,000", "Financing Cash Flow": "-414,000", "End Cash Position": "660,000", "Income Tax Paid Supplemental Data": "-", "Interest Paid Supplemental Data": "93,000", "Capital Expenditure": "-187,000", "Issuance of Debt": "0", "Repayment of Debt": "-298,000", "Repurchase of Capital Stock": "-42,000", "Free Cash Flow": "440,000"}}}}, {"EBAY": {"quote": {"05/11/2021": {"value": "60.43", "Market Cap": "41.169B", "Beta (5Y Monthly)": "1.15", "PE Ratio (TTM)": "14.66", "EPS (TTM)": "4.12", "Earnings Date": "Jul 26, 2021 - Jul 30, 2021", "Forward Dividend & Yield": "0.72 (1.17%)", "Ex-Dividend Date": "May 28, 2021", "1y Target Est": "69.20"}}, "fin": {"TTM": {"Duration": "TTM", "Total Revenue": "10,271,000", "Cost of Revenue": "2,473,000", "Gross Profit": "7,798,000", "Operating Expense": "5,087,000", "Operating Income": "2,711,000", "Net Non Operating Interest Income Expense": "-298,000", "Other Income Expense": "1,007,000", "Pretax Income": "3,420,000", "Tax Provision": "878,000", "Net Income Common Stockholders": "5,667,000", "Diluted NI Available to Com Stockholders": "5,667,000", "Basic EPS": "-", "Diluted EPS": "-", "Basic Average Shares": "-", "Diluted Average Shares": "-", "Total Operating Income as Reported": "2,711,000", "Total Expenses": "7,560,000", "Net Income from Continuing & Discontinued Operation": "5,667,000", "Normalized Income": "1,793,799", "Interest Income": "39,000", "Interest Expense": "337,000", "Net Interest Income": "-298,000", "EBIT": "3,757,000", "EBITDA": "4,366,000", "Reconciled Cost of Revenue": "1,891,000", "Reconciled Depreciation": "609,000", "Net Income from Continuing Operation Net Minority Interest": "2,542,000", "Total Unusual Items Excluding Goodwill": "1,007,000", "Total Unusual Items": "1,007,000", "Normalized EBITDA": "3,359,000", "Tax Rate for Calcs": "0", "Tax Effect of Unusual Items": "258,799"}, "12/31/2020": {"Duration": "12/31/2020", "Total Revenue": "10,271,000", "Cost of Revenue": "2,473,000", "Gross Profit": "7,798,000", "Operating Expense": "5,087,000", "Operating Income": "2,711,000", "Net Non Operating Interest Income Expense": "-298,000", "Other Income Expense": "1,007,000", "Pretax Income": "3,420,000", "Tax Provision": "878,000", "Net Income Common Stockholders": "5,667,000", "Diluted NI Available to Com Stockholders": "5,667,000", "Basic EPS": "7.98", "Diluted EPS": "7.89", "Basic Average Shares": "710,000", "Diluted Average Shares": "718,000", "Total Operating Income as Reported": "2,711,000", "Total Expenses": "7,560,000", "Net Income from Continuing & Discontinued Operation": "5,667,000", "Normalized Income": "1,793,799", "Interest Income": "39,000", "Interest Expense": "337,000", "Net Interest Income": "-298,000", "EBIT": "3,757,000", "EBITDA": "-", "Reconciled Cost of Revenue": "1,891,000", "Reconciled Depreciation": "609,000", "Net Income from Continuing Operation Net Minority Interest": "2,542,000", "Total Unusual Items Excluding Goodwill": "1,007,000", "Total Unusual Items": "1,007,000", "Normalized EBITDA": "3,359,000", "Tax Rate for Calcs": "0", "Tax Effect of Unusual Items": "258,799"}, "12/31/2019": {"Duration": "12/31/2019", "Total Revenue": "10,800,000", "Cost of Revenue": "2,508,000", "Gross Profit": "8,292,000", "Operating Expense": "5,971,000", "Operating Income": "2,321,000", "Net Non Operating Interest Income Expense": "-191,000", "Other Income Expense": "77,000", "Pretax Income": "2,207,000", "Tax Provision": "415,000", "Net Income Common Stockholders": "1,786,000", "Diluted NI Available to Com Stockholders": "1,786,000", "Basic EPS": "2.10", "Diluted EPS": "2.10", "Basic Average Shares": "849,000", "Diluted Average Shares": "855,500", "Total Operating Income as Reported": "2,321,000", "Total Expenses": "8,479,000", "Net Income from Continuing & Discontinued Operation": "1,786,000", "Normalized Income": "1,727,040", "Interest Income": "120,000", "Interest Expense": "311,000", "Net Interest Income": "-191,000", "EBIT": "2,518,000", "EBITDA": "-", "Reconciled Cost of Revenue": "1,875,000", "Reconciled Depreciation": "681,000", "Net Income from Continuing Operation Net Minority Interest": "1,792,000", "Total Unusual Items Excluding Goodwill": "80,000", "Total Unusual Items": "80,000", "Normalized EBITDA": "3,119,000", "Tax Rate for Calcs": "0", "Tax Effect of Unusual Items": "15,040"}, "12/31/2018": {"Duration": "12/31/2018", "Total Revenue": "10,746,000", "Cost of Revenue": "2,382,000", "Gross Profit": "8,364,000", "Operating Expense": "6,142,000", "Operating Income": "2,222,000", "Net Non Operating Interest Income Expense": "-150,000", "Other Income Expense": "646,000", "Pretax Income": "2,718,000", "Tax Provision": "190,000", "Net Income Common Stockholders": "2,530,000", "Diluted NI Available to Com Stockholders": "2,530,000", "Basic EPS": "2.58", "Diluted EPS": "2.55", "Basic Average Shares": "980,000", "Diluted Average Shares": "991,000", "Total Operating Income as Reported": "2,222,000", "Total Expenses": "8,524,000", "Net Income from Continuing & Discontinued Operation": "2,530,000", "Normalized Income": "1,911,410", "Interest Income": "176,000", "Interest Expense": "326,000", "Net Interest Income": "-150,000", "EBIT": "3,044,000", "EBITDA": "-", "Reconciled Cost of Revenue": "1,735,000", "Reconciled Depreciation": "696,000", "Net Income from Continuing Operation Net Minority Interest": "2,528,000", "Total Unusual Items Excluding Goodwill": "663,000", "Total Unusual Items": "663,000", "Normalized EBITDA": "3,077,000", "Tax Rate for Calcs": "0", "Tax Effect of Unusual Items": "46,410"}}, "bs": {"12/31/2020": {"Duration": "12/31/2020", "Total Assets": "19,310,000", "Total Liabilities Net Minority Interest": "15,749,000", "Total Equity Gross Minority Interest": "3,561,000", "Total Capitalization": "11,306,000", "Common Stock Equity": "3,561,000", "Capital Lease Obligations": "380,000", "Net Tangible Assets": "-1,126,000", "Working Capital": "3,188,000", "Invested Capital": "11,324,000", "Tangible Book Value": "-1,126,000", "Total Debt": "8,143,000", "Net Debt": "6,335,000", "Share Issued": "1,705,000", "Ordinary Shares Number": "684,000", "Treasury Shares Number": "1,021,000"}, "12/31/2019": {"Duration": "12/31/2019", "Total Assets": "18,174,000", "Total Liabilities Net Minority Interest": "15,304,000", "Total Equity Gross Minority Interest": "2,870,000", "Total Capitalization": "9,608,000", "Common Stock Equity": "2,870,000", "Capital Lease Obligations": "492,000", "Net Tangible Assets": "-2,350,000", "Working Capital": "640,000", "Invested Capital": "10,630,000", "Tangible Book Value": "-2,350,000", "Total Debt": "8,252,000", "Net Debt": "6,785,000", "Share Issued": "1,694,275", "Ordinary Shares Number": "795,888", "Treasury Shares Number": "898,387"}, "12/31/2018": {"Duration": "12/31/2018", "Total Assets": "22,819,000", "Total Liabilities Net Minority Interest": "16,538,000", "Total Equity Gross Minority Interest": "6,281,000", "Total Capitalization": "13,966,000", "Common Stock Equity": "6,281,000", "Capital Lease Obligations": "-", "Net Tangible Assets": "1,029,000", "Working Capital": "2,672,000", "Invested Capital": "15,512,000", "Tangible Book Value": "1,029,000", "Total Debt": "9,231,000", "Net Debt": "7,029,000", "Share Issued": "1,678,000", "Ordinary Shares Number": "915,000", "Treasury Shares Number": "763,000"}}, "cf": {"TTM": {"Duration": "TTM", "Operating Cash Flow": "2,419,000", "Investing Cash Flow": "3,794,000", "Financing Cash Flow": "-5,692,000", "End Cash Position": "1,594,000", "Income Tax Paid Supplemental Data": "520,000", "Interest Paid Supplemental Data": "272,000", "Capital Expenditure": "-494,000", "Issuance of Capital Stock": "90,000", "Issuance of Debt": "1,765,000", "Repayment of Debt": "-1,771,000", "Repurchase of Capital Stock": "-5,137,000", "Free Cash Flow": "1,925,000"}, "12/31/2020": {"Duration": "12/31/2020", "Operating Cash Flow": "2,419,000", "Investing Cash Flow": "3,794,000", "Financing Cash Flow": "-5,692,000", "End Cash Position": "1,594,000", "Income Tax Paid Supplemental Data": "520,000", "Interest Paid Supplemental Data": "272,000", "Capital Expenditure": "-494,000", "Issuance of Capital Stock": "90,000", "Issuance of Debt": "1,765,000", "Repayment of Debt": "-1,771,000", "Repurchase of Capital Stock": "-5,137,000", "Free Cash Flow": "1,925,000"}, "12/31/2019": {"Duration": "12/31/2019", "Operating Cash Flow": "3,114,000", "Investing Cash Flow": "2,787,000", "Financing Cash Flow": "-7,091,000", "End Cash Position": "996,000", "Income Tax Paid Supplemental Data": "333,000", "Interest Paid Supplemental Data": "305,000", "Capital Expenditure": "-554,000", "Issuance of Capital Stock": "106,000", "Issuance of Debt": "-", "Repayment of Debt": "-1,550,000", "Repurchase of Capital Stock": "-4,973,000", "Free Cash Flow": "2,560,000"}, "12/31/2018": {"Duration": "12/31/2018", "Operating Cash Flow": "2,658,000", "Investing Cash Flow": "2,894,000", "Financing Cash Flow": "-5,398,000", "End Cash Position": "2,219,000", "Income Tax Paid Supplemental Data": "597,000", "Interest Paid Supplemental Data": "314,000", "Capital Expenditure": "-651,000", "Issuance of Capital Stock": "109,000", "Issuance of Debt": "0", "Repayment of Debt": "-750,000", "Repurchase of Capital Stock": "-4,502,000", "Free Cash Flow": "2,007,000"}}}}, {"ETSY": {"quote": {"05/11/2021": {"value": "169.84", "Market Cap": "21.587B", "Beta (5Y Monthly)": "1.53", "PE Ratio (TTM)": "48.24", "EPS (TTM)": "3.52", "Earnings Date": "Aug 03, 2021 - Aug 09, 2021", "Forward Dividend & Yield": "N/A (N/A)", "Ex-Dividend Date": "N/A", "1y Target Est": "227.13"}}, "fin": {"TTM": {"Duration": "TTM", "Total Revenue": "1,725,625", "Cost of Revenue": "464,745", "Gross Profit": "1,260,880", "Operating Expense": "836,871", "Operating Income": "424,009", "Net Non Operating Interest Income Expense": "-34,923", "Other Income Expense": "-23,377", "Pretax Income": "365,709", "Tax Provision": "16,463", "Net Income Common Stockholders": "367,126", "Average Dilution Earnings": "-", "Diluted NI Available to Com Stockholders": "367,126", "Basic EPS": "-", "Diluted EPS": "-", "Basic Average Shares": "-", "Diluted Average Shares": "-", "Total Operating Income as Reported": "424,009", "Total Expenses": "1,301,616", "Net Income from Continuing & Discontinued Operation": "349,246", "Normalized Income": "371,571", "Interest Income": "7,102", "Interest Expense": "42,025", "Net Interest Income": "-34,923", "EBIT": "407,734", "EBITDA": "465,923", "Reconciled Cost of Revenue": "464,745", "Reconciled Depreciation": "58,189", "Net Income from Continuing Operation Net Minority Interest": "349,246", "Total Unusual Items Excluding Goodwill": "-23,377", "Total Unusual Items": "-23,377", "Normalized EBITDA": "489,300", "Tax Rate for Calcs": "0", "Tax Effect of Unusual Items": "-1,052"}, "12/31/2020": {"Duration": "12/31/2020", "Total Revenue": "1,725,625", "Cost of Revenue": "464,745", "Gross Profit": "1,260,880", "Operating Expense": "836,871", "Operating Income": "424,009", "Net Non Operating Interest Income Expense": "-34,923", "Other Income Expense": "-23,377", "Pretax Income": "365,709", "Tax Provision": "16,463", "Net Income Common Stockholders": "367,126", "Average Dilution Earnings": "-", "Diluted NI Available to Com Stockholders": "367,126", "Basic EPS": "-", "Diluted EPS": "-", "Basic Average Shares": "-", "Diluted Average Shares": "-", "Total Operating Income as Reported": "424,009", "Total Expenses": "1,301,616", "Net Income from Continuing & Discontinued Operation": "349,246", "Normalized Income": "371,571", "Interest Income": "7,102", "Interest Expense": "42,025", "Net Interest Income": "-34,923", "EBIT": "407,734", "EBITDA": "-", "Reconciled Cost of Revenue": "464,745", "Reconciled Depreciation": "58,189", "Net Income from Continuing Operation Net Minority Interest": "349,246", "Total Unusual Items Excluding Goodwill": "-23,377", "Total Unusual Items": "-23,377", "Normalized EBITDA": "489,300", "Tax Rate for Calcs": "0", "Tax Effect of Unusual Items": "-1,052"}, "12/31/2019": {"Duration": "12/31/2019", "Total Revenue": "818,379", "Cost of Revenue": "271,036", "Gross Profit": "547,343", "Operating Expense": "458,582", "Operating Income": "88,761", "Net Non Operating Interest Income Expense": "-11,121", "Other Income Expense": "3,006", "Pretax Income": "80,646", "Tax Provision": "-15,248", "Net Income Common Stockholders": "95,894", "Average Dilution Earnings": "0", "Diluted NI Available to Com Stockholders": "95,894", "Basic EPS": "0.80", "Diluted EPS": "0.76", "Basic Average Shares": "119,665", "Diluted Average Shares": "125,720", "Total Operating Income as Reported": "88,761", "Total Expenses": "729,618", "Net Income from Continuing & Discontinued Operation": "95,894", "Normalized Income": "93,456", "Interest Income": "13,199", "Interest Expense": "24,320", "Net Interest Income": "-11,121", "EBIT": "104,966", "EBITDA": "-", "Reconciled Cost of Revenue": "271,036", "Reconciled Depreciation": "48,031", "Net Income from Continuing Operation Net Minority Interest": "95,894", "Total Unusual Items Excluding Goodwill": "3,006", "Total Unusual Items": "3,006", "Normalized EBITDA": "149,991", "Tax Rate for Calcs": "0", "Tax Effect of Unusual Items": "568.134"}, "12/31/2018": {"Duration": "12/31/2018", "Total Revenue": "603,693", "Cost of Revenue": "190,762", "Gross Profit": "412,931", "Operating Expense": "338,145", "Operating Income": "74,786", "Net Non Operating Interest Income Expense": "-13,221", "Other Income Expense": "-6,487", "Pretax Income": "55,078", "Tax Provision": "-22,413", "Net Income Common Stockholders": "77,454", "Average Dilution Earnings": "37", "Diluted NI Available to Com Stockholders": "77,491", "Basic EPS": "0.64", "Diluted EPS": "0.61", "Basic Average Shares": "120,146", "Diluted Average Shares": "127,085", "Total Operating Income as Reported": "74,786", "Total Expenses": "528,907", "Net Income from Continuing & Discontinued Operation": "77,491", "Normalized Income": "82,227", "Interest Income": "8,957", "Interest Expense": "22,178", "Net Interest Income": "-13,221", "EBIT": "77,256", "EBITDA": "-", "Reconciled Cost of Revenue": "190,762", "Reconciled Depreciation": "26,742", "Net Income from Continuing Operation Net Minority Interest": "77,491", "Total Unusual Items Excluding Goodwill": "-6,487", "Total Unusual Items": "-6,487", "Normalized EBITDA": "110,485", "Tax Rate for Calcs": "0", "Tax Effect of Unusual Items": "-1,751"}}, "bs": {"12/31/2020": {"Duration": "12/31/2020", "Total Assets": "2,404,489", "Total Liabilities Net Minority Interest": "1,662,065", "Total Equity Gross Minority Interest": "742,424", "Total Capitalization": "1,804,723", "Common Stock Equity": "742,424", "Capital Lease Obligations": "53,516", "Net Tangible Assets": "414,165", "Working Capital": "1,440,117", "Invested Capital": "1,804,723", "Tangible Book Value": "414,165", "Total Debt": "1,115,815", "Net Debt": "-", "Share Issued": "125,836", "Ordinary Shares Number": "125,836"}, "12/31/2019": {"Duration": "12/31/2019", "Total Assets": "1,542,352", "Total Liabilities Net Minority Interest": "1,135,718", "Total Equity Gross Minority Interest": "406,634", "Total Capitalization": "1,191,760", "Common Stock Equity": "406,634", "Capital Lease Obligations": "61,886", "Net Tangible Assets": "68,667", "Working Capital": "732,510", "Invested Capital": "1,191,760", "Tangible Book Value": "68,667", "Total Debt": "847,012", "Net Debt": "341,833", "Share Issued": "118,343", "Ordinary Shares Number": "118,343"}, "12/31/2018": {"Duration": "12/31/2018", "Total Assets": "901,851", "Total Liabilities Net Minority Interest": "500,953", "Total Equity Gross Minority Interest": "400,898", "Total Capitalization": "677,384", "Common Stock Equity": "400,898", "Capital Lease Obligations": "65,970", "Net Tangible Assets": "328,827", "Working Capital": "568,227", "Invested Capital": "677,384", "Tangible Book Value": "328,827", "Total Debt": "342,456", "Net Debt": "-", "Share Issued": "119,772", "Ordinary Shares Number": "119,772"}}, "cf": {"TTM": {"Duration": "TTM", "Operating Cash Flow": "678,956", "Investing Cash Flow": "-11,379", "Financing Cash Flow": "119,282", "End Cash Position": "1,249,440", "Income Tax Paid Supplemental Data": "8,535", "Interest Paid Supplemental Data": "3,405", "Capital Expenditure": "-7,990", "Issuance of Capital Stock": "-", "Issuance of Debt": "650,000", "Repayment of Debt": "-146,379", "Repurchase of Capital Stock": "-268,653", "Free Cash Flow": "670,966"}, "12/31/2020": {"Duration": "12/31/2020", "Operating Cash Flow": "678,956", "Investing Cash Flow": "-11,379", "Financing Cash Flow": "119,282", "End Cash Position": "1,249,440", "Income Tax Paid Supplemental Data": "8,535", "Interest Paid Supplemental Data": "3,405", "Capital Expenditure": "-7,990", "Issuance of Capital Stock": "-", "Issuance of Debt": "650,000", "Repayment of Debt": "-146,379", "Repurchase of Capital Stock": "-268,653", "Free Cash Flow": "670,966"}, "12/31/2019": {"Duration": "12/31/2019", "Operating Cash Flow": "206,920", "Investing Cash Flow": "-488,373", "Financing Cash Flow": "359,607", "End Cash Position": "448,634", "Income Tax Paid Supplemental Data": "2,084", "Interest Paid Supplemental Data": "3,206", "Capital Expenditure": "-17,241", "Issuance of Capital Stock": "-", "Issuance of Debt": "650,000", "Repayment of Debt": "-10,833", "Repurchase of Capital Stock": "-176,985", "Free Cash Flow": "189,679"}, "12/31/2018": {"Duration": "12/31/2018", "Operating Cash Flow": "198,925", "Investing Cash Flow": "-285,393", "Financing Cash Flow": "144,006", "End Cash Position": "372,326", "Income Tax Paid Supplemental Data": "966", "Interest Paid Supplemental Data": "10,002", "Capital Expenditure": "-56,050", "Issuance of Capital Stock": "-", "Issuance of Debt": "345,000", "Repayment of Debt": "-16,221", "Repurchase of Capital Stock": "-134,647", "Free Cash Flow": "142,875"}}}}, {"ELTZ": {"quote": {"05/11/2021": {"value": "0.0001", "Market Cap": "89,953", "Beta (5Y Monthly)": "98.36", "PE Ratio (TTM)": "N/A", "EPS (TTM)": "-0.0320", "Earnings Date": "N/A", "Forward Dividend & Yield": "N/A (N/A)", "Ex-Dividend Date": "N/A", "1y Target Est": "N/A"}}, "fin": {"TTM": {"Duration": "TTM", "Total Revenue": "-", "Operating Expense": "452.152", "Operating Income": "-452.152", "Net Non Operating Interest Income Expense": "-2,398", "Other Income Expense": "-2,312", "Pretax Income": "-5,161", "Tax Provision": "0", "Net Income Common Stockholders": "-5,161", "Diluted NI Available to Com Stockholders": "-5,161", "Basic EPS": "-", "Diluted EPS": "-", "Basic Average Shares": "-", "Diluted Average Shares": "-", "Total Operating Income as Reported": "-452.152", "Total Expenses": "452.152", "Net Income from Continuing & Discontinued Operation": "-5,161", "Normalized Income": "-3,419", "Interest Income": "-", "Interest Expense": "2,196", "Net Interest Income": "-2,398", "EBIT": "-2,965", "EBITDA": "-2,965", "Net Income from Continuing Operation Net Minority Interest": "-5,161", "Total Unusual Items Excluding Goodwill": "-1,742", "Total Unusual Items": "-1,742", "Normalized EBITDA": "-1,223", "Tax Rate for Calcs": "0", "Tax Effect of Unusual Items": "0"}}, "bs": {}, "cf": {"TTM": {"Duration": "TTM", "Operating Cash Flow": "-355.419", "Investing Cash Flow": "-95.573", "Financing Cash Flow": "454.373", "End Cash Position": "3.381", "Income Tax Paid Supplemental Data": "0", "Interest Paid Supplemental Data": "0", "Capital Expenditure": "-", "Issuance of Capital Stock": "-", "Issuance of Debt": "447.873", "Free Cash Flow": "-430.992"}}}}, {"FLWS": {"quote": {"05/11/2021": {"value": "32.51", "Market Cap": "2.116B", "Beta (5Y Monthly)": "1.70", "PE Ratio (TTM)": "18.79", "EPS (TTM)": "1.73", "Earnings Date": "Apr 29, 2021", "Forward Dividend & Yield": "N/A (N/A)", "Ex-Dividend Date": "N/A", "1y Target Est": "51.14"}}, "fin": {"TTM": {"Duration": "TTM", "Total Revenue": "1,857,760", "Cost of Revenue": "1,067,156", "Gross Profit": "790,604", "Operating Expense": "655,017", "Operating Income": "135,587", "Net Non Operating Interest Income Expense": "-3,825", "Other Income Expense": "2,281", "Pretax Income": "134,043", "Tax Provision": "30,011", "Net Income Common Stockholders": "104,032", "Diluted NI Available to Com Stockholders": "104,032", "Basic EPS": "-", "Diluted EPS": "-", "Basic Average Shares": "-", "Diluted Average Shares": "-", "Total Operating Income as Reported": "135,587", "Total Expenses": "1,722,173", "Net Income from Continuing & Discontinued Operation": "104,032", "Normalized Income": "104,032", "Interest Expense": "3,825", "Net Interest Income": "-3,825", "EBIT": "137,868", "EBITDA": "174,816", "Reconciled Cost of Revenue": "1,067,156", "Reconciled Depreciation": "36,948", "Net Income from Continuing Operation Net Minority Interest": "104,032", "Normalized EBITDA": "174,816", "Tax Rate for Calcs": "0", "Tax Effect of Unusual Items": "0"}, "6/30/2020": {"Duration": "6/30/2020", "Total Revenue": "1,489,637", "Cost of Revenue": "867,441", "Gross Profit": "622,196", "Operating Expense": "541,832", "Operating Income": "80,364", "Net Non Operating Interest Income Expense": "-2,438", "Other Income Expense": "-84", "Pretax Income": "77,842", "Tax Provision": "18,844", "Net Income Common Stockholders": "58,998", "Diluted NI Available to Com Stockholders": "58,998", "Basic EPS": "0.92", "Diluted EPS": "0.89", "Basic Average Shares": "64,463", "Diluted Average Shares": "66,408", "Total Operating Income as Reported": "80,364", "Total Expenses": "1,409,273", "Net Income from Continuing & Discontinued Operation": "58,998", "Normalized Income": "58,998", "Interest Expense": "2,438", "Net Interest Income": "-2,438", "EBIT": "80,280", "EBITDA": "-", "Reconciled Cost of Revenue": "867,441", "Reconciled Depreciation": "32,513", "Net Income from Continuing Operation Net Minority Interest": "58,998", "Normalized EBITDA": "112,793", "Tax Rate for Calcs": "0", "Tax Effect of Unusual Items": "0"}, "6/30/2019": {"Duration": "6/30/2019", "Total Revenue": "1,248,623", "Cost of Revenue": "722,502", "Gross Profit": "526,121", "Operating Expense": "481,013", "Operating Income": "45,108", "Net Non Operating Interest Income Expense": "-2,769", "Other Income Expense": "644", "Pretax Income": "42,983", "Tax Provision": "8,217", "Net Income Common Stockholders": "34,766", "Diluted NI Available to Com Stockholders": "34,766", "Basic EPS": "0.54", "Diluted EPS": "0.52", "Basic Average Shares": "64,342", "Diluted Average Shares": "66,457", "Total Operating Income as Reported": "45,108", "Total Expenses": "1,203,515", "Net Income from Continuing & Discontinued Operation": "34,766", "Normalized Income": "34,766", "Interest Expense": "2,769", "Net Interest Income": "-2,769", "EBIT": "45,752", "EBITDA": "-", "Reconciled Cost of Revenue": "722,502", "Reconciled Depreciation": "29,965", "Net Income from Continuing Operation Net Minority Interest": "34,766", "Normalized EBITDA": "75,717", "Tax Rate for Calcs": "0", "Tax Effect of Unusual Items": "0"}, "6/30/2018": {"Duration": "6/30/2018", "Total Revenue": "1,151,921", "Cost of Revenue": "662,896", "Gross Profit": "489,025", "Operating Expense": "447,977", "Operating Income": "41,048", "Net Non Operating Interest Income Expense": "-3,631", "Other Income Expense": "605", "Pretax Income": "38,022", "Tax Provision": "-2,769", "Net Income Common Stockholders": "40,791", "Diluted NI Available to Com Stockholders": "40,791", "Basic EPS": "0.63", "Diluted EPS": "0.61", "Basic Average Shares": "64,666", "Diluted Average Shares": "66,938", "Total Operating Income as Reported": "41,048", "Total Expenses": "1,110,873", "Net Income from Continuing & Discontinued Operation": "40,791", "Normalized Income": "40,791", "Interest Expense": "3,631", "Net Interest Income": "-3,631", "EBIT": "41,653", "EBITDA": "-", "Reconciled Cost of Revenue": "662,896", "Reconciled Depreciation": "32,469", "Net Income from Continuing Operation Net Minority Interest": "40,791", "Normalized EBITDA": "74,122", "Tax Rate for Calcs": "0", "Tax Effect of Unusual Items": "0"}}, "bs": {"6/30/2020": {"Duration": "6/30/2020", "Total Assets": "774,435", "Total Liabilities Net Minority Interest": "374,661", "Total Equity Gross Minority Interest": "399,774", "Total Capitalization": "487,333", "Common Stock Equity": "399,774", "Capital Lease Obligations": "70,249", "Net Tangible Assets": "258,790", "Working Capital": "198,298", "Invested Capital": "492,333", "Tangible Book Value": "258,790", "Total Debt": "162,808", "Share Issued": "82,247", "Ordinary Shares Number": "64,284", "Treasury Shares Number": "23,244"}, "6/30/2019": {"Duration": "6/30/2019", "Total Assets": "606,440", "Total Liabilities Net Minority Interest": "263,729", "Total Equity Gross Minority Interest": "342,711", "Total Capitalization": "434,684", "Common Stock Equity": "342,711", "Capital Lease Obligations": "-", "Net Tangible Assets": "220,506", "Working Capital": "175,741", "Invested Capital": "439,684", "Tangible Book Value": "220,506", "Total Debt": "96,973", "Share Issued": "81,627", "Ordinary Shares Number": "64,418", "Treasury Shares Number": "22,489"}, "6/30/2018": {"Duration": "6/30/2018", "Total Assets": "570,889", "Total Liabilities Net Minority Interest": "255,985", "Total Equity Gross Minority Interest": "314,904", "Total Capitalization": "407,171", "Common Stock Equity": "314,904", "Capital Lease Obligations": "-", "Net Tangible Assets": "192,491", "Working Capital": "148,222", "Invested Capital": "417,234", "Tangible Book Value": "192,491", "Total Debt": "102,330", "Share Issued": "80,614", "Ordinary Shares Number": "64,635", "Treasury Shares Number": "21,259"}}, "cf": {"TTM": {"Duration": "TTM", "Operating Cash Flow": "293,908", "Investing Cash Flow": "-292,102", "Financing Cash Flow": "73,219", "End Cash Position": "370,586", "Capital Expenditure": "-39,699", "Issuance of Debt": "265,000", "Repayment of Debt": "-172,500", "Repurchase of Capital Stock": "-18,120", "Free Cash Flow": "254,209"}, "6/30/2020": {"Duration": "6/30/2020", "Operating Cash Flow": "139,417", "Investing Cash Flow": "-56,379", "Financing Cash Flow": "-15,455", "End Cash Position": "240,506", "Capital Expenditure": "-34,703", "Issuance of Debt": "20,000", "Repayment of Debt": "-25,000", "Repurchase of Capital Stock": "-10,680", "Free Cash Flow": "104,714"}, "6/30/2019": {"Duration": "6/30/2019", "Operating Cash Flow": "78,100", "Investing Cash Flow": "-32,560", "Financing Cash Flow": "-19,857", "End Cash Position": "172,923", "Capital Expenditure": "-32,560", "Issuance of Debt": "32,250", "Repayment of Debt": "-37,187", "Repurchase of Capital Stock": "-14,766", "Free Cash Flow": "45,540"}, "6/30/2018": {"Duration": "6/30/2018", "Operating Cash Flow": "58,341", "Investing Cash Flow": "-41,806", "Financing Cash Flow": "-19,027", "End Cash Position": "147,240", "Capital Expenditure": "-33,306", "Issuance of Debt": "30,000", "Repayment of Debt": "-37,188", "Repurchase of Capital Stock": "-12,176", "Free Cash Flow": "25,035"}}}}, {"FINL": {"quote": {"05/11/2021": {"value": "", "Net Assets": "N/A", "Beta (5Y Monthly)": "N/A", "Yield": "N/A", "5y Average Return": "N/A", "Holdings Turnover": "N/A", "Last Dividend": "N/A", "Average for Category": "N/A", "Inception Date": "N/A"}}, "fin": {}, "bs": {}, "cf": {}}}, {"XOXO": {"quote": {"05/11/2021": {"value": "", "Net Assets": "N/A", "Beta (5Y Monthly)": "N/A", "Yield": "N/A", "5y Average Return": "N/A", "Holdings Turnover": "N/A", "Last Dividend": "N/A", "Average for Category": "N/A", "Inception Date": "N/A"}}, "fin": {}, "bs": {}, "cf": {}}}, {"HSNI": {"quote": {"05/11/2021": {"value": "", "Net Assets": "N/A", "Beta (5Y Monthly)": "N/A", "Yield": "N/A", "5y Average Return": "N/A", "Holdings Turnover": "N/A", "Last Dividend": "N/A", "Average for Category": "N/A", "Inception Date": "N/A"}}, "fin": {}, "bs": {}, "cf": {}}}, {"HZO": {"quote": {"05/11/2021": {"value": "62.43", "Market Cap": "1.383B", "Beta (5Y Monthly)": "1.80", "PE Ratio (TTM)": "11.47", "EPS (TTM)": "5.44", "Earnings Date": "Jul 21, 2021 - Jul 26, 2021", "Forward Dividend & Yield": "N/A (N/A)", "Ex-Dividend Date": "N/A", "1y Target Est": "58.67"}}, "fin": {"TTM": {"Duration": "TTM", "Total Revenue": "1,617,065", "Cost of Revenue": "1,174,969", "Gross Profit": "442,096", "Operating Expense": "319,029", "Operating Income": "123,067", "Net Non Operating Interest Income Expense": "-7,199", "Pretax Income": "115,868", "Tax Provision": "26,693", "Net Income Common Stockholders": "89,175", "Diluted NI Available to Com Stockholders": "89,175", "Basic EPS": "-", "Diluted EPS": "-", "Basic Average Shares": "-", "Diluted Average Shares": "-", "Total Operating Income as Reported": "123,067", "Total Expenses": "1,493,998", "Net Income from Continuing & Discontinued Operation": "89,175", "Normalized Income": "89,175", "Interest Expense": "7,199", "Net Interest Income": "-7,199", "EBIT": "123,067", "EBITDA": "136,646", "Reconciled Cost of Revenue": "1,174,969", "Reconciled Depreciation": "13,579", "Net Income from Continuing Operation Net Minority Interest": "89,175", "Normalized EBITDA": "136,646", "Tax Rate for Calcs": "0", "Tax Effect of Unusual Items": "0"}, "9/30/2020": {"Duration": "9/30/2020", "Total Revenue": "1,509,713", "Cost of Revenue": "1,111,000", "Gross Profit": "398,713", "Operating Expense": "291,998", "Operating Income": "106,715", "Net Non Operating Interest Income Expense": "-9,275", "Pretax Income": "97,440", "Tax Provision": "22,806", "Net Income Common Stockholders": "74,634", "Diluted NI Available to Com Stockholders": "74,634", "Basic EPS": "3.46", "Diluted EPS": "3.37", "Basic Average Shares": "21,548", "Diluted Average Shares": "22,125", "Total Operating Income as Reported": "106,715", "Total Expenses": "1,402,998", "Net Income from Continuing & Discontinued Operation": "74,634", "Normalized Income": "74,634", "Interest Expense": "9,275", "Net Interest Income": "-9,275", "EBIT": "106,715", "EBITDA": "-", "Reconciled Cost of Revenue": "1,111,000", "Reconciled Depreciation": "12,772", "Net Income from Continuing Operation Net Minority Interest": "74,634", "Normalized EBITDA": "119,487", "Tax Rate for Calcs": "0", "Tax Effect of Unusual Items": "0"}, "9/30/2019": {"Duration": "9/30/2019", "Total Revenue": "1,237,153", "Cost of Revenue": "914,321", "Gross Profit": "322,832", "Operating Expense": "262,300", "Operating Income": "60,532", "Net Non Operating Interest Income Expense": "-11,579", "Pretax Income": "48,953", "Tax Provision": "12,968", "Net Income Common Stockholders": "35,985", "Diluted NI Available to Com Stockholders": "35,985", "Basic EPS": "1.61", "Diluted EPS": "1.57", "Basic Average Shares": "22,294", "Diluted Average Shares": "22,881", "Total Operating Income as Reported": "60,532", "Total Expenses": "1,176,621", "Net Income from Continuing & Discontinued Operation": "35,985", "Normalized Income": "35,985", "Interest Expense": "11,579", "Net Interest Income": "-11,579", "EBIT": "60,532", "EBITDA": "-", "Reconciled Cost of Revenue": "914,321", "Reconciled Depreciation": "11,597", "Net Income from Continuing Operation Net Minority Interest": "35,985", "Normalized EBITDA": "72,129", "Tax Rate for Calcs": "0", "Tax Effect of Unusual Items": "0"}, "9/30/2018": {"Duration": "9/30/2018", "Total Revenue": "1,177,371", "Cost of Revenue": "879,138", "Gross Profit": "298,233", "Operating Expense": "235,050", "Operating Income": "63,183", "Net Non Operating Interest Income Expense": "-9,903", "Pretax Income": "53,280", "Tax Provision": "13,968", "Net Income Common Stockholders": "39,312", "Diluted NI Available to Com Stockholders": "39,312", "Basic EPS": "1.77", "Diluted EPS": "1.71", "Basic Average Shares": "22,269", "Diluted Average Shares": "23,031", "Total Operating Income as Reported": "63,183", "Total Expenses": "1,114,188", "Net Income from Continuing & Discontinued Operation": "39,312", "Normalized Income": "39,312", "Interest Expense": "9,903", "Net Interest Income": "-9,903", "EBIT": "63,183", "EBITDA": "-", "Reconciled Cost of Revenue": "879,138", "Reconciled Depreciation": "10,673", "Net Income from Continuing Operation Net Minority Interest": "39,312", "Normalized EBITDA": "73,856", "Tax Rate for Calcs": "0", "Tax Effect of Unusual Items": "0"}}, "bs": {"9/30/2020": {"Duration": "9/30/2020", "Total Assets": "775,319", "Total Liabilities Net Minority Interest": "319,922", "Total Equity Gross Minority Interest": "455,397", "Total Capitalization": "462,740", "Common Stock Equity": "455,397", "Capital Lease Obligations": "40,327", "Net Tangible Assets": "371,104", "Working Capital": "230,793", "Invested Capital": "607,133", "Tangible Book Value": "371,104", "Total Debt": "192,063", "Net Debt": "-", "Share Issued": "28,130", "Ordinary Shares Number": "21,863", "Treasury Shares Number": "6,267"}, "9/30/2019": {"Duration": "9/30/2019", "Total Assets": "784,083", "Total Liabilities Net Minority Interest": "415,264", "Total Equity Gross Minority Interest": "368,819", "Total Capitalization": "368,819", "Common Stock Equity": "368,819", "Capital Lease Obligations": "-", "Net Tangible Assets": "304,742", "Working Capital": "155,690", "Invested Capital": "680,884", "Tangible Book Value": "304,742", "Total Debt": "312,065", "Net Debt": "273,554", "Share Issued": "27,508", "Ordinary Shares Number": "21,322", "Treasury Shares Number": "6,187"}, "9/30/2018": {"Duration": "9/30/2018", "Total Assets": "640,538", "Total Liabilities Net Minority Interest": "287,446", "Total Equity Gross Minority Interest": "353,092", "Total Capitalization": "353,092", "Common Stock Equity": "353,092", "Capital Lease Obligations": "-", "Net Tangible Assets": "319,969", "Working Capital": "179,276", "Invested Capital": "566,041", "Tangible Book Value": "319,969", "Total Debt": "212,949", "Net Debt": "164,127", "Share Issued": "27,141", "Ordinary Shares Number": "22,671", "Treasury Shares Number": "4,471"}}, "cf": {"TTM": {"Duration": "TTM", "Operating Cash Flow": "311,134", "Investing Cash Flow": "-80,888", "Financing Cash Flow": "-145,996", "End Cash Position": "120,235", "Income Tax Paid Supplemental Data": "21,157", "Interest Paid Supplemental Data": "10,084", "Capital Expenditure": "-15,454", "Issuance of Capital Stock": "-", "Issuance of Debt": "53,812", "Repayment of Debt": "-418", "Repurchase of Capital Stock": "-", "Free Cash Flow": "295,680"}, "9/30/2020": {"Duration": "9/30/2020", "Operating Cash Flow": "304,675", "Investing Cash Flow": "-30,109", "Financing Cash Flow": "-158,129", "End Cash Position": "155,493", "Income Tax Paid Supplemental Data": "18,930", "Interest Paid Supplemental Data": "13,082", "Capital Expenditure": "-12,807", "Issuance of Capital Stock": "4,629", "Issuance of Debt": "7,437", "Repayment of Debt": "-41", "Repurchase of Capital Stock": "-631", "Free Cash Flow": "291,868"}, "9/30/2019": {"Duration": "9/30/2019", "Operating Cash Flow": "-12,426", "Investing Cash Flow": "-56,334", "Financing Cash Flow": "58,630", "End Cash Position": "38,511", "Income Tax Paid Supplemental Data": "9,152", "Interest Paid Supplemental Data": "13,669", "Capital Expenditure": "-17,061", "Issuance of Capital Stock": "2,412", "Issuance of Debt": "-", "Repayment of Debt": "-", "Repurchase of Capital Stock": "-27,708", "Free Cash Flow": "-29,487"}, "9/30/2018": {"Duration": "9/30/2018", "Operating Cash Flow": "70,414", "Investing Cash Flow": "-23,315", "Financing Cash Flow": "-40,229", "End Cash Position": "48,822", "Income Tax Paid Supplemental Data": "9,424", "Interest Paid Supplemental Data": "12,021", "Capital Expenditure": "-13,804", "Issuance of Capital Stock": "7,683", "Issuance of Debt": "-", "Repayment of Debt": "-", "Repurchase of Capital Stock": "-695", "Free Cash Flow": "56,610"}}}}, {"PERF": {"quote": {"05/11/2021": {"value": "", "Net Assets": "N/A", "Beta (5Y Monthly)": "N/A", "Yield": "N/A", "5y Average Return": "N/A", "Holdings Turnover": "N/A", "Last Dividend": "N/A", "Average for Category": "N/A", "Inception Date": "N/A"}}, "fin": {}, "bs": {}, "cf": {}}}, {"HOLL": {"quote": {"05/11/2021": {"value": "", "Net Assets": "N/A", "Beta (5Y Monthly)": "N/A", "Yield": "N/A", "5y Average Return": "N/A", "Holdings Turnover": "N/A", "Last Dividend": "N/A", "Average for Category": "N/A", "Inception Date": "N/A"}}, "fin": {}, "bs": {}, "cf": {}}}, {"SPLS": {"quote": {"05/11/2021": {"value": "", "Net Assets": "N/A", "Beta (5Y Monthly)": "N/A", "Yield": "N/A", "5y Average Return": "N/A", "Holdings Turnover": "N/A", "Last Dividend": "N/A", "Average for Category": "N/A", "Inception Date": "N/A"}}, "fin": {}, "bs": {}, "cf": {}}}, {"MUSA": {"quote": {"05/11/2021": {"value": "143.40", "Market Cap": "3.861B", "Beta (5Y Monthly)": "1.05", "PE Ratio (TTM)": "11.71", "EPS (TTM)": "12.25", "Earnings Date": "Jul 19, 2021 - Jul 23, 2021", "Forward Dividend & Yield": "1.00 (0.70%)", "Ex-Dividend Date": "May 14, 2021", "1y Target Est": "151.67"}}, "fin": {"TTM": {"Duration": "TTM", "Total Revenue": "11,264,300", "Cost of Revenue": "9,821,400", "Gross Profit": "1,442,900", "Operating Expense": "883,500", "Operating Income": "559,400", "Net Non Operating Interest Income Expense": "-50,200", "Other Income Expense": "-100", "Pretax Income": "509,100", "Tax Provision": "123,000", "Net Income Common Stockholders": "386,100", "Diluted NI Available to Com Stockholders": "386,100", "Basic EPS": "-", "Diluted EPS": "-", "Basic Average Shares": "-", "Diluted Average Shares": "-", "Total Operating Income as Reported": "559,000", "Total Expenses": "10,704,900", "Net Income from Continuing & Discontinued Operation": "386,100", "Normalized Income": "386,403", "Interest Income": "1,000", "Interest Expense": "51,200", "Net Interest Income": "-50,200", "EBIT": "560,300", "EBITDA": "721,300", "Reconciled Cost of Revenue": "9,821,400", "Reconciled Depreciation": "161,000", "Net Income from Continuing Operation Net Minority Interest": "386,100", "Total Unusual Items Excluding Goodwill": "-400", "Total Unusual Items": "-400", "Normalized EBITDA": "721,700", "Tax Rate for Calcs": "0", "Tax Effect of Unusual Items": "-96.8"}, "12/31/2020": {"Duration": "12/31/2020", "Total Revenue": "11,264,300", "Cost of Revenue": "9,821,400", "Gross Profit": "1,442,900", "Operating Expense": "883,500", "Operating Income": "559,400", "Net Non Operating Interest Income Expense": "-50,200", "Other Income Expense": "-100", "Pretax Income": "509,100", "Tax Provision": "123,000", "Net Income Common Stockholders": "386,100", "Diluted NI Available to Com Stockholders": "386,100", "Basic EPS": "-", "Diluted EPS": "-", "Basic Average Shares": "-", "Diluted Average Shares": "-", "Total Operating Income as Reported": "559,000", "Total Expenses": "10,704,900", "Net Income from Continuing & Discontinued Operation": "386,100", "Normalized Income": "386,403", "Interest Income": "1,000", "Interest Expense": "51,200", "Net Interest Income": "-50,200", "EBIT": "560,300", "EBITDA": "-", "Reconciled Cost of Revenue": "9,821,400", "Reconciled Depreciation": "161,000", "Net Income from Continuing Operation Net Minority Interest": "386,100", "Total Unusual Items Excluding Goodwill": "-400", "Total Unusual Items": "-400", "Normalized EBITDA": "721,700", "Tax Rate for Calcs": "0", "Tax Effect of Unusual Items": "-96.8"}, "12/31/2019": {"Duration": "12/31/2019", "Total Revenue": "14,034,600", "Cost of Revenue": "12,908,100", "Gross Profit": "1,126,500", "Operating Expense": "858,200", "Operating Income": "268,300", "Net Non Operating Interest Income Expense": "-51,700", "Other Income Expense": "-14,200", "Pretax Income": "202,400", "Tax Provision": "47,600", "Net Income Common Stockholders": "154,800", "Diluted NI Available to Com Stockholders": "154,800", "Basic EPS": "4.90", "Diluted EPS": "4.86", "Basic Average Shares": "31,594", "Diluted Average Shares": "31,858", "Total Operating Income as Reported": "268,500", "Total Expenses": "13,766,300", "Net Income from Continuing & Discontinued Operation": "154,800", "Normalized Income": "166,046", "Interest Income": "3,200", "Interest Expense": "54,900", "Net Interest Income": "-51,700", "EBIT": "257,300", "EBITDA": "-", "Reconciled Cost of Revenue": "12,908,100", "Reconciled Depreciation": "152,200", "Net Income from Continuing Operation Net Minority Interest": "154,800", "Total Unusual Items Excluding Goodwill": "-14,700", "Total Unusual Items": "-14,700", "Normalized EBITDA": "424,200", "Tax Rate for Calcs": "0", "Tax Effect of Unusual Items": "-3,454"}, "12/31/2018": {"Duration": "12/31/2018", "Total Revenue": "14,362,300", "Cost of Revenue": "13,273,600", "Gross Profit": "1,088,700", "Operating Expense": "813,500", "Operating Income": "275,200", "Net Non Operating Interest Income Expense": "-51,400", "Other Income Expense": "49,500", "Pretax Income": "273,900", "Tax Provision": "60,300", "Net Income Common Stockholders": "213,600", "Diluted NI Available to Com Stockholders": "213,600", "Basic EPS": "6.54", "Diluted EPS": "6.48", "Basic Average Shares": "32,674", "Diluted Average Shares": "32,983", "Total Operating Income as Reported": "325,100", "Total Expenses": "14,087,100", "Net Income from Continuing & Discontinued Operation": "213,600", "Normalized Income": "214,458", "Interest Income": "1,500", "Interest Expense": "52,900", "Net Interest Income": "-51,400", "EBIT": "326,800", "EBITDA": "-", "Reconciled Cost of Revenue": "13,273,600", "Reconciled Depreciation": "134,000", "Net Income from Continuing Operation Net Minority Interest": "213,600", "Total Unusual Items Excluding Goodwill": "-1,100", "Total Unusual Items": "-1,100", "Normalized EBITDA": "461,900", "Tax Rate for Calcs": "0", "Tax Effect of Unusual Items": "-242"}}, "bs": {"12/31/2020": {"Duration": "12/31/2020", "Total Assets": "2,685,700", "Total Liabilities Net Minority Interest": "1,901,600", "Total Equity Gross Minority Interest": "784,100", "Total Capitalization": "1,735,300", "Common Stock Equity": "784,100", "Net Tangible Assets": "784,100", "Working Capital": "94,100", "Invested Capital": "1,786,500", "Tangible Book Value": "784,100", "Total Debt": "1,002,400", "Net Debt": "838,800", "Share Issued": "46,767", "Ordinary Shares Number": "27,249", "Treasury Shares Number": "19,519"}, "12/31/2019": {"Duration": "12/31/2019", "Total Assets": "2,687,200", "Total Liabilities Net Minority Interest": "1,884,200", "Total Equity Gross Minority Interest": "803,000", "Total Capitalization": "1,802,300", "Common Stock Equity": "803,000", "Net Tangible Assets": "803,000", "Working Capital": "205,800", "Invested Capital": "1,841,100", "Tangible Book Value": "803,000", "Total Debt": "1,038,100", "Net Debt": "757,800", "Share Issued": "46,767", "Ordinary Shares Number": "30,460", "Treasury Shares Number": "16,307"}, "12/31/2018": {"Duration": "12/31/2018", "Total Assets": "2,360,800", "Total Liabilities Net Minority Interest": "1,553,500", "Total Equity Gross Minority Interest": "807,300", "Total Capitalization": "1,649,400", "Common Stock Equity": "807,300", "Net Tangible Assets": "807,300", "Working Capital": "92,000", "Invested Capital": "1,670,600", "Tangible Book Value": "807,300", "Total Debt": "863,300", "Net Debt": "678,800", "Share Issued": "46,767", "Ordinary Shares Number": "32,261", "Treasury Shares Number": "14,506"}}, "cf": {"TTM": {"Duration": "TTM", "Operating Cash Flow": "563,700", "Investing Cash Flow": "-224,300", "Financing Cash Flow": "-456,100", "End Cash Position": "163,600", "Capital Expenditure": "-230,700", "Issuance of Debt": "0", "Repayment of Debt": "-38,900", "Repurchase of Capital Stock": "-399,600", "Free Cash Flow": "333,000"}, "12/31/2020": {"Duration": "12/31/2020", "Operating Cash Flow": "563,700", "Investing Cash Flow": "-224,300", "Financing Cash Flow": "-456,100", "End Cash Position": "163,600", "Capital Expenditure": "-230,700", "Issuance of Debt": "0", "Repayment of Debt": "-38,900", "Repurchase of Capital Stock": "-399,600", "Free Cash Flow": "333,000"}, "12/31/2019": {"Duration": "12/31/2019", "Operating Cash Flow": "313,300", "Investing Cash Flow": "-203,100", "Financing Cash Flow": "-14,400", "End Cash Position": "280,300", "Capital Expenditure": "-204,800", "Issuance of Debt": "743,800", "Repayment of Debt": "-573,400", "Repurchase of Capital Stock": "-165,800", "Free Cash Flow": "108,500"}, "12/31/2018": {"Duration": "12/31/2018", "Operating Cash Flow": "398,700", "Investing Cash Flow": "-209,100", "Financing Cash Flow": "-175,100", "End Cash Position": "184,500", "Capital Expenditure": "-204,300", "Issuance of Debt": "0", "Repayment of Debt": "-21,300", "Repurchase of Capital Stock": "-144,400", "Free Cash Flow": "194,400"}}}}, {"ZUMZ": {"quote": {"05/11/2021": {"value": "43.13", "Market Cap": "1.111B", "Beta (5Y Monthly)": "1.78", "PE Ratio (TTM)": "14.38", "EPS (TTM)": "3.00", "Earnings Date": "Jun 02, 2021 - Jun 07, 2021", "Forward Dividend & Yield": "N/A (N/A)", "Ex-Dividend Date": "N/A", "1y Target Est": "49.20"}}, "fin": {"TTM": {"Duration": "TTM", "Total Revenue": "990,652", "Cost of Revenue": "640,637", "Gross Profit": "350,015", "Operating Expense": "253,077", "Operating Income": "96,938", "Net Non Operating Interest Income Expense": "3,518", "Other Income Expense": "2,001", "Pretax Income": "102,457", "Tax Provision": "26,230", "Net Income Common Stockholders": "76,227", "Diluted NI Available to Com Stockholders": "76,227", "Basic EPS": "-", "Diluted EPS": "-", "Basic Average Shares": "-", "Diluted Average Shares": "-", "Total Operating Income as Reported": "96,938", "Total Expenses": "893,714", "Net Income from Continuing & Discontinued Operation": "76,227", "Normalized Income": "76,227", "Interest Income": "3,518", "Net Interest Income": "3,518", "EBIT": "96,938", "EBITDA": "120,997", "Reconciled Cost of Revenue": "640,637", "Reconciled Depreciation": "24,059", "Net Income from Continuing Operation Net Minority Interest": "76,227", "Normalized EBITDA": "120,997", "Tax Rate for Calcs": "0", "Tax Effect of Unusual Items": "0"}, "1/31/2021": {"Duration": "1/31/2021", "Total Revenue": "990,652", "Cost of Revenue": "640,637", "Gross Profit": "350,015", "Operating Expense": "253,077", "Operating Income": "96,938", "Net Non Operating Interest Income Expense": "3,518", "Other Income Expense": "2,001", "Pretax Income": "102,457", "Tax Provision": "26,230", "Net Income Common Stockholders": "76,227", "Diluted NI Available to Com Stockholders": "76,227", "Basic EPS": "-", "Diluted EPS": "-", "Basic Average Shares": "-", "Diluted Average Shares": "-", "Total Operating Income as Reported": "96,938", "Total Expenses": "893,714", "Net Income from Continuing & Discontinued Operation": "76,227", "Normalized Income": "76,227", "Interest Income": "3,518", "Net Interest Income": "3,518", "EBIT": "96,938", "EBITDA": "-", "Reconciled Cost of Revenue": "640,637", "Reconciled Depreciation": "24,059", "Net Income from Continuing Operation Net Minority Interest": "76,227", "Normalized EBITDA": "120,997", "Tax Rate for Calcs": "0", "Tax Effect of Unusual Items": "0"}, "1/31/2020": {"Duration": "1/31/2020", "Total Revenue": "1,034,129", "Cost of Revenue": "667,566", "Gross Profit": "366,563", "Operating Expense": "280,756", "Operating Income": "85,807", "Net Non Operating Interest Income Expense": "3,654", "Other Income Expense": "1,532", "Pretax Income": "90,993", "Tax Provision": "24,112", "Net Income Common Stockholders": "66,881", "Diluted NI Available to Com Stockholders": "66,881", "Basic EPS": "2.65", "Diluted EPS": "2.62", "Basic Average Shares": "25,200", "Diluted Average Shares": "25,535", "Total Operating Income as Reported": "85,807", "Total Expenses": "948,322", "Net Income from Continuing & Discontinued Operation": "66,881", "Normalized Income": "66,881", "Interest Income": "3,654", "Net Interest Income": "3,654", "EBIT": "85,807", "EBITDA": "-", "Reconciled Cost of Revenue": "667,566", "Reconciled Depreciation": "25,449", "Net Income from Continuing Operation Net Minority Interest": "66,881", "Normalized EBITDA": "111,256", "Tax Rate for Calcs": "0", "Tax Effect of Unusual Items": "0"}, "1/31/2019": {"Duration": "1/31/2019", "Total Revenue": "978,617", "Cost of Revenue": "642,681", "Gross Profit": "335,936", "Operating Expense": "274,858", "Operating Income": "61,078", "Net Non Operating Interest Income Expense": "1,692", "Other Income Expense": "-440", "Pretax Income": "62,330", "Tax Provision": "17,125", "Net Income Common Stockholders": "45,205", "Diluted NI Available to Com Stockholders": "45,205", "Basic EPS": "1.81", "Diluted EPS": "1.79", "Basic Average Shares": "24,936", "Diluted Average Shares": "25,212", "Total Operating Income as Reported": "61,078", "Total Expenses": "917,539", "Net Income from Continuing & Discontinued Operation": "45,205", "Normalized Income": "45,205", "Interest Income": "1,692", "Net Interest Income": "1,692", "EBIT": "61,078", "EBITDA": "-", "Reconciled Cost of Revenue": "642,681", "Reconciled Depreciation": "27,316", "Net Income from Continuing Operation Net Minority Interest": "45,205", "Normalized EBITDA": "88,394", "Tax Rate for Calcs": "0", "Tax Effect of Unusual Items": "0"}}, "bs": {"1/31/2021": {"Duration": "1/31/2021", "Total Assets": "998,364", "Total Liabilities Net Minority Interest": "445,768", "Total Equity Gross Minority Interest": "552,596", "Total Capitalization": "552,596", "Common Stock Equity": "552,596", "Capital Lease Obligations": "313,116", "Net Tangible Assets": "475,097", "Working Capital": "339,825", "Invested Capital": "552,596", "Tangible Book Value": "475,097", "Total Debt": "313,116", "Share Issued": "25,599", "Ordinary Shares Number": "25,599"}, "1/31/2020": {"Duration": "1/31/2020", "Total Assets": "914,258", "Total Liabilities Net Minority Interest": "448,172", "Total Equity Gross Minority Interest": "466,086", "Total Capitalization": "466,086", "Common Stock Equity": "466,086", "Capital Lease Obligations": "346,517", "Net Tangible Assets": "394,423", "Working Capital": "252,878", "Invested Capital": "466,086", "Tangible Book Value": "394,423", "Total Debt": "346,517", "Share Issued": "25,828", "Ordinary Shares Number": "25,828"}, "1/31/2019": {"Duration": "1/31/2019", "Total Assets": "534,190", "Total Liabilities Net Minority Interest": "133,734", "Total Equity Gross Minority Interest": "400,456", "Total Capitalization": "400,456", "Common Stock Equity": "400,456", "Capital Lease Obligations": "-", "Net Tangible Assets": "326,383", "Working Capital": "234,067", "Invested Capital": "400,456", "Tangible Book Value": "326,383", "Total Debt": "-", "Share Issued": "25,521", "Ordinary Shares Number": "25,521"}}, "cf": {"TTM": {"Duration": "TTM", "Operating Cash Flow": "138,412", "Investing Cash Flow": "-110,541", "Financing Cash Flow": "-9,694", "End Cash Position": "80,690", "Income Tax Paid Supplemental Data": "27,598", "Capital Expenditure": "-9,057", "Issuance of Debt": "0", "Repayment of Debt": "0", "Repurchase of Capital Stock": "-13,417", "Free Cash Flow": "129,355"}, "1/31/2021": {"Duration": "1/31/2021", "Operating Cash Flow": "138,412", "Investing Cash Flow": "-110,541", "Financing Cash Flow": "-9,694", "End Cash Position": "80,690", "Income Tax Paid Supplemental Data": "27,598", "Capital Expenditure": "-9,057", "Issuance of Debt": "0", "Repayment of Debt": "0", "Repurchase of Capital Stock": "-13,417", "Free Cash Flow": "129,355"}, "1/31/2020": {"Duration": "1/31/2020", "Operating Cash Flow": "105,642", "Investing Cash Flow": "-102,931", "Financing Cash Flow": "2,010", "End Cash Position": "58,563", "Income Tax Paid Supplemental Data": "24,138", "Capital Expenditure": "-18,818", "Issuance of Debt": "-", "Repayment of Debt": "-", "Repurchase of Capital Stock": "-", "Free Cash Flow": "86,824"}, "1/31/2019": {"Duration": "1/31/2019", "Operating Cash Flow": "65,319", "Investing Cash Flow": "-36,398", "Financing Cash Flow": "120", "End Cash Position": "52,422", "Income Tax Paid Supplemental Data": "18,345", "Capital Expenditure": "-21,028", "Issuance of Debt": "34,629", "Repayment of Debt": "-35,181", "Repurchase of Capital Stock": "0", "Free Cash Flow": "44,291"}}}}, {"TUMIF": {"quote": {"05/11/2021": {"value": "0.1227", "Market Cap": "3.563M", "Beta (5Y Monthly)": "-0.29", "PE Ratio (TTM)": "40.90", "EPS (TTM)": "0.0030", "Earnings Date": "N/A", "Forward Dividend & Yield": "N/A (N/A)", "Ex-Dividend Date": "N/A", "1y Target Est": "26.00"}}, "fin": {"TTM": {"Duration": "TTM", "Total Revenue": "0", "Operating Expense": "312.007", "Operating Income": "-312.007", "Net Non Operating Interest Income Expense": "10.546", "Other Income Expense": "311.574", "Pretax Income": "10.113", "Net Income Common Stockholders": "10.113", "Diluted NI Available to Com Stockholders": "10.113", "Basic EPS": "-", "Diluted EPS": "-", "Basic Average Shares": "-", "Diluted Average Shares": "-", "Total Operating Income as Reported": "-", "Rent Expense Supplemental": "17.415", "Total Expenses": "312.007", "Interest Income": "10.546", "Net Interest Income": "10.546", "Net Income from Continuing & Discontinued Operation": "10.113", "Normalized Income": "13.5903", "EBIT": "-312.007", "EBITDA": "-312.007", "Net Income from Continuing Operation Net Minority Interest": "10.113", "Total Unusual Items Excluding Goodwill": "-4.731", "Total Unusual Items": "-4.731", "Normalized EBITDA": "-307.276", "Tax Rate for Calcs": "0", "Tax Effect of Unusual Items": "-1.2537"}, "12/31/2019": {"Duration": "12/31/2019", "Total Revenue": "0", "Operating Expense": "342.934", "Operating Income": "-342.934", "Net Non Operating Interest Income Expense": "11.848", "Other Income Expense": "-5.25", "Pretax Income": "-336.336", "Net Income Common Stockholders": "-336.336", "Diluted NI Available to Com Stockholders": "-336.336", "Basic EPS": "-0.02", "Diluted EPS": "-0.02", "Basic Average Shares": "18,795", "Diluted Average Shares": "18,795", "Total Operating Income as Reported": "-", "Rent Expense Supplemental": "21.05", "Total Expenses": "342.934", "Interest Income": "11.848", "Net Interest Income": "11.848", "Net Income from Continuing & Discontinued Operation": "-336.336", "Normalized Income": "-331.086", "EBIT": "-342.934", "EBITDA": "-", "Net Income from Continuing Operation Net Minority Interest": "-336.336", "Total Unusual Items Excluding Goodwill": "-5.25", "Total Unusual Items": "-5.25", "Normalized EBITDA": "-337.684", "Tax Rate for Calcs": "0", "Tax Effect of Unusual Items": "0"}, "12/31/2018": {"Duration": "12/31/2018", "Total Revenue": "0", "Operating Expense": "279.629", "Operating Income": "-279.629", "Net Non Operating Interest Income Expense": "12.449", "Other Income Expense": "0.697", "Pretax Income": "-266.483", "Net Income Common Stockholders": "-266.483", "Diluted NI Available to Com Stockholders": "-266.483", "Basic EPS": "-0.02", "Diluted EPS": "-0.02", "Basic Average Shares": "16,434", "Diluted Average Shares": "16,434", "Total Operating Income as Reported": "-279.629", "Rent Expense Supplemental": "14.3", "Total Expenses": "279.629", "Interest Income": "12.449", "Net Interest Income": "12.449", "Net Income from Continuing & Discontinued Operation": "-266.483", "Normalized Income": "-267.18", "EBIT": "-279.629", "EBITDA": "-", "Net Income from Continuing Operation Net Minority Interest": "-266.483", "Total Unusual Items Excluding Goodwill": "0.697", "Total Unusual Items": "0.697", "Normalized EBITDA": "-280.326", "Tax Rate for Calcs": "0", "Tax Effect of Unusual Items": "0"}}, "bs": {"12/31/2019": {"Duration": "12/31/2019", "Total Assets": "724.622", "Total Liabilities Net Minority Interest": "8.922", "Total Equity Gross Minority Interest": "715.7", "Total Capitalization": "715.7", "Common Stock Equity": "715.7", "Net Tangible Assets": "715.7", "Working Capital": "715.699", "Invested Capital": "715.7", "Tangible Book Value": "715.7", "Share Issued": "24,668", "Ordinary Shares Number": "24,668"}, "12/31/2018": {"Duration": "12/31/2018", "Total Assets": "586.721", "Total Liabilities Net Minority Interest": "22.214", "Total Equity Gross Minority Interest": "564.507", "Total Capitalization": "564.507", "Common Stock Equity": "564.507", "Net Tangible Assets": "564.507", "Working Capital": "564.506", "Invested Capital": "564.507", "Tangible Book Value": "564.507", "Share Issued": "16,894", "Ordinary Shares Number": "16,894"}}, "cf": {"TTM": {"Duration": "TTM", "Operating Cash Flow": "-325.902", "Financing Cash Flow": "87.961", "End Cash Position": "847.684", "Issuance of Capital Stock": "92.867", "Free Cash Flow": "-325.902"}, "12/31/2019": {"Duration": "12/31/2019", "Operating Cash Flow": "-352.868", "Financing Cash Flow": "487.529", "End Cash Position": "705.215", "Issuance of Capital Stock": "505.317", "Free Cash Flow": "-352.868"}, "12/31/2018": {"Duration": "12/31/2018", "Operating Cash Flow": "-266.16", "Financing Cash Flow": "587.653", "End Cash Position": "570.554", "Issuance of Capital Stock": "600", "Free Cash Flow": "-266.16"}}}}, {"MED": {"quote": {"05/11/2021": {"value": "294.21", "Market Cap": "3.46B", "Beta (5Y Monthly)": "1.49", "PE Ratio (TTM)": "27.81", "EPS (TTM)": "10.58", "Earnings Date": "Aug 03, 2021 - Aug 09, 2021", "Forward Dividend & Yield": "5.68 (1.93%)", "Ex-Dividend Date": "Mar 29, 2021", "1y Target Est": "360.00"}}, "fin": {"TTM": {"Duration": "TTM", "Total Revenue": "934,842", "Cost of Revenue": "237,027", "Gross Profit": "697,815", "Operating Expense": "563,656", "Operating Income": "134,159", "Net Non Operating Interest Income Expense": "246", "Other Income Expense": "-140", "Pretax Income": "134,265", "Tax Provision": "31,406", "Net Income Common Stockholders": "102,859", "Diluted NI Available to Com Stockholders": "102,859", "Basic EPS": "-", "Diluted EPS": "-", "Basic Average Shares": "-", "Diluted Average Shares": "-", "Total Operating Income as Reported": "134,159", "Total Expenses": "800,683", "Net Income from Continuing & Discontinued Operation": "102,859", "Normalized Income": "102,859", "Interest Income": "246", "Net Interest Income": "246", "EBIT": "134,159", "EBITDA": "141,429", "Reconciled Cost of Revenue": "237,027", "Reconciled Depreciation": "7,270", "Net Income from Continuing Operation Net Minority Interest": "102,859", "Normalized EBITDA": "141,429", "Tax Rate for Calcs": "0", "Tax Effect of Unusual Items": "0"}, "12/31/2020": {"Duration": "12/31/2020", "Total Revenue": "934,842", "Cost of Revenue": "237,027", "Gross Profit": "697,815", "Operating Expense": "563,656", "Operating Income": "134,159", "Net Non Operating Interest Income Expense": "246", "Other Income Expense": "-140", "Pretax Income": "134,265", "Tax Provision": "31,406", "Net Income Common Stockholders": "102,859", "Diluted NI Available to Com Stockholders": "102,859", "Basic EPS": "-", "Diluted EPS": "-", "Basic Average Shares": "-", "Diluted Average Shares": "-", "Total Operating Income as Reported": "134,159", "Total Expenses": "800,683", "Net Income from Continuing & Discontinued Operation": "102,859", "Normalized Income": "102,859", "Interest Income": "246", "Net Interest Income": "246", "EBIT": "134,159", "EBITDA": "-", "Reconciled Cost of Revenue": "237,027", "Reconciled Depreciation": "7,270", "Net Income from Continuing Operation Net Minority Interest": "102,859", "Normalized EBITDA": "141,429", "Tax Rate for Calcs": "0", "Tax Effect of Unusual Items": "0"}, "12/31/2019": {"Duration": "12/31/2019", "Total Revenue": "713,672", "Cost of Revenue": "176,814", "Gross Profit": "536,858", "Operating Expense": "445,819", "Operating Income": "91,039", "Net Non Operating Interest Income Expense": "1,295", "Other Income Expense": "29", "Pretax Income": "92,363", "Tax Provision": "14,447", "Net Income Common Stockholders": "77,916", "Diluted NI Available to Com Stockholders": "77,916", "Basic EPS": "6.62", "Diluted EPS": "6.43", "Basic Average Shares": "11,771", "Diluted Average Shares": "12,117", "Total Operating Income as Reported": "91,039", "Total Expenses": "622,633", "Net Income from Continuing & Discontinued Operation": "77,916", "Normalized Income": "77,916", "Interest Income": "1,295", "Net Interest Income": "1,295", "EBIT": "91,039", "EBITDA": "-", "Reconciled Cost of Revenue": "176,814", "Reconciled Depreciation": "4,624", "Net Income from Continuing Operation Net Minority Interest": "77,916", "Normalized EBITDA": "95,663", "Tax Rate for Calcs": "0", "Tax Effect of Unusual Items": "0"}, "12/31/2018": {"Duration": "12/31/2018", "Total Revenue": "501,003", "Cost of Revenue": "121,104", "Gross Profit": "379,899", "Operating Expense": "310,836", "Operating Income": "69,063", "Net Non Operating Interest Income Expense": "1,306", "Other Income Expense": "179", "Pretax Income": "70,548", "Tax Provision": "14,759", "Net Income Common Stockholders": "55,789", "Diluted NI Available to Com Stockholders": "55,789", "Basic EPS": "4.67", "Diluted EPS": "4.62", "Basic Average Shares": "11,947", "Diluted Average Shares": "12,079", "Total Operating Income as Reported": "69,063", "Total Expenses": "431,940", "Net Income from Continuing & Discontinued Operation": "55,789", "Normalized Income": "55,789", "Interest Income": "1,306", "Net Interest Income": "1,306", "EBIT": "69,063", "EBITDA": "-", "Reconciled Cost of Revenue": "121,104", "Reconciled Depreciation": "4,435", "Net Income from Continuing Operation Net Minority Interest": "55,789", "Normalized EBITDA": "73,498", "Tax Rate for Calcs": "0", "Tax Effect of Unusual Items": "0"}}, "bs": {"12/31/2020": {"Duration": "12/31/2020", "Total Assets": "276,084", "Total Liabilities Net Minority Interest": "118,838", "Total Equity Gross Minority Interest": "157,246", "Total Capitalization": "157,246", "Common Stock Equity": "157,246", "Capital Lease Obligations": "11,161", "Net Tangible Assets": "157,246", "Working Capital": "122,964", "Invested Capital": "157,246", "Tangible Book Value": "157,246", "Total Debt": "11,161", "Share Issued": "11,818", "Ordinary Shares Number": "11,772", "Treasury Shares Number": "46"}, "12/31/2019": {"Duration": "12/31/2019", "Total Assets": "194,653", "Total Liabilities Net Minority Interest": "89,821", "Total Equity Gross Minority Interest": "104,832", "Total Capitalization": "104,832", "Common Stock Equity": "104,832", "Capital Lease Obligations": "13,601", "Net Tangible Assets": "104,832", "Working Capital": "74,763", "Invested Capital": "104,832", "Tangible Book Value": "104,832", "Total Debt": "13,601", "Share Issued": "12,253", "Ordinary Shares Number": "11,764", "Treasury Shares Number": "489"}, "12/31/2018": {"Duration": "12/31/2018", "Total Assets": "169,429", "Total Liabilities Net Minority Interest": "60,323", "Total Equity Gross Minority Interest": "109,106", "Total Capitalization": "109,106", "Common Stock Equity": "109,106", "Capital Lease Obligations": "-", "Net Tangible Assets": "109,106", "Working Capital": "85,196", "Invested Capital": "109,106", "Tangible Book Value": "109,106", "Total Debt": "-", "Share Issued": "12,061", "Ordinary Shares Number": "11,868", "Treasury Shares Number": "193"}}, "cf": {"TTM": {"Duration": "TTM", "Operating Cash Flow": "145,196", "Investing Cash Flow": "-1,282", "Financing Cash Flow": "-57,144", "End Cash Position": "163,723", "Income Tax Paid Supplemental Data": "24,636", "Capital Expenditure": "-5,887", "Repayment of Debt": "-", "Repurchase of Capital Stock": "-5,551", "Free Cash Flow": "139,309"}, "12/31/2020": {"Duration": "12/31/2020", "Operating Cash Flow": "145,196", "Investing Cash Flow": "-1,282", "Financing Cash Flow": "-57,144", "End Cash Position": "163,723", "Income Tax Paid Supplemental Data": "24,636", "Capital Expenditure": "-5,887", "Repayment of Debt": "-", "Repurchase of Capital Stock": "-5,551", "Free Cash Flow": "139,309"}, "12/31/2019": {"Duration": "12/31/2019", "Operating Cash Flow": "84,261", "Investing Cash Flow": "-6,328", "Financing Cash Flow": "-82,324", "End Cash Position": "76,974", "Income Tax Paid Supplemental Data": "17,314", "Capital Expenditure": "-10,058", "Repayment of Debt": "-", "Repurchase of Capital Stock": "-47,206", "Free Cash Flow": "74,203"}, "12/31/2018": {"Duration": "12/31/2018", "Operating Cash Flow": "60,816", "Investing Cash Flow": "-1,199", "Financing Cash Flow": "-53,328", "End Cash Position": "81,364", "Income Tax Paid Supplemental Data": "14,606", "Capital Expenditure": "-4,940", "Repayment of Debt": "0", "Repurchase of Capital Stock": "-30,715", "Free Cash Flow": "55,876"}}}}, {"WMAR": {"quote": {"05/11/2021": {"value": "", "Net Assets": "N/A", "Beta (5Y Monthly)": "N/A", "Yield": "N/A", "5y Average Return": "N/A", "Holdings Turnover": "N/A", "Last Dividend": "N/A", "Average for Category": "N/A", "Inception Date": "N/A"}}, "fin": {}, "bs": {}, "cf": {}}}, {"BKS": {"fin": {}, "bs": {}, "cf": {}}}, {"BID": {"fin": {}, "bs": {}, "cf": {}}}, {"FTD": {"fin": {}, "bs": {}, "cf": {}}}, {"CSS": {"fin": {}, "bs": {}, "cf": {}}}, {"JMEI": {"fin": {}, "bs": {}, "cf": {}}}, {"PIR": {"fin": {}, "bs": {}, "cf": {}}}, {"ZAGG": {"fin": {}, "bs": {}, "cf": {}}}, {"VSI": {"fin": {}, "bs": {}, "cf": {}}}, {"OMNT": {"fin": {}, "bs": {}, "cf": {}}}, {"PCMI": {"fin": {}, "bs": {}, "cf": {}}}, {"PMXO": {"fin": {}, "bs": {}, "cf": {}}}]