[{"ANF": {"quote": {"03/21/2021": {"value": "35.90", "Market Cap": "2.24B", "Beta (5Y Monthly)": "1.89", "PE Ratio (TTM)": "N/A", "EPS (TTM)": "-1.82", "Earnings Date": "May 26, 2021 - May 31, 2021", "Forward Dividend & Yield": "N/A (N/A)", "Ex-Dividend Date": "Mar 05, 2020", "1y Target Est": "30.22"}}, "fin": {"TTM": {"Duration": "TTM", "Total Revenue": "3,187,891", "Cost of Revenue": "1,286,441", "Gross Profit": "1,901,450", "Operating Expense": "1,913,512", "Operating Income": "-12,062", "Net Non Operating Interest Income Expense": "-22,106", "Other Income Expense": "-1,975", "Pretax Income": "-36,143", "Tax Provision": "72,867", "Net Income Common Stockholders": "-113,281", "Diluted NI Available to Com Stockholders": "-113,281", "Basic EPS": "-", "Diluted EPS": "-", "Basic Average Shares": "-", "Diluted Average Shares": "-", "Total Operating Income as Reported": "-14,037", "Total Expenses": "3,199,953", "Net Income from Continuing & Discontinued Operation": "-113,281", "Normalized Income": "-111,839", "Interest Income": "5,526", "Interest Expense": "27,632", "Net Interest Income": "-22,106", "EBIT": "-8,511", "EBITDA": "167,452", "Reconciled Cost of Revenue": "1,286,441", "Reconciled Depreciation": "175,963", "Net Income from Continuing Operation Net Minority Interest": "-113,281", "Total Unusual Items Excluding Goodwill": "-1,975", "Total Unusual Items": "-1,975", "Normalized EBITDA": "169,427", "Tax Rate for Calcs": "0", "Tax Effect of Unusual Items": "-533.25"}, "1/31/2021": {"Duration": "1/31/2021", "Total Revenue": "3,125,384", "Cost of Revenue": "1,234,179", "Gross Profit": "1,891,205", "Operating Expense": "1,838,737", "Operating Income": "52,468", "Net Non Operating Interest Income Expense": "-28,274", "Other Income Expense": "-72,937", "Pretax Income": "-48,743", "Tax Provision": "60,211", "Net Income Common Stockholders": "-114,021", "Diluted NI Available to Com Stockholders": "-114,021", "Basic EPS": "-", "Diluted EPS": "-", "Basic Average Shares": "-", "Diluted Average Shares": "-", "Total Operating Income as Reported": "-20,469", "Total Expenses": "3,072,916", "Net Income from Continuing & Discontinued Operation": "-114,021", "Normalized Income": "-70,259", "Interest Income": "-", "Interest Expense": "28,274", "Net Interest Income": "-28,274", "EBIT": "-20,469", "EBITDA": "-", "Reconciled Cost of Revenue": "1,234,179", "Reconciled Depreciation": "-", "Net Income from Continuing Operation Net Minority Interest": "-114,021", "Total Unusual Items Excluding Goodwill": "-72,937", "Total Unusual Items": "-72,937", "Normalized EBITDA": "52,468", "Tax Rate for Calcs": "0", "Tax Effect of Unusual Items": "-29,175"}, "1/31/2020": {"Duration": "1/31/2020", "Total Revenue": "3,623,073", "Cost of Revenue": "1,472,155", "Gross Profit": "2,150,918", "Operating Expense": "2,061,715", "Operating Income": "89,203", "Net Non Operating Interest Income Expense": "-7,737", "Other Income Expense": "-19,135", "Pretax Income": "62,331", "Tax Provision": "17,371", "Net Income Common Stockholders": "39,358", "Diluted NI Available to Com Stockholders": "39,358", "Basic EPS": "0.61", "Diluted EPS": "0.60", "Basic Average Shares": "64,428", "Diluted Average Shares": "65,778", "Total Operating Income as Reported": "70,068", "Total Expenses": "3,533,870", "Net Income from Continuing & Discontinued Operation": "39,358", "Normalized Income": "53,154", "Interest Income": "12,171", "Interest Expense": "19,908", "Net Interest Income": "-7,737", "EBIT": "82,239", "EBITDA": "-", "Reconciled Cost of Revenue": "1,472,155", "Reconciled Depreciation": "173,625", "Net Income from Continuing Operation Net Minority Interest": "39,358", "Total Unusual Items Excluding Goodwill": "-19,135", "Total Unusual Items": "-19,135", "Normalized EBITDA": "274,999", "Tax Rate for Calcs": "0", "Tax Effect of Unusual Items": "-5,339"}, "1/31/2019": {"Duration": "1/31/2019", "Total Revenue": "3,590,109", "Cost of Revenue": "1,430,193", "Gross Profit": "2,159,916", "Operating Expense": "2,020,970", "Operating Income": "138,946", "Net Non Operating Interest Income Expense": "-10,999", "Other Income Expense": "-11,580", "Pretax Income": "116,367", "Tax Provision": "37,559", "Net Income Common Stockholders": "74,541", "Diluted NI Available to Com Stockholders": "74,541", "Basic EPS": "1.11", "Diluted EPS": "1.08", "Basic Average Shares": "67,350", "Diluted Average Shares": "69,137", "Total Operating Income as Reported": "127,366", "Total Expenses": "3,451,163", "Net Income from Continuing & Discontinued Operation": "74,541", "Normalized Income": "82,381", "Interest Income": "11,789", "Interest Expense": "22,788", "Net Interest Income": "-10,999", "EBIT": "139,155", "EBITDA": "-", "Reconciled Cost of Revenue": "1,430,193", "Reconciled Depreciation": "178,030", "Net Income from Continuing Operation Net Minority Interest": "74,541", "Total Unusual Items Excluding Goodwill": "-11,580", "Total Unusual Items": "-11,580", "Normalized EBITDA": "328,765", "Tax Rate for Calcs": "0", "Tax Effect of Unusual Items": "-3,740"}}, "bs": {"1/31/2021": {"Duration": "1/31/2021", "Total Assets": "3,314,902", "Total Liabilities Net Minority Interest": "2,365,590", "Total Equity Gross Minority Interest": "949,312", "Total Capitalization": "1,280,538", "Common Stock Equity": "936,628", "Capital Lease Obligations": "1,206,434", "Net Tangible Assets": "936,628", "Working Capital": "702,230", "Invested Capital": "1,280,538", "Tangible Book Value": "936,628", "Total Debt": "1,550,344", "Share Issued": "62,399", "Ordinary Shares Number": "62,399", "Treasury Shares Number": "-"}, "1/31/2020": {"Duration": "1/31/2020", "Total Assets": "3,549,665", "Total Liabilities Net Minority Interest": "2,478,487", "Total Equity Gross Minority Interest": "1,071,178", "Total Capitalization": "1,290,773", "Common Stock Equity": "1,058,810", "Capital Lease Obligations": "1,535,463", "Net Tangible Assets": "1,058,810", "Working Capital": "449,395", "Invested Capital": "1,290,773", "Tangible Book Value": "1,058,810", "Total Debt": "1,767,426", "Share Issued": "103,300", "Ordinary Shares Number": "62,786", "Treasury Shares Number": "40,514"}, "1/31/2019": {"Duration": "1/31/2019", "Total Assets": "2,385,593", "Total Liabilities Net Minority Interest": "1,166,972", "Total Equity Gross Minority Interest": "1,218,621", "Total Capitalization": "1,459,339", "Common Stock Equity": "1,208,900", "Capital Lease Obligations": "46,337", "Net Tangible Assets": "1,208,900", "Working Capital": "777,033", "Invested Capital": "1,459,339", "Tangible Book Value": "1,208,900", "Total Debt": "296,776", "Share Issued": "103,300", "Ordinary Shares Number": "66,227", "Treasury Shares Number": "37,073"}}, "cf": {"TTM": {"Duration": "TTM", "Operating Cash Flow": "493,418", "Investing Cash Flow": "-140,159", "Financing Cash Flow": "45,164", "End Cash Position": "830,446", "Income Tax Paid Supplemental Data": "12,432", "Interest Paid Supplemental Data": "14,674", "Capital Expenditure": "-140,159", "Issuance of Debt": "560,000", "Repayment of Debt": "-453,250", "Repurchase of Capital Stock": "-15,172", "Free Cash Flow": "353,259"}, "1/31/2021": {"Duration": "1/31/2021", "Operating Cash Flow": "404,918", "Investing Cash Flow": "-51,910", "Financing Cash Flow": "69,717", "End Cash Position": "1,124,157", "Income Tax Paid Supplemental Data": "-", "Interest Paid Supplemental Data": "-", "Capital Expenditure": "-101,910", "Issuance of Debt": "560,000", "Repayment of Debt": "-443,250", "Repurchase of Capital Stock": "-15,172", "Free Cash Flow": "303,008"}, "1/31/2020": {"Duration": "1/31/2020", "Operating Cash Flow": "300,685", "Investing Cash Flow": "-202,784", "Financing Cash Flow": "-147,873", "End Cash Position": "692,264", "Income Tax Paid Supplemental Data": "20,717", "Interest Paid Supplemental Data": "17,514", "Capital Expenditure": "-202,784", "Issuance of Debt": "-", "Repayment of Debt": "-20,000", "Repurchase of Capital Stock": "-63,542", "Free Cash Flow": "97,901"}, "1/31/2019": {"Duration": "1/31/2019", "Operating Cash Flow": "352,933", "Investing Cash Flow": "-152,393", "Financing Cash Flow": "-131,691", "End Cash Position": "745,829", "Income Tax Paid Supplemental Data": "24,331", "Interest Paid Supplemental Data": "14,221", "Capital Expenditure": "-152,393", "Issuance of Debt": "-", "Repayment of Debt": "0", "Repurchase of Capital Stock": "-68,670", "Free Cash Flow": "200,540"}}}}, {"AEO": {"quote": {"03/21/2021": {"value": "29.73", "Market Cap": "4.956B", "Beta (5Y Monthly)": "1.43", "PE Ratio (TTM)": "N/A", "EPS (TTM)": "-1.26", "Earnings Date": "Jun 01, 2021 - Jun 07, 2021", "Forward Dividend & Yield": "0.55 (1.85%)", "Ex-Dividend Date": "Apr 08, 2021", "1y Target Est": "30.54"}}, "fin": {"TTM": {"Duration": "TTM", "Total Revenue": "3,781,450", "Cost of Revenue": "2,665,421", "Gross Profit": "1,116,029", "Operating Expense": "1,137,074", "Operating Income": "-21,045", "Net Non Operating Interest Income Expense": "-24,610", "Other Income Expense": "-246,634", "Pretax Income": "-289,093", "Tax Provision": "-81,047", "Net Income Common Stockholders": "-208,046", "Diluted NI Available to Com Stockholders": "-208,046", "Basic EPS": "-", "Diluted EPS": "-", "Basic Average Shares": "-", "Diluted Average Shares": "-", "Total Operating Income as Reported": "-274,453", "Total Expenses": "3,802,495", "Net Income from Continuing & Discontinued Operation": "-208,046", "Normalized Income": "-28,699", "Net Interest Income": "-24,610", "EBIT": "-21,045", "EBITDA": "147,073", "Reconciled Cost of Revenue": "2,662,523", "Reconciled Depreciation": "168,118", "Net Income from Continuing Operation Net Minority Interest": "-208,046", "Total Unusual Items Excluding Goodwill": "-249,214", "Total Unusual Items": "-249,214", "Normalized EBITDA": "396,287", "Tax Rate for Calcs": "0", "Tax Effect of Unusual Items": "-69,867"}, "1/31/2021": {"Duration": "1/31/2021", "Total Revenue": "3,759,113", "Cost of Revenue": "2,610,966", "Gross Profit": "1,148,147", "Operating Expense": "1,139,666", "Operating Income": "8,481", "Net Non Operating Interest Income Expense": "-24,610", "Other Income Expense": "-276,144", "Pretax Income": "-292,273", "Tax Provision": "-82,999", "Net Income Common Stockholders": "-209,274", "Diluted NI Available to Com Stockholders": "-209,274", "Basic EPS": "-1.26", "Diluted EPS": "-1.26", "Basic Average Shares": "166,455", "Diluted Average Shares": "166,455", "Total Operating Income as Reported": "-271,345", "Total Expenses": "3,750,632", "Net Income from Continuing & Discontinued Operation": "-209,274", "Normalized Income": "-8,919", "Net Interest Income": "-24,610", "EBIT": "8,481", "EBITDA": "-", "Reconciled Cost of Revenue": "2,607,788", "Reconciled Depreciation": "165,580", "Net Income from Continuing Operation Net Minority Interest": "-209,274", "Total Unusual Items Excluding Goodwill": "-279,826", "Total Unusual Items": "-279,826", "Normalized EBITDA": "453,887", "Tax Rate for Calcs": "0", "Tax Effect of Unusual Items": "-79,471"}, "1/31/2020": {"Duration": "1/31/2020", "Total Revenue": "4,308,212", "Cost of Revenue": "2,785,911", "Gross Profit": "1,522,301", "Operating Expense": "1,208,462", "Operating Income": "313,839", "Net Non Operating Interest Income Expense": "-", "Other Income Expense": "-68,561", "Pretax Income": "245,278", "Tax Provision": "54,021", "Net Income Common Stockholders": "191,257", "Diluted NI Available to Com Stockholders": "191,257", "Basic EPS": "1.13", "Diluted EPS": "1.12", "Basic Average Shares": "169,711", "Diluted Average Shares": "170,867", "Total Operating Income as Reported": "233,345", "Total Expenses": "3,994,373", "Net Income from Continuing & Discontinued Operation": "191,257", "Normalized Income": "250,771", "Net Interest Income": "-", "EBIT": "313,839", "EBITDA": "-", "Reconciled Cost of Revenue": "2,783,582", "Reconciled Depreciation": "181,379", "Net Income from Continuing Operation Net Minority Interest": "191,257", "Total Unusual Items Excluding Goodwill": "-76,300", "Total Unusual Items": "-76,300", "Normalized EBITDA": "571,518", "Tax Rate for Calcs": "0", "Tax Effect of Unusual Items": "-16,786"}, "1/31/2019": {"Duration": "1/31/2019", "Total Revenue": "4,035,720", "Cost of Revenue": "2,548,082", "Gross Profit": "1,487,638", "Operating Expense": "1,148,941", "Operating Income": "338,697", "Net Non Operating Interest Income Expense": "-", "Other Income Expense": "6,403", "Pretax Income": "345,100", "Tax Provision": "83,198", "Net Income Common Stockholders": "261,902", "Diluted NI Available to Com Stockholders": "261,902", "Basic EPS": "1.48", "Diluted EPS": "1.47", "Basic Average Shares": "176,476", "Diluted Average Shares": "178,035", "Total Operating Income as Reported": "337,129", "Total Expenses": "3,697,023", "Net Income from Continuing & Discontinued Operation": "261,902", "Normalized Income": "263,092", "Net Interest Income": "-", "EBIT": "338,697", "EBITDA": "-", "Reconciled Cost of Revenue": "2,545,909", "Reconciled Depreciation": "170,504", "Net Income from Continuing Operation Net Minority Interest": "261,902", "Total Unusual Items Excluding Goodwill": "-1,568", "Total Unusual Items": "-1,568", "Normalized EBITDA": "510,769", "Tax Rate for Calcs": "0", "Tax Effect of Unusual Items": "-377.888"}}, "bs": {"1/31/2021": {"Duration": "1/31/2021", "Total Assets": "3,434,806", "Total Liabilities Net Minority Interest": "2,348,141", "Total Equity Gross Minority Interest": "1,086,665", "Total Capitalization": "1,411,955", "Common Stock Equity": "1,086,665", "Capital Lease Obligations": "1,477,366", "Net Tangible Assets": "1,016,333", "Working Capital": "664,161", "Invested Capital": "1,411,955", "Tangible Book Value": "1,016,333", "Total Debt": "1,802,656", "Share Issued": "249,566", "Ordinary Shares Number": "166,335", "Treasury Shares Number": "83,231"}, "1/31/2020": {"Duration": "1/31/2020", "Total Assets": "3,328,679", "Total Liabilities Net Minority Interest": "2,080,826", "Total Equity Gross Minority Interest": "1,247,853", "Total Capitalization": "1,247,853", "Common Stock Equity": "1,247,853", "Capital Lease Obligations": "1,600,896", "Net Tangible Assets": "1,194,849", "Working Capital": "296,174", "Invested Capital": "1,247,853", "Tangible Book Value": "1,194,849", "Total Debt": "1,600,896", "Share Issued": "249,566", "Ordinary Shares Number": "166,993", "Treasury Shares Number": "82,573"}, "1/31/2019": {"Duration": "1/31/2019", "Total Assets": "1,903,378", "Total Liabilities Net Minority Interest": "615,823", "Total Equity Gross Minority Interest": "1,287,555", "Total Capitalization": "1,287,555", "Common Stock Equity": "1,287,555", "Capital Lease Obligations": "-", "Net Tangible Assets": "1,229,388", "Working Capital": "503,608", "Invested Capital": "1,287,555", "Tangible Book Value": "1,229,388", "Total Debt": "-", "Share Issued": "249,566", "Ordinary Shares Number": "172,436", "Treasury Shares Number": "77,130"}}, "cf": {"TTM": {"Duration": "TTM", "Operating Cash Flow": "226,822", "Investing Cash Flow": "-103,904", "Financing Cash Flow": "356,783", "End Cash Position": "694,215", "Income Tax Paid Supplemental Data": "-", "Interest Paid Supplemental Data": "-", "Capital Expenditure": "-153,085", "Issuance of Debt": "736,108", "Repayment of Debt": "-330,000", "Repurchase of Capital Stock": "-20,000", "Free Cash Flow": "73,737"}, "1/31/2021": {"Duration": "1/31/2021", "Operating Cash Flow": "202,498", "Investing Cash Flow": "-73,945", "Financing Cash Flow": "359,907", "End Cash Position": "850,477", "Income Tax Paid Supplemental Data": "-", "Interest Paid Supplemental Data": "-", "Capital Expenditure": "-127,975", "Issuance of Debt": "736,108", "Repayment of Debt": "-330,000", "Repurchase of Capital Stock": "-25,413", "Free Cash Flow": "74,523"}, "1/31/2020": {"Duration": "1/31/2020", "Operating Cash Flow": "415,416", "Investing Cash Flow": "-174,894", "Financing Cash Flow": "-211,226", "End Cash Position": "361,930", "Income Tax Paid Supplemental Data": "69,689", "Interest Paid Supplemental Data": "828", "Capital Expenditure": "-210,360", "Issuance of Debt": "-", "Repayment of Debt": "-", "Repurchase of Capital Stock": "-120,468", "Free Cash Flow": "205,056"}, "1/31/2019": {"Duration": "1/31/2019", "Operating Cash Flow": "456,645", "Investing Cash Flow": "-282,829", "Financing Cash Flow": "-252,503", "End Cash Position": "333,330", "Income Tax Paid Supplemental Data": "81,248", "Interest Paid Supplemental Data": "1,207", "Capital Expenditure": "-189,693", "Issuance of Debt": "-", "Repayment of Debt": "-6,802", "Repurchase of Capital Stock": "-164,073", "Free Cash Flow": "266,952"}}}}, {"LB": {"quote": {"03/21/2021": {"value": "60.54", "Market Cap": "16.837B", "Beta (5Y Monthly)": "1.74", "PE Ratio (TTM)": "20.18", "EPS (TTM)": "3.00", "Earnings Date": "May 19, 2021", "Forward Dividend & Yield": "N/A (N/A)", "Ex-Dividend Date": "Feb 20, 2020", "1y Target Est": "64.90"}}, "fin": {"TTM": {"Duration": "TTM", "Total Revenue": "11,846,891", "Cost of Revenue": "7,180,393", "Gross Profit": "4,666,498", "Operating Expense": "3,086,944", "Operating Income": "1,579,554", "Net Non Operating Interest Income Expense": "-438,462", "Other Income Expense": "-48,774", "Pretax Income": "1,092,318", "Tax Provision": "247,868", "Net Income Common Stockholders": "844,450", "Diluted NI Available to Com Stockholders": "844,450", "Basic EPS": "-", "Diluted EPS": "-", "Basic Average Shares": "-", "Diluted Average Shares": "-", "Total Operating Income as Reported": "1,579,554", "Total Expenses": "10,267,337", "Net Income from Continuing & Discontinued Operation": "844,450", "Normalized Income": "844,450", "Interest Expense": "438,462", "Net Interest Income": "-438,462", "EBIT": "1,530,780", "EBITDA": "1,530,780", "Reconciled Cost of Revenue": "7,180,393", "Reconciled Depreciation": "-", "Net Income from Continuing Operation Net Minority Interest": "844,450", "Total Unusual Items Excluding Goodwill": "0", "Total Unusual Items": "0", "Normalized EBITDA": "1,530,780", "Tax Rate for Calcs": "0", "Tax Effect of Unusual Items": "0"}, "1/31/2021": {"Duration": "1/31/2021", "Total Revenue": "11,846,891", "Cost of Revenue": "7,180,393", "Gross Profit": "4,666,498", "Operating Expense": "3,086,944", "Operating Income": "1,579,554", "Net Non Operating Interest Income Expense": "-438,462", "Other Income Expense": "-48,774", "Pretax Income": "1,092,318", "Tax Provision": "247,868", "Net Income Common Stockholders": "844,450", "Diluted NI Available to Com Stockholders": "844,450", "Basic EPS": "-", "Diluted EPS": "-", "Basic Average Shares": "-", "Diluted Average Shares": "-", "Total Operating Income as Reported": "1,579,554", "Total Expenses": "10,267,337", "Net Income from Continuing & Discontinued Operation": "844,450", "Normalized Income": "844,450", "Interest Expense": "438,462", "Net Interest Income": "-438,462", "EBIT": "1,530,780", "EBITDA": "-", "Reconciled Cost of Revenue": "7,180,393", "Reconciled Depreciation": "-", "Net Income from Continuing Operation Net Minority Interest": "844,450", "Total Unusual Items Excluding Goodwill": "0", "Total Unusual Items": "0", "Normalized EBITDA": "1,530,780", "Tax Rate for Calcs": "0", "Tax Effect of Unusual Items": "0"}, "1/31/2020": {"Duration": "1/31/2020", "Total Revenue": "12,914,000", "Cost of Revenue": "8,464,000", "Gross Profit": "4,450,000", "Operating Expense": "3,472,000", "Operating Income": "978,000", "Net Non Operating Interest Income Expense": "-378,000", "Other Income Expense": "-781,000", "Pretax Income": "-181,000", "Tax Provision": "185,000", "Net Income Common Stockholders": "-366,000", "Diluted NI Available to Com Stockholders": "-366,000", "Basic EPS": "-1.33", "Diluted EPS": "-1.33", "Basic Average Shares": "276,000", "Diluted Average Shares": "276,000", "Total Operating Income as Reported": "258,000", "Total Expenses": "11,936,000", "Net Income from Continuing & Discontinued Operation": "-366,000", "Normalized Income": "159,600", "Interest Expense": "378,000", "Net Interest Income": "-378,000", "EBIT": "197,000", "EBITDA": "-", "Reconciled Cost of Revenue": "8,464,000", "Reconciled Depreciation": "588,000", "Net Income from Continuing Operation Net Minority Interest": "-366,000", "Total Unusual Items Excluding Goodwill": "-720,000", "Total Unusual Items": "-720,000", "Normalized EBITDA": "1,505,000", "Tax Rate for Calcs": "0", "Tax Effect of Unusual Items": "-194,400"}, "1/31/2019": {"Duration": "1/31/2019", "Total Revenue": "13,237,000", "Cost of Revenue": "8,338,000", "Gross Profit": "4,899,000", "Operating Expense": "3,563,000", "Operating Income": "1,336,000", "Net Non Operating Interest Income Expense": "-385,000", "Other Income Expense": "-94,000", "Pretax Income": "857,000", "Tax Provision": "213,000", "Net Income Common Stockholders": "644,000", "Diluted NI Available to Com Stockholders": "644,000", "Basic EPS": "-1.33", "Diluted EPS": "-1.33", "Basic Average Shares": "276,163", "Diluted Average Shares": "276,163", "Total Operating Income as Reported": "1,237,000", "Total Expenses": "11,901,000", "Net Income from Continuing & Discontinued Operation": "644,000", "Normalized Income": "718,349", "Interest Expense": "385,000", "Net Interest Income": "-385,000", "EBIT": "1,242,000", "EBITDA": "-", "Reconciled Cost of Revenue": "8,338,000", "Reconciled Depreciation": "590,000", "Net Income from Continuing Operation Net Minority Interest": "644,000", "Total Unusual Items Excluding Goodwill": "-99,000", "Total Unusual Items": "-99,000", "Normalized EBITDA": "1,931,000", "Tax Rate for Calcs": "0", "Tax Effect of Unusual Items": "-24,651"}}, "bs": {"1/31/2020": {"Duration": "1/31/2020", "Total Assets": "10,125,000", "Total Liabilities Net Minority Interest": "11,620,000", "Total Equity Gross Minority Interest": "-1,495,000", "Total Capitalization": "3,988,000", "Common Stock Equity": "-1,499,000", "Capital Lease Obligations": "3,530,000", "Net Tangible Assets": "-2,538,000", "Working Capital": "873,000", "Invested Capital": "4,049,000", "Tangible Book Value": "-2,538,000", "Total Debt": "9,078,000", "Net Debt": "4,049,000", "Share Issued": "285,000", "Ordinary Shares Number": "277,000", "Treasury Shares Number": "8,000"}, "1/31/2019": {"Duration": "1/31/2019", "Total Assets": "8,090,000", "Total Liabilities Net Minority Interest": "8,955,000", "Total Equity Gross Minority Interest": "-865,000", "Total Capitalization": "4,870,000", "Common Stock Equity": "-869,000", "Capital Lease Obligations": "-", "Net Tangible Assets": "-2,628,000", "Working Capital": "1,274,000", "Invested Capital": "4,942,000", "Tangible Book Value": "-2,628,000", "Total Debt": "5,811,000", "Net Debt": "4,398,000", "Share Issued": "283,000", "Ordinary Shares Number": "275,000", "Treasury Shares Number": "8,000"}}, "cf": {"TTM": {"Duration": "TTM", "Operating Cash Flow": "-", "Investing Cash Flow": "-", "Financing Cash Flow": "-", "End Cash Position": "-", "Capital Expenditure": "-", "Issuance of Debt": "-", "Repayment of Debt": "-", "Repurchase of Capital Stock": "-", "Free Cash Flow": "-"}, "1/31/2020": {"Duration": "1/31/2020", "Operating Cash Flow": "1,236,000", "Investing Cash Flow": "-480,000", "Financing Cash Flow": "-666,000", "End Cash Position": "1,499,000", "Capital Expenditure": "-458,000", "Issuance of Debt": "665,000", "Repayment of Debt": "-973,000", "Repurchase of Capital Stock": "0", "Free Cash Flow": "778,000"}, "1/31/2019": {"Duration": "1/31/2019", "Operating Cash Flow": "1,377,000", "Investing Cash Flow": "-609,000", "Financing Cash Flow": "-872,000", "End Cash Position": "1,413,000", "Capital Expenditure": "-629,000", "Issuance of Debt": "264,000", "Repayment of Debt": "-253,000", "Repurchase of Capital Stock": "-198,000", "Free Cash Flow": "748,000"}}}}, {"BKE": {"quote": {"03/21/2021": {"value": "40.96", "Market Cap": "2.024B", "Beta (5Y Monthly)": "1.10", "PE Ratio (TTM)": "15.40", "EPS (TTM)": "2.66", "Earnings Date": "May 21, 2021", "Forward Dividend & Yield": "1.20 (2.93%)", "Ex-Dividend Date": "Dec 18, 2020", "1y Target Est": "N/A"}}, "fin": {"TTM": {"Duration": "TTM", "Total Revenue": "901,278", "Cost of Revenue": "500,610", "Gross Profit": "400,668", "Operating Expense": "232,646", "Operating Income": "168,022", "Other Income Expense": "2,925", "Pretax Income": "170,947", "Tax Provision": "40,808", "Net Income Common Stockholders": "130,139", "Diluted NI Available to Com Stockholders": "130,139", "Basic EPS": "-", "Diluted EPS": "-", "Basic Average Shares": "-", "Diluted Average Shares": "-", "Total Operating Income as Reported": "168,022", "Total Expenses": "733,256", "Net Income from Continuing & Discontinued Operation": "130,139", "Normalized Income": "130,139", "EBIT": "168,022", "EBITDA": "168,022", "Reconciled Cost of Revenue": "500,610", "Reconciled Depreciation": "-", "Net Income from Continuing Operation Net Minority Interest": "130,139", "Normalized EBITDA": "168,022", "Tax Rate for Calcs": "0", "Tax Effect of Unusual Items": "0"}, "1/31/2021": {"Duration": "1/31/2021", "Total Revenue": "901,278", "Cost of Revenue": "500,610", "Gross Profit": "400,668", "Operating Expense": "232,646", "Operating Income": "168,022", "Other Income Expense": "2,925", "Pretax Income": "170,947", "Tax Provision": "40,808", "Net Income Common Stockholders": "130,139", "Diluted NI Available to Com Stockholders": "130,139", "Basic EPS": "-", "Diluted EPS": "-", "Basic Average Shares": "-", "Diluted Average Shares": "-", "Total Operating Income as Reported": "168,022", "Total Expenses": "733,256", "Net Income from Continuing & Discontinued Operation": "130,139", "Normalized Income": "130,139", "EBIT": "168,022", "EBITDA": "-", "Reconciled Cost of Revenue": "500,610", "Reconciled Depreciation": "-", "Net Income from Continuing Operation Net Minority Interest": "130,139", "Normalized EBITDA": "168,022", "Tax Rate for Calcs": "0", "Tax Effect of Unusual Items": "0"}, "1/31/2020": {"Duration": "1/31/2020", "Total Revenue": "900,254", "Cost of Revenue": "522,780", "Gross Profit": "377,474", "Operating Expense": "245,977", "Operating Income": "131,497", "Other Income Expense": "6,210", "Pretax Income": "137,707", "Tax Provision": "33,278", "Net Income Common Stockholders": "104,429", "Diluted NI Available to Com Stockholders": "104,429", "Basic EPS": "2.15", "Diluted EPS": "2.14", "Basic Average Shares": "48,587", "Diluted Average Shares": "48,813", "Total Operating Income as Reported": "131,497", "Total Expenses": "768,757", "Net Income from Continuing & Discontinued Operation": "104,429", "Normalized Income": "104,429", "EBIT": "131,497", "EBITDA": "-", "Reconciled Cost of Revenue": "522,780", "Reconciled Depreciation": "23,789", "Net Income from Continuing Operation Net Minority Interest": "104,429", "Normalized EBITDA": "155,286", "Tax Rate for Calcs": "0", "Tax Effect of Unusual Items": "0"}, "1/31/2019": {"Duration": "1/31/2019", "Total Revenue": "885,496", "Cost of Revenue": "519,423", "Gross Profit": "366,073", "Operating Expense": "245,145", "Operating Income": "120,928", "Other Income Expense": "5,716", "Pretax Income": "126,644", "Tax Provision": "31,036", "Net Income Common Stockholders": "95,608", "Diluted NI Available to Com Stockholders": "95,608", "Basic EPS": "1.97", "Diluted EPS": "1.97", "Basic Average Shares": "48,413", "Diluted Average Shares": "48,614", "Total Operating Income as Reported": "120,928", "Total Expenses": "764,568", "Net Income from Continuing & Discontinued Operation": "95,608", "Normalized Income": "95,608", "EBIT": "120,928", "EBITDA": "-", "Reconciled Cost of Revenue": "519,423", "Reconciled Depreciation": "26,848", "Net Income from Continuing Operation Net Minority Interest": "95,608", "Normalized EBITDA": "147,776", "Tax Rate for Calcs": "0", "Tax Effect of Unusual Items": "0"}}, "bs": {"1/31/2021": {"Duration": "1/31/2021", "Total Assets": "845,814", "Total Liabilities Net Minority Interest": "449,185", "Total Equity Gross Minority Interest": "396,629", "Total Capitalization": "396,629", "Common Stock Equity": "396,629", "Capital Lease Obligations": "306,268", "Net Tangible Assets": "396,629", "Working Capital": "230,865", "Invested Capital": "396,629", "Tangible Book Value": "396,629", "Total Debt": "306,268", "Share Issued": "49,408", "Ordinary Shares Number": "49,408"}, "1/31/2020": {"Duration": "1/31/2020", "Total Assets": "867,890", "Total Liabilities Net Minority Interest": "478,742", "Total Equity Gross Minority Interest": "389,148", "Total Capitalization": "389,148", "Common Stock Equity": "389,148", "Capital Lease Obligations": "377,552", "Net Tangible Assets": "389,148", "Working Capital": "206,189", "Invested Capital": "389,148", "Tangible Book Value": "389,148", "Total Debt": "377,552", "Share Issued": "49,206", "Ordinary Shares Number": "49,206"}, "1/31/2019": {"Duration": "1/31/2019", "Total Assets": "527,302", "Total Liabilities Net Minority Interest": "133,425", "Total Equity Gross Minority Interest": "393,877", "Total Capitalization": "393,877", "Common Stock Equity": "393,877", "Capital Lease Obligations": "-", "Net Tangible Assets": "393,877", "Working Capital": "280,214", "Invested Capital": "393,877", "Tangible Book Value": "393,877", "Total Debt": "-", "Share Issued": "49,017", "Ordinary Shares Number": "49,017"}}, "cf": {"TTM": {"Duration": "TTM", "Operating Cash Flow": "-", "Investing Cash Flow": "-", "Financing Cash Flow": "-", "End Cash Position": "-", "Capital Expenditure": "-", "Repurchase of Capital Stock": "-", "Free Cash Flow": "-"}, "1/31/2020": {"Duration": "1/31/2020", "Operating Cash Flow": "130,665", "Investing Cash Flow": "34,755", "Financing Cash Flow": "-112,922", "End Cash Position": "220,969", "Capital Expenditure": "-7,322", "Repurchase of Capital Stock": "-68", "Free Cash Flow": "123,343"}, "1/31/2019": {"Duration": "1/31/2019", "Operating Cash Flow": "108,727", "Investing Cash Flow": "-7,598", "Financing Cash Flow": "-97,744", "End Cash Position": "168,471", "Capital Expenditure": "-10,021", "Repurchase of Capital Stock": "-", "Free Cash Flow": "98,706"}}}}, {"BEBE": {"quote": {"03/21/2021": {"value": "5.89", "Market Cap": "75.828M", "Beta (5Y Monthly)": "1.13", "PE Ratio (TTM)": "N/A", "EPS (TTM)": "-15.36", "Earnings Date": "Sep 25, 2020 - Sep 29, 2020", "Forward Dividend & Yield": "0.24 (4.07%)", "Ex-Dividend Date": "Feb 24, 2021", "1y Target Est": "N/A"}}, "fin": {"TTM": {"Duration": "TTM", "Total Revenue": "0", "Cost of Revenue": "0", "Gross Profit": "0", "Operating Expense": "1,412", "Operating Income": "-1,412", "Net Non Operating Interest Income Expense": "-490", "Other Income Expense": "11,436", "Pretax Income": "10,537", "Tax Provision": "27", "Earnings from Equity Interest Net of Tax": "-", "Net Income Common Stockholders": "1,943", "Diluted NI Available to Com Stockholders": "1,943", "Basic EPS": "-", "Diluted EPS": "-", "Basic Average Shares": "-", "Diluted Average Shares": "-", "Total Operating Income as Reported": "-1,412", "Total Expenses": "1,412", "Net Income from Continuing & Discontinued Operation": "1,943", "Normalized Income": "4,898", "Interest Income": "-490", "Net Interest Income": "-490", "EBIT": "-1,412", "EBITDA": "-1,412", "Reconciled Cost of Revenue": "0", "Reconciled Depreciation": "-", "Net Income from Continuing Operation Net Minority Interest": "4,898", "Total Unusual Items Excluding Goodwill": "-", "Total Unusual Items": "-", "Normalized EBITDA": "-1,412", "Tax Rate for Calcs": "0", "Tax Effect of Unusual Items": "0"}, "6/30/2020": {"Duration": "6/30/2020", "Total Revenue": "0", "Cost of Revenue": "0", "Gross Profit": "0", "Operating Expense": "1,288", "Operating Income": "-1,288", "Net Non Operating Interest Income Expense": "203", "Other Income Expense": "8,350", "Pretax Income": "7,265", "Tax Provision": "-16", "Earnings from Equity Interest Net of Tax": "-", "Net Income Common Stockholders": "7,281", "Diluted NI Available to Com Stockholders": "7,281", "Basic EPS": "0.64", "Diluted EPS": "0.64", "Basic Average Shares": "11,374", "Diluted Average Shares": "11,374", "Total Operating Income as Reported": "-1,288", "Total Expenses": "1,288", "Net Income from Continuing & Discontinued Operation": "7,281", "Normalized Income": "7,281", "Interest Income": "203", "Net Interest Income": "203", "EBIT": "-1,288", "EBITDA": "-", "Reconciled Cost of Revenue": "0", "Reconciled Depreciation": "-", "Net Income from Continuing Operation Net Minority Interest": "7,281", "Total Unusual Items Excluding Goodwill": "-", "Total Unusual Items": "-", "Normalized EBITDA": "-1,288", "Tax Rate for Calcs": "0", "Tax Effect of Unusual Items": "0"}, "6/30/2019": {"Duration": "6/30/2019", "Total Revenue": "0", "Cost of Revenue": "0", "Gross Profit": "0", "Operating Expense": "2,184", "Operating Income": "-2,184", "Net Non Operating Interest Income Expense": "513", "Other Income Expense": "11,602", "Pretax Income": "9,931", "Tax Provision": "212", "Earnings from Equity Interest Net of Tax": "-", "Net Income Common Stockholders": "7,001", "Diluted NI Available to Com Stockholders": "7,001", "Basic EPS": "0.61", "Diluted EPS": "0.61", "Basic Average Shares": "11,374", "Diluted Average Shares": "11,374", "Total Operating Income as Reported": "-2,184", "Total Expenses": "2,184", "Net Income from Continuing & Discontinued Operation": "7,001", "Normalized Income": "9,719", "Interest Income": "-", "Net Interest Income": "513", "EBIT": "-2,184", "EBITDA": "-", "Reconciled Cost of Revenue": "0", "Reconciled Depreciation": "-", "Net Income from Continuing Operation Net Minority Interest": "9,719", "Total Unusual Items Excluding Goodwill": "-", "Total Unusual Items": "-", "Normalized EBITDA": "-2,184", "Tax Rate for Calcs": "0", "Tax Effect of Unusual Items": "0"}, "6/30/2018": {"Duration": "6/30/2018", "Total Revenue": "0", "Cost of Revenue": "0", "Gross Profit": "0", "Operating Expense": "6,639", "Operating Income": "-6,639", "Net Non Operating Interest Income Expense": "-2,595", "Other Income Expense": "-", "Pretax Income": "-9,234", "Tax Provision": "0", "Earnings from Equity Interest Net of Tax": "7,376", "Net Income Common Stockholders": "22,723", "Diluted NI Available to Com Stockholders": "22,723", "Basic EPS": "2.36", "Diluted EPS": "2.36", "Basic Average Shares": "9,638", "Diluted Average Shares": "9,638", "Total Operating Income as Reported": "-6,639", "Total Expenses": "6,639", "Net Income from Continuing & Discontinued Operation": "22,723", "Normalized Income": "-1,858", "Interest Income": "-", "Net Interest Income": "-2,595", "EBIT": "-6,639", "EBITDA": "-", "Reconciled Cost of Revenue": "0", "Reconciled Depreciation": "-", "Net Income from Continuing Operation Net Minority Interest": "-1,858", "Total Unusual Items Excluding Goodwill": "-", "Total Unusual Items": "-", "Normalized EBITDA": "-6,639", "Tax Rate for Calcs": "0", "Tax Effect of Unusual Items": "0"}}, "bs": {"6/30/2020": {"Duration": "6/30/2020", "Total Assets": "31,074", "Total Liabilities Net Minority Interest": "3,642", "Total Equity Gross Minority Interest": "27,432", "Total Capitalization": "27,432", "Common Stock Equity": "27,432", "Net Tangible Assets": "27,432", "Working Capital": "4,852", "Invested Capital": "27,432", "Tangible Book Value": "27,432", "Total Debt": "-", "Net Debt": "-", "Share Issued": "11,374", "Ordinary Shares Number": "11,374"}, "6/30/2019": {"Duration": "6/30/2019", "Total Assets": "32,550", "Total Liabilities Net Minority Interest": "6,076", "Total Equity Gross Minority Interest": "26,474", "Total Capitalization": "26,474", "Common Stock Equity": "26,474", "Net Tangible Assets": "26,474", "Working Capital": "3,323", "Invested Capital": "26,474", "Tangible Book Value": "26,474", "Total Debt": "-", "Net Debt": "-", "Share Issued": "11,374", "Ordinary Shares Number": "11,374"}, "6/30/2018": {"Duration": "6/30/2018", "Total Assets": "35,284", "Total Liabilities Net Minority Interest": "10,046", "Total Equity Gross Minority Interest": "25,238", "Total Capitalization": "25,238", "Common Stock Equity": "25,238", "Net Tangible Assets": "25,238", "Working Capital": "23,212", "Invested Capital": "25,238", "Tangible Book Value": "25,238", "Total Debt": "-", "Net Debt": "-", "Share Issued": "11,374", "Ordinary Shares Number": "11,374"}}, "cf": {"TTM": {"Duration": "TTM", "Operating Cash Flow": "-6,763", "Investing Cash Flow": "0", "Financing Cash Flow": "-6,711", "End Cash Position": "8,188", "Income Tax Paid Supplemental Data": "32", "Interest Paid Supplemental Data": "-", "Capital Expenditure": "-", "Issuance of Capital Stock": "-", "Issuance of Debt": "-", "Repayment of Debt": "-1,342", "Free Cash Flow": "1,791"}, "6/30/2020": {"Duration": "6/30/2020", "Operating Cash Flow": "5,892", "Investing Cash Flow": "0", "Financing Cash Flow": "-6,484", "End Cash Position": "8,275", "Income Tax Paid Supplemental Data": "19", "Interest Paid Supplemental Data": "-", "Capital Expenditure": "-", "Issuance of Capital Stock": "-", "Issuance of Debt": "-", "Repayment of Debt": "0", "Free Cash Flow": "5,892"}, "6/30/2019": {"Duration": "6/30/2019", "Operating Cash Flow": "6,664", "Investing Cash Flow": "-23,770", "Financing Cash Flow": "-5,687", "End Cash Position": "8,706", "Income Tax Paid Supplemental Data": "84", "Interest Paid Supplemental Data": "0", "Capital Expenditure": "-", "Issuance of Capital Stock": "0", "Issuance of Debt": "-", "Repayment of Debt": "0", "Free Cash Flow": "6,664"}, "6/30/2018": {"Duration": "6/30/2018", "Operating Cash Flow": "-13,392", "Investing Cash Flow": "51,600", "Financing Cash Flow": "-23,661", "End Cash Position": "31,580", "Income Tax Paid Supplemental Data": "719", "Interest Paid Supplemental Data": "1,184", "Capital Expenditure": "-", "Issuance of Capital Stock": "1,500", "Issuance of Debt": "-", "Repayment of Debt": "-19,475", "Free Cash Flow": "-13,392"}}}}, {"BOOT": {"quote": {"03/21/2021": {"value": "65.60", "Market Cap": "1.903B", "Beta (5Y Monthly)": "2.87", "PE Ratio (TTM)": "47.50", "EPS (TTM)": "1.38", "Earnings Date": "Jan 25, 2021", "Forward Dividend & Yield": "N/A (N/A)", "Ex-Dividend Date": "N/A", "1y Target Est": "63.20"}}, "fin": {"TTM": {"Duration": "TTM", "Total Revenue": "845,575", "Cost of Revenue": "569,084", "Gross Profit": "276,491", "Operating Expense": "202,823", "Operating Income": "73,668", "Net Non Operating Interest Income Expense": "-13,310", "Other Income Expense": "-45", "Pretax Income": "60,313", "Tax Provision": "12,364", "Net Income Common Stockholders": "47,949", "Diluted NI Available to Com Stockholders": "47,949", "Basic EPS": "-", "Diluted EPS": "-", "Basic Average Shares": "-", "Diluted Average Shares": "-", "Total Operating Income as Reported": "73,668", "Total Expenses": "771,907", "Net Income from Continuing & Discontinued Operation": "47,949", "Normalized Income": "47,949", "Interest Expense": "13,310", "Net Interest Income": "-13,310", "EBIT": "73,623", "EBITDA": "126,097", "Reconciled Cost of Revenue": "569,084", "Reconciled Depreciation": "52,474", "Net Income from Continuing Operation Net Minority Interest": "47,949", "Total Unusual Items Excluding Goodwill": "-", "Total Unusual Items": "-", "Normalized EBITDA": "126,097", "Tax Rate for Calcs": "0", "Tax Effect of Unusual Items": "0"}, "3/31/2020": {"Duration": "3/31/2020", "Total Revenue": "845,575", "Cost of Revenue": "569,084", "Gross Profit": "276,491", "Operating Expense": "202,823", "Operating Income": "73,668", "Net Non Operating Interest Income Expense": "-13,310", "Other Income Expense": "-45", "Pretax Income": "60,313", "Tax Provision": "12,364", "Net Income Common Stockholders": "47,949", "Diluted NI Available to Com Stockholders": "47,949", "Basic EPS": "1.68", "Diluted EPS": "1.64", "Basic Average Shares": "28,583", "Diluted Average Shares": "29,220", "Total Operating Income as Reported": "73,668", "Total Expenses": "771,907", "Net Income from Continuing & Discontinued Operation": "47,949", "Normalized Income": "47,949", "Interest Expense": "13,310", "Net Interest Income": "-13,310", "EBIT": "73,623", "EBITDA": "-", "Reconciled Cost of Revenue": "569,084", "Reconciled Depreciation": "52,474", "Net Income from Continuing Operation Net Minority Interest": "47,949", "Total Unusual Items Excluding Goodwill": "-", "Total Unusual Items": "-", "Normalized EBITDA": "126,097", "Tax Rate for Calcs": "0", "Tax Effect of Unusual Items": "0"}, "3/31/2019": {"Duration": "3/31/2019", "Total Revenue": "776,854", "Cost of Revenue": "525,420", "Gross Profit": "251,434", "Operating Expense": "187,112", "Operating Income": "64,322", "Net Non Operating Interest Income Expense": "-16,331", "Other Income Expense": "5", "Pretax Income": "47,996", "Tax Provision": "8,974", "Net Income Common Stockholders": "39,022", "Diluted NI Available to Com Stockholders": "39,022", "Basic EPS": "1.39", "Diluted EPS": "1.35", "Basic Average Shares": "28,092", "Diluted Average Shares": "28,813", "Total Operating Income as Reported": "64,322", "Total Expenses": "712,532", "Net Income from Continuing & Discontinued Operation": "39,022", "Normalized Income": "39,022", "Interest Expense": "16,331", "Net Interest Income": "-16,331", "EBIT": "64,327", "EBITDA": "-", "Reconciled Cost of Revenue": "525,420", "Reconciled Depreciation": "18,902", "Net Income from Continuing Operation Net Minority Interest": "39,022", "Total Unusual Items Excluding Goodwill": "-", "Total Unusual Items": "-", "Normalized EBITDA": "83,229", "Tax Rate for Calcs": "0", "Tax Effect of Unusual Items": "0"}, "3/31/2018": {"Duration": "3/31/2018", "Total Revenue": "677,949", "Cost of Revenue": "470,034", "Gross Profit": "207,915", "Operating Expense": "161,660", "Operating Income": "46,255", "Net Non Operating Interest Income Expense": "-15,076", "Other Income Expense": "-", "Pretax Income": "31,179", "Tax Provision": "2,300", "Net Income Common Stockholders": "28,879", "Diluted NI Available to Com Stockholders": "28,879", "Basic EPS": "1.08", "Diluted EPS": "1.05", "Basic Average Shares": "26,744", "Diluted Average Shares": "27,528", "Total Operating Income as Reported": "46,255", "Total Expenses": "631,694", "Net Income from Continuing & Discontinued Operation": "28,879", "Normalized Income": "28,879", "Interest Expense": "15,076", "Net Interest Income": "-15,076", "EBIT": "46,255", "EBITDA": "-", "Reconciled Cost of Revenue": "470,034", "Reconciled Depreciation": "17,128", "Net Income from Continuing Operation Net Minority Interest": "28,879", "Total Unusual Items Excluding Goodwill": "0", "Total Unusual Items": "0", "Normalized EBITDA": "63,383", "Tax Rate for Calcs": "0", "Tax Effect of Unusual Items": "0"}}, "bs": {"3/31/2020": {"Duration": "3/31/2020", "Total Assets": "924,711", "Total Liabilities Net Minority Interest": "603,018", "Total Equity Gross Minority Interest": "321,693", "Total Capitalization": "430,715", "Common Stock Equity": "321,693", "Capital Lease Obligations": "195,714", "Net Tangible Assets": "63,217", "Working Capital": "72,026", "Invested Capital": "560,615", "Tangible Book Value": "63,217", "Total Debt": "434,636", "Net Debt": "169,359", "Share Issued": "28,880", "Ordinary Shares Number": "28,809", "Treasury Shares Number": "71"}, "3/31/2019": {"Duration": "3/31/2019", "Total Assets": "636,075", "Total Liabilities Net Minority Interest": "371,911", "Total Equity Gross Minority Interest": "264,164", "Total Capitalization": "438,428", "Common Stock Equity": "264,164", "Capital Lease Obligations": "11,331", "Net Tangible Assets": "5,461", "Working Capital": "125,400", "Invested Capital": "438,428", "Tangible Book Value": "5,461", "Total Debt": "185,595", "Net Debt": "157,650", "Share Issued": "28,399", "Ordinary Shares Number": "28,348", "Treasury Shares Number": "51"}, "3/31/2018": {"Duration": "3/31/2018", "Total Assets": "587,941", "Total Liabilities Net Minority Interest": "373,335", "Total Equity Gross Minority Interest": "214,606", "Total Capitalization": "397,806", "Common Stock Equity": "214,606", "Capital Lease Obligations": "11,792", "Net Tangible Assets": "-41,872", "Working Capital": "90,129", "Invested Capital": "418,812", "Tangible Book Value": "-41,872", "Total Debt": "215,998", "Net Debt": "195,190", "Share Issued": "27,331", "Ordinary Shares Number": "27,300", "Treasury Shares Number": "31"}}, "cf": {"TTM": {"Duration": "TTM", "Operating Cash Flow": "25,317", "Investing Cash Flow": "-40,166", "Financing Cash Flow": "67,798", "End Cash Position": "69,563", "Income Tax Paid Supplemental Data": "13,391", "Interest Paid Supplemental Data": "11,958", "Capital Expenditure": "-37,195", "Issuance of Capital Stock": "-", "Issuance of Debt": "-", "Repayment of Debt": "-65,553", "Free Cash Flow": "-11,878"}, "3/31/2020": {"Duration": "3/31/2020", "Operating Cash Flow": "25,317", "Investing Cash Flow": "-40,166", "Financing Cash Flow": "67,798", "End Cash Position": "69,563", "Income Tax Paid Supplemental Data": "13,391", "Interest Paid Supplemental Data": "11,958", "Capital Expenditure": "-37,195", "Issuance of Capital Stock": "-", "Issuance of Debt": "-", "Repayment of Debt": "-65,553", "Free Cash Flow": "-11,878"}, "3/31/2019": {"Duration": "3/31/2019", "Operating Cash Flow": "63,260", "Investing Cash Flow": "-31,765", "Financing Cash Flow": "-23,897", "End Cash Position": "16,614", "Income Tax Paid Supplemental Data": "649", "Interest Paid Supplemental Data": "14,947", "Capital Expenditure": "-27,525", "Issuance of Capital Stock": "-", "Issuance of Debt": "-", "Repayment of Debt": "-10,554", "Free Cash Flow": "35,735"}, "3/31/2018": {"Duration": "3/31/2018", "Operating Cash Flow": "44,200", "Investing Cash Flow": "-23,553", "Financing Cash Flow": "-19,666", "End Cash Position": "9,016", "Income Tax Paid Supplemental Data": "614", "Interest Paid Supplemental Data": "13,743", "Capital Expenditure": "-24,418", "Issuance of Capital Stock": "-", "Issuance of Debt": "0", "Repayment of Debt": "-10,448", "Free Cash Flow": "19,782"}}}}, {"CHS": {"quote": {"03/21/2021": {"value": "3.6800", "Market Cap": "440.514M", "Beta (5Y Monthly)": "1.59", "PE Ratio (TTM)": "N/A", "EPS (TTM)": "-3.1100", "Earnings Date": "Jun 08, 2021 - Jun 14, 2021", "Forward Dividend & Yield": "N/A (N/A)", "Ex-Dividend Date": "Mar 13, 2020", "1y Target Est": "2.25"}}, "fin": {"TTM": {"Duration": "TTM", "Total Revenue": "1,324,051", "Cost of Revenue": "1,139,878", "Gross Profit": "184,173", "Operating Expense": "526,772", "Operating Income": "-342,599", "Net Non Operating Interest Income Expense": "-3,101", "Other Income Expense": "-114,344", "Pretax Income": "-460,044", "Tax Provision": "-99,900", "Net Income Common Stockholders": "-360,304", "Diluted NI Available to Com Stockholders": "-360,304", "Basic EPS": "-", "Diluted EPS": "-", "Basic Average Shares": "-", "Diluted Average Shares": "-", "Total Operating Income as Reported": "-456,943", "Total Expenses": "1,666,650", "Net Income from Continuing & Discontinued Operation": "-360,144", "Normalized Income": "-270,613", "Net Interest Income": "-3,101", "EBIT": "-342,599", "EBITDA": "-279,127", "Reconciled Cost of Revenue": "1,139,878", "Reconciled Depreciation": "63,472", "Net Income from Continuing Operation Net Minority Interest": "-360,144", "Total Unusual Items Excluding Goodwill": "-114,344", "Total Unusual Items": "-114,344", "Normalized EBITDA": "-164,783", "Tax Rate for Calcs": "0", "Tax Effect of Unusual Items": "-24,813"}, "1/31/2021": {"Duration": "1/31/2021", "Total Revenue": "1,324,051", "Cost of Revenue": "1,139,878", "Gross Profit": "184,173", "Operating Expense": "526,772", "Operating Income": "-342,599", "Net Non Operating Interest Income Expense": "-3,101", "Other Income Expense": "-114,344", "Pretax Income": "-460,044", "Tax Provision": "-99,900", "Net Income Common Stockholders": "-360,304", "Diluted NI Available to Com Stockholders": "-360,304", "Basic EPS": "-3.11", "Diluted EPS": "-3.11", "Basic Average Shares": "115,994", "Diluted Average Shares": "115,994", "Total Operating Income as Reported": "-456,943", "Total Expenses": "1,666,650", "Net Income from Continuing & Discontinued Operation": "-360,144", "Normalized Income": "-270,613", "Net Interest Income": "-3,101", "EBIT": "-342,599", "EBITDA": "-", "Reconciled Cost of Revenue": "1,139,878", "Reconciled Depreciation": "63,472", "Net Income from Continuing Operation Net Minority Interest": "-360,144", "Total Unusual Items Excluding Goodwill": "-114,344", "Total Unusual Items": "-114,344", "Normalized EBITDA": "-164,783", "Tax Rate for Calcs": "0", "Tax Effect of Unusual Items": "-24,813"}, "1/31/2020": {"Duration": "1/31/2020", "Total Revenue": "2,037,875", "Cost of Revenue": "1,335,997", "Gross Profit": "701,878", "Operating Expense": "713,951", "Operating Income": "-12,073", "Net Non Operating Interest Income Expense": "119", "Other Income Expense": "-", "Pretax Income": "-11,954", "Tax Provision": "800", "Net Income Common Stockholders": "-12,754", "Diluted NI Available to Com Stockholders": "-12,754", "Basic EPS": "-0.11", "Diluted EPS": "-0.11", "Basic Average Shares": "114,859", "Diluted Average Shares": "114,859", "Total Operating Income as Reported": "-12,073", "Total Expenses": "2,049,948", "Net Income from Continuing & Discontinued Operation": "-12,754", "Normalized Income": "-12,754", "Net Interest Income": "119", "EBIT": "-12,073", "EBITDA": "-", "Reconciled Cost of Revenue": "1,335,997", "Reconciled Depreciation": "88,411", "Net Income from Continuing Operation Net Minority Interest": "-12,754", "Total Unusual Items Excluding Goodwill": "-", "Total Unusual Items": "-", "Normalized EBITDA": "76,338", "Tax Rate for Calcs": "0", "Tax Effect of Unusual Items": "0"}, "1/31/2019": {"Duration": "1/31/2019", "Total Revenue": "2,131,140", "Cost of Revenue": "1,367,726", "Gross Profit": "763,414", "Operating Expense": "719,748", "Operating Income": "43,666", "Net Non Operating Interest Income Expense": "-353", "Other Income Expense": "-", "Pretax Income": "43,313", "Tax Provision": "7,700", "Net Income Common Stockholders": "34,734", "Diluted NI Available to Com Stockholders": "34,734", "Basic EPS": "0.28", "Diluted EPS": "0.28", "Basic Average Shares": "122,662", "Diluted Average Shares": "122,729", "Total Operating Income as Reported": "43,666", "Total Expenses": "2,087,474", "Net Income from Continuing & Discontinued Operation": "35,613", "Normalized Income": "35,613", "Net Interest Income": "-353", "EBIT": "43,666", "EBITDA": "-", "Reconciled Cost of Revenue": "1,367,726", "Reconciled Depreciation": "91,333", "Net Income from Continuing Operation Net Minority Interest": "35,613", "Total Unusual Items Excluding Goodwill": "0", "Total Unusual Items": "0", "Normalized EBITDA": "134,999", "Tax Rate for Calcs": "0", "Tax Effect of Unusual Items": "0"}}, "bs": {"1/31/2021": {"Duration": "1/31/2021", "Total Assets": "1,274,878", "Total Liabilities Net Minority Interest": "1,109,759", "Total Equity Gross Minority Interest": "165,119", "Total Capitalization": "314,119", "Common Stock Equity": "165,119", "Capital Lease Obligations": "710,348", "Net Tangible Assets": "143,759", "Working Capital": "-29,748", "Invested Capital": "314,119", "Tangible Book Value": "143,759", "Total Debt": "859,348", "Net Debt": "58,209", "Share Issued": "161,032", "Ordinary Shares Number": "119,735", "Treasury Shares Number": "41,297"}, "1/31/2020": {"Duration": "1/31/2020", "Total Assets": "1,542,659", "Total Liabilities Net Minority Interest": "1,012,567", "Total Equity Gross Minority Interest": "530,092", "Total Capitalization": "572,592", "Common Stock Equity": "530,092", "Capital Lease Obligations": "712,965", "Net Tangible Assets": "394,388", "Working Capital": "17,057", "Invested Capital": "572,592", "Tangible Book Value": "394,388", "Total Debt": "755,465", "Net Debt": "-", "Share Issued": "159,715", "Ordinary Shares Number": "118,418", "Treasury Shares Number": "41,297"}, "1/31/2019": {"Duration": "1/31/2019", "Total Assets": "1,007,034", "Total Liabilities Net Minority Interest": "427,070", "Total Equity Gross Minority Interest": "579,964", "Total Capitalization": "637,464", "Common Stock Equity": "579,964", "Capital Lease Obligations": "-", "Net Tangible Assets": "444,260", "Working Capital": "209,954", "Invested Capital": "637,464", "Tangible Book Value": "444,260", "Total Debt": "57,500", "Net Debt": "-", "Share Issued": "158,246", "Ordinary Shares Number": "116,949", "Treasury Shares Number": "41,297"}}, "cf": {"TTM": {"Duration": "TTM", "Operating Cash Flow": "-97,832", "Investing Cash Flow": "33,865", "Financing Cash Flow": "90,792", "End Cash Position": "90,791", "Income Tax Paid Supplemental Data": "-", "Interest Paid Supplemental Data": "7,670", "Capital Expenditure": "-11,360", "Issuance of Capital Stock": "412", "Issuance of Debt": "255,500", "Repayment of Debt": "-149,000", "Repurchase of Capital Stock": "0", "Free Cash Flow": "-109,192"}, "1/31/2021": {"Duration": "1/31/2021", "Operating Cash Flow": "-97,832", "Investing Cash Flow": "33,865", "Financing Cash Flow": "90,792", "End Cash Position": "90,791", "Income Tax Paid Supplemental Data": "-", "Interest Paid Supplemental Data": "7,670", "Capital Expenditure": "-11,360", "Issuance of Capital Stock": "412", "Issuance of Debt": "255,500", "Repayment of Debt": "-149,000", "Repurchase of Capital Stock": "0", "Free Cash Flow": "-109,192"}, "1/31/2020": {"Duration": "1/31/2020", "Operating Cash Flow": "33,344", "Investing Cash Flow": "-35,647", "Financing Cash Flow": "-57,586", "End Cash Position": "63,972", "Income Tax Paid Supplemental Data": "-", "Interest Paid Supplemental Data": "2,078", "Capital Expenditure": "-33,939", "Issuance of Capital Stock": "1,143", "Issuance of Debt": "0", "Repayment of Debt": "-15,000", "Repurchase of Capital Stock": "0", "Free Cash Flow": "-595"}, "1/31/2019": {"Duration": "1/31/2019", "Operating Cash Flow": "158,074", "Investing Cash Flow": "-55,873", "Financing Cash Flow": "-137,677", "End Cash Position": "124,128", "Income Tax Paid Supplemental Data": "22,697", "Interest Paid Supplemental Data": "3,272", "Capital Expenditure": "-54,187", "Issuance of Capital Stock": "1,548", "Issuance of Debt": "61,250", "Repayment of Debt": "-72,500", "Repurchase of Capital Stock": "-81,052", "Free Cash Flow": "103,887"}}}}, {"SCVL": {"quote": {"03/21/2021": {"value": "57.16", "Market Cap": "806.162M", "Beta (5Y Monthly)": "1.46", "PE Ratio (TTM)": "67.73", "EPS (TTM)": "0.84", "Earnings Date": "Mar 24, 2021", "Forward Dividend & Yield": "0.56 (0.98%)", "Ex-Dividend Date": "Jan 08, 2021", "1y Target Est": "55.00"}}, "fin": {"TTM": {"Duration": "TTM", "Total Revenue": "930,236", "Cost of Revenue": "662,043", "Gross Profit": "268,193", "Operating Expense": "252,853", "Operating Income": "15,340", "Net Non Operating Interest Income Expense": "277", "Pretax Income": "15,617", "Tax Provision": "2,766", "Net Income Common Stockholders": "12,832", "Average Dilution Earnings": "0", "Diluted NI Available to Com Stockholders": "12,832", "Basic EPS": "-", "Diluted EPS": "-", "Basic Average Shares": "-", "Diluted Average Shares": "-", "Total Operating Income as Reported": "15,340", "Total Expenses": "914,896", "Net Income from Continuing & Discontinued Operation": "12,851", "Normalized Income": "12,851", "Interest Income": "488", "Interest Expense": "211", "Net Interest Income": "277", "EBIT": "15,828", "EBITDA": "32,332", "Reconciled Cost of Revenue": "662,043", "Reconciled Depreciation": "16,504", "Net Income from Continuing Operation Net Minority Interest": "12,851", "Normalized EBITDA": "32,332", "Tax Rate for Calcs": "0", "Tax Effect of Unusual Items": "0"}, "1/31/2020": {"Duration": "1/31/2020", "Total Revenue": "1,036,551", "Cost of Revenue": "724,682", "Gross Profit": "311,869", "Operating Expense": "257,660", "Operating Income": "54,209", "Net Non Operating Interest Income Expense": "539", "Pretax Income": "54,748", "Tax Provision": "11,834", "Net Income Common Stockholders": "42,851", "Average Dilution Earnings": "1", "Diluted NI Available to Com Stockholders": "42,852", "Basic EPS": "2.97", "Diluted EPS": "2.92", "Basic Average Shares": "14,427", "Diluted Average Shares": "14,686", "Total Operating Income as Reported": "54,209", "Total Expenses": "982,342", "Net Income from Continuing & Discontinued Operation": "42,914", "Normalized Income": "42,914", "Interest Income": "730", "Interest Expense": "191", "Net Interest Income": "539", "EBIT": "54,939", "EBITDA": "-", "Reconciled Cost of Revenue": "724,682", "Reconciled Depreciation": "16,950", "Net Income from Continuing Operation Net Minority Interest": "42,914", "Normalized EBITDA": "71,889", "Tax Rate for Calcs": "0", "Tax Effect of Unusual Items": "0"}, "1/31/2019": {"Duration": "1/31/2019", "Total Revenue": "1,029,650", "Cost of Revenue": "720,658", "Gross Profit": "308,992", "Operating Expense": "259,232", "Operating Income": "49,760", "Net Non Operating Interest Income Expense": "597", "Pretax Income": "50,357", "Tax Provision": "12,222", "Net Income Common Stockholders": "37,983", "Average Dilution Earnings": "4", "Diluted NI Available to Com Stockholders": "37,987", "Basic EPS": "2.51", "Diluted EPS": "2.45", "Basic Average Shares": "15,111", "Diluted Average Shares": "15,499", "Total Operating Income as Reported": "49,760", "Total Expenses": "979,890", "Net Income from Continuing & Discontinued Operation": "38,135", "Normalized Income": "38,135", "Interest Income": "747", "Interest Expense": "150", "Net Interest Income": "597", "EBIT": "50,507", "EBITDA": "-", "Reconciled Cost of Revenue": "720,658", "Reconciled Depreciation": "21,843", "Net Income from Continuing Operation Net Minority Interest": "38,135", "Normalized EBITDA": "72,350", "Tax Rate for Calcs": "0", "Tax Effect of Unusual Items": "0"}}, "bs": {"1/31/2020": {"Duration": "1/31/2020", "Total Assets": "628,374", "Total Liabilities Net Minority Interest": "331,011", "Total Equity Gross Minority Interest": "297,363", "Total Capitalization": "297,363", "Common Stock Equity": "297,363", "Capital Lease Obligations": "237,254", "Net Tangible Assets": "297,363", "Working Capital": "207,141", "Invested Capital": "297,363", "Tangible Book Value": "297,363", "Total Debt": "237,254", "Share Issued": "20,525", "Ordinary Shares Number": "14,008", "Treasury Shares Number": "6,517"}, "1/31/2019": {"Duration": "1/31/2019", "Total Assets": "417,999", "Total Liabilities Net Minority Interest": "113,566", "Total Equity Gross Minority Interest": "304,433", "Total Capitalization": "304,433", "Common Stock Equity": "304,433", "Capital Lease Obligations": "-", "Net Tangible Assets": "304,433", "Working Capital": "266,529", "Invested Capital": "304,433", "Tangible Book Value": "304,433", "Total Debt": "-", "Share Issued": "20,529", "Ordinary Shares Number": "15,375", "Treasury Shares Number": "5,154"}}, "cf": {"TTM": {"Duration": "TTM", "Operating Cash Flow": "33,397", "Investing Cash Flow": "-11,550", "Financing Cash Flow": "-30,379", "End Cash Position": "13,084", "Income Tax Paid Supplemental Data": "14,270", "Interest Paid Supplemental Data": "200", "Capital Expenditure": "-12,491", "Issuance of Capital Stock": "182", "Issuance of Debt": "28,691", "Repayment of Debt": "-28,691", "Repurchase of Capital Stock": "-23,756", "Free Cash Flow": "20,906"}, "1/31/2020": {"Duration": "1/31/2020", "Operating Cash Flow": "66,946", "Investing Cash Flow": "-17,751", "Financing Cash Flow": "-54,317", "End Cash Position": "61,899", "Income Tax Paid Supplemental Data": "9,805", "Interest Paid Supplemental Data": "192", "Capital Expenditure": "-18,501", "Issuance of Capital Stock": "182", "Issuance of Debt": "20,000", "Repayment of Debt": "-20,000", "Repurchase of Capital Stock": "-37,768", "Free Cash Flow": "48,445"}, "1/31/2019": {"Duration": "1/31/2019", "Operating Cash Flow": "74,141", "Investing Cash Flow": "-4,415", "Financing Cash Flow": "-50,959", "End Cash Position": "67,021", "Income Tax Paid Supplemental Data": "13,419", "Interest Paid Supplemental Data": "150", "Capital Expenditure": "-7,413", "Issuance of Capital Stock": "177", "Issuance of Debt": "0", "Repayment of Debt": "0", "Repurchase of Capital Stock": "-46,046", "Free Cash Flow": "66,728"}}}}, {"CTRN": {"quote": {"03/21/2021": {"value": "95.09", "Market Cap": "964.118M", "Beta (5Y Monthly)": "1.65", "PE Ratio (TTM)": "40.99", "EPS (TTM)": "2.32", "Earnings Date": "May 26, 2021 - May 31, 2021", "Forward Dividend & Yield": "N/A (N/A)", "Ex-Dividend Date": "Mar 02, 2020", "1y Target Est": "112.50"}}, "fin": {"TTM": {"Duration": "TTM", "Total Revenue": "-", "Cost of Revenue": "-", "Gross Profit": "-", "Operating Expense": "-", "Operating Income": "-", "Net Non Operating Interest Income Expense": "-", "Other Income Expense": "-", "Pretax Income": "-", "Tax Provision": "-", "Net Income Common Stockholders": "-", "Diluted NI Available to Com Stockholders": "-", "Basic EPS": "-", "Diluted EPS": "-", "Basic Average Shares": "-", "Diluted Average Shares": "-", "Total Operating Income as Reported": "-", "Total Expenses": "-", "Net Income from Continuing & Discontinued Operation": "-", "Normalized Income": "-", "Interest Income": "-", "Interest Expense": "-", "Net Interest Income": "-", "EBIT": "-", "Reconciled Cost of Revenue": "-", "Reconciled Depreciation": "-", "Net Income from Continuing Operation Net Minority Interest": "-", "Total Unusual Items Excluding Goodwill": "-", "Total Unusual Items": "-", "Normalized EBITDA": "-", "Tax Rate for Calcs": "-", "Tax Effect of Unusual Items": "-"}, "1/31/2020": {"Duration": "1/31/2020", "Total Revenue": "781,925", "Cost of Revenue": "484,740", "Gross Profit": "297,185", "Operating Expense": "278,164", "Operating Income": "19,021", "Net Non Operating Interest Income Expense": "1,419", "Other Income Expense": "-472", "Pretax Income": "19,968", "Tax Provision": "3,465", "Net Income Common Stockholders": "16,503", "Diluted NI Available to Com Stockholders": "16,503", "Basic EPS": "1.41", "Diluted EPS": "1.41", "Basic Average Shares": "11,674", "Diluted Average Shares": "11,699", "Total Operating Income as Reported": "18,549", "Total Expenses": "762,904", "Net Income from Continuing & Discontinued Operation": "16,503", "Normalized Income": "16,893", "Interest Income": "1,577", "Interest Expense": "158", "Net Interest Income": "1,419", "EBIT": "20,126", "Reconciled Cost of Revenue": "484,740", "Reconciled Depreciation": "18,535", "Net Income from Continuing Operation Net Minority Interest": "16,503", "Total Unusual Items Excluding Goodwill": "-472", "Total Unusual Items": "-472", "Normalized EBITDA": "39,133", "Tax Rate for Calcs": "0", "Tax Effect of Unusual Items": "-81.905"}, "1/31/2019": {"Duration": "1/31/2019", "Total Revenue": "769,553", "Cost of Revenue": "476,326", "Gross Profit": "293,227", "Operating Expense": "266,824", "Operating Income": "26,403", "Net Non Operating Interest Income Expense": "1,199", "Other Income Expense": "-1,274", "Pretax Income": "26,328", "Tax Provision": "4,954", "Net Income Common Stockholders": "21,374", "Diluted NI Available to Com Stockholders": "21,374", "Basic EPS": "1.64", "Diluted EPS": "1.64", "Basic Average Shares": "13,030", "Diluted Average Shares": "13,070", "Total Operating Income as Reported": "25,129", "Total Expenses": "743,150", "Net Income from Continuing & Discontinued Operation": "21,374", "Normalized Income": "22,408", "Interest Income": "1,353", "Interest Expense": "154", "Net Interest Income": "1,199", "EBIT": "26,482", "Reconciled Cost of Revenue": "476,326", "Reconciled Depreciation": "18,886", "Net Income from Continuing Operation Net Minority Interest": "21,374", "Total Unusual Items Excluding Goodwill": "-1,274", "Total Unusual Items": "-1,274", "Normalized EBITDA": "46,642", "Tax Rate for Calcs": "0", "Tax Effect of Unusual Items": "-239.512"}}, "bs": {"1/31/2020": {"Duration": "1/31/2020", "Total Assets": "459,145", "Total Liabilities Net Minority Interest": "288,101", "Total Equity Gross Minority Interest": "171,044", "Total Capitalization": "171,044", "Common Stock Equity": "171,044", "Capital Lease Obligations": "178,260", "Net Tangible Assets": "171,044", "Working Capital": "50,345", "Invested Capital": "171,044", "Tangible Book Value": "171,044", "Total Debt": "178,260", "Share Issued": "15,908", "Ordinary Shares Number": "10,834", "Treasury Shares Number": "5,074"}, "1/31/2019": {"Duration": "1/31/2019", "Total Assets": "297,989", "Total Liabilities Net Minority Interest": "110,564", "Total Equity Gross Minority Interest": "187,425", "Total Capitalization": "187,425", "Common Stock Equity": "187,425", "Capital Lease Obligations": "-", "Net Tangible Assets": "187,425", "Working Capital": "123,229", "Invested Capital": "187,425", "Tangible Book Value": "187,425", "Total Debt": "-", "Share Issued": "15,828", "Ordinary Shares Number": "12,158", "Treasury Shares Number": "3,669"}}, "cf": {"TTM": {"Duration": "TTM", "Operating Cash Flow": "-", "Investing Cash Flow": "-", "Financing Cash Flow": "-", "End Cash Position": "-", "Income Tax Paid Supplemental Data": "-", "Interest Paid Supplemental Data": "-", "Capital Expenditure": "-", "Repurchase of Capital Stock": "-", "Free Cash Flow": "-"}, "1/31/2020": {"Duration": "1/31/2020", "Operating Cash Flow": "42,609", "Investing Cash Flow": "-7,606", "Financing Cash Flow": "-32,943", "End Cash Position": "19,923", "Income Tax Paid Supplemental Data": "4,477", "Interest Paid Supplemental Data": "127", "Capital Expenditure": "-24,175", "Repurchase of Capital Stock": "-28,445", "Free Cash Flow": "18,434"}, "1/31/2019": {"Duration": "1/31/2019", "Operating Cash Flow": "30,410", "Investing Cash Flow": "-15,343", "Financing Cash Flow": "-45,655", "End Cash Position": "17,863", "Income Tax Paid Supplemental Data": "7,237", "Interest Paid Supplemental Data": "127", "Capital Expenditure": "-13,256", "Repurchase of Capital Stock": "-40,400", "Free Cash Flow": "17,154"}}}}, {"PLCE": {"quote": {"03/21/2021": {"value": "79.20", "Market Cap": "1.155B", "Beta (5Y Monthly)": "2.33", "PE Ratio (TTM)": "N/A", "EPS (TTM)": "-9.59", "Earnings Date": "Jun 09, 2021 - Jun 14, 2021", "Forward Dividend & Yield": "N/A (N/A)", "Ex-Dividend Date": "Dec 13, 2019", "1y Target Est": "66.33"}}, "fin": {"TTM": {"Duration": "TTM", "Total Revenue": "1,522,598", "Cost of Revenue": "1,189,347", "Gross Profit": "333,251", "Operating Expense": "494,639", "Operating Income": "-161,388", "Net Non Operating Interest Income Expense": "-11,843", "Other Income Expense": "-38,527", "Pretax Income": "-211,758", "Tax Provision": "-71,393", "Net Income Common Stockholders": "-140,365", "Diluted NI Available to Com Stockholders": "-140,365", "Basic EPS": "-", "Diluted EPS": "-", "Basic Average Shares": "-", "Diluted Average Shares": "-", "Total Operating Income as Reported": "-199,915", "Total Expenses": "1,683,986", "Net Income from Continuing & Discontinued Operation": "-140,365", "Normalized Income": "-114,827", "Interest Income": "-", "Interest Expense": "-", "Net Interest Income": "-11,843", "EBIT": "-161,388", "EBITDA": "-94,983", "Reconciled Cost of Revenue": "1,189,347", "Reconciled Depreciation": "66,405", "Net Income from Continuing Operation Net Minority Interest": "-140,365", "Total Unusual Items Excluding Goodwill": "-38,527", "Total Unusual Items": "-38,527", "Normalized EBITDA": "-56,456", "Tax Rate for Calcs": "0", "Tax Effect of Unusual Items": "-12,989"}, "1/31/2021": {"Duration": "1/31/2021", "Total Revenue": "1,522,598", "Cost of Revenue": "1,189,347", "Gross Profit": "333,251", "Operating Expense": "494,639", "Operating Income": "-161,388", "Net Non Operating Interest Income Expense": "-11,843", "Other Income Expense": "-38,527", "Pretax Income": "-211,758", "Tax Provision": "-71,393", "Net Income Common Stockholders": "-140,365", "Diluted NI Available to Com Stockholders": "-140,365", "Basic EPS": "-9.59", "Diluted EPS": "-9.59", "Basic Average Shares": "14,631", "Diluted Average Shares": "14,631", "Total Operating Income as Reported": "-199,915", "Total Expenses": "1,683,986", "Net Income from Continuing & Discontinued Operation": "-140,365", "Normalized Income": "-114,827", "Interest Income": "-", "Interest Expense": "-", "Net Interest Income": "-11,843", "EBIT": "-161,388", "EBITDA": "-", "Reconciled Cost of Revenue": "1,189,347", "Reconciled Depreciation": "66,405", "Net Income from Continuing Operation Net Minority Interest": "-140,365", "Total Unusual Items Excluding Goodwill": "-38,527", "Total Unusual Items": "-38,527", "Normalized EBITDA": "-56,456", "Tax Rate for Calcs": "0", "Tax Effect of Unusual Items": "-12,989"}, "1/31/2020": {"Duration": "1/31/2020", "Total Revenue": "1,870,667", "Cost of Revenue": "1,215,362", "Gross Profit": "655,305", "Operating Expense": "552,908", "Operating Income": "102,397", "Net Non Operating Interest Income Expense": "-7,941", "Other Income Expense": "-6,039", "Pretax Income": "88,417", "Tax Provision": "15,117", "Net Income Common Stockholders": "73,300", "Diluted NI Available to Com Stockholders": "73,300", "Basic EPS": "4.71", "Diluted EPS": "4.68", "Basic Average Shares": "15,547", "Diluted Average Shares": "15,653", "Total Operating Income as Reported": "96,358", "Total Expenses": "1,768,270", "Net Income from Continuing & Discontinued Operation": "73,300", "Normalized Income": "78,306", "Interest Income": "253", "Interest Expense": "8,194", "Net Interest Income": "-7,941", "EBIT": "96,611", "EBITDA": "-", "Reconciled Cost of Revenue": "1,066,356", "Reconciled Depreciation": "223,794", "Net Income from Continuing Operation Net Minority Interest": "73,300", "Total Unusual Items Excluding Goodwill": "-6,039", "Total Unusual Items": "-6,039", "Normalized EBITDA": "326,444", "Tax Rate for Calcs": "0", "Tax Effect of Unusual Items": "-1,033"}, "1/31/2019": {"Duration": "1/31/2019", "Total Revenue": "1,938,084", "Cost of Revenue": "1,254,488", "Gross Profit": "683,596", "Operating Expense": "566,172", "Operating Income": "117,424", "Net Non Operating Interest Income Expense": "-2,804", "Other Income Expense": "-6,096", "Pretax Income": "108,524", "Tax Provision": "7,564", "Net Income Common Stockholders": "100,960", "Diluted NI Available to Com Stockholders": "100,960", "Basic EPS": "6.10", "Diluted EPS": "6.01", "Basic Average Shares": "16,542", "Diluted Average Shares": "16,805", "Total Operating Income as Reported": "111,328", "Total Expenses": "1,820,660", "Net Income from Continuing & Discontinued Operation": "100,960", "Normalized Income": "106,629", "Interest Income": "730", "Interest Expense": "3,534", "Net Interest Income": "-2,804", "EBIT": "112,058", "EBITDA": "-", "Reconciled Cost of Revenue": "1,254,488", "Reconciled Depreciation": "68,884", "Net Income from Continuing Operation Net Minority Interest": "100,960", "Total Unusual Items Excluding Goodwill": "-6,096", "Total Unusual Items": "-6,096", "Normalized EBITDA": "187,038", "Tax Rate for Calcs": "0", "Tax Effect of Unusual Items": "-426.72"}}, "bs": {"1/31/2021": {"Duration": "1/31/2021", "Total Assets": "1,136,712", "Total Liabilities Net Minority Interest": "1,043,335", "Total Equity Gross Minority Interest": "93,377", "Total Capitalization": "168,723", "Common Stock Equity": "93,377", "Capital Lease Obligations": "398,294", "Net Tangible Assets": "20,885", "Working Capital": "-167,074", "Invested Capital": "245,124", "Tangible Book Value": "20,885", "Total Debt": "643,418", "Net Debt": "181,576", "Share Issued": "14,587", "Ordinary Shares Number": "14,587", "Treasury Shares Number": "-"}, "1/31/2020": {"Duration": "1/31/2020", "Total Assets": "1,181,397", "Total Liabilities Net Minority Interest": "946,210", "Total Equity Gross Minority Interest": "235,187", "Total Capitalization": "235,187", "Common Stock Equity": "235,187", "Capital Lease Obligations": "433,776", "Net Tangible Assets": "159,723", "Working Capital": "-145,127", "Invested Capital": "405,995", "Tangible Book Value": "159,723", "Total Debt": "604,584", "Net Debt": "102,321", "Share Issued": "14,762", "Ordinary Shares Number": "14,711", "Treasury Shares Number": "51"}, "1/31/2019": {"Duration": "1/31/2019", "Total Assets": "727,046", "Total Liabilities Net Minority Interest": "412,609", "Total Equity Gross Minority Interest": "314,437", "Total Capitalization": "314,437", "Common Stock Equity": "314,437", "Capital Lease Obligations": "-", "Net Tangible Assets": "314,437", "Working Capital": "103,996", "Invested Capital": "363,298", "Tangible Book Value": "314,437", "Total Debt": "48,861", "Net Debt": "-", "Share Issued": "15,874", "Ordinary Shares Number": "15,827", "Treasury Shares Number": "47"}}}}, {"CATO": {"quote": {"03/21/2021": {"value": "11.63", "Market Cap": "266.724M", "Beta (5Y Monthly)": "0.98", "PE Ratio (TTM)": "N/A", "EPS (TTM)": "-1.96", "Earnings Date": "May 19, 2021 - May 24, 2021", "Forward Dividend & Yield": "N/A (N/A)", "Ex-Dividend Date": "Mar 06, 2020", "1y Target Est": "N/A"}}, "fin": {"TTM": {"Duration": "TTM", "Total Revenue": "610,572", "Cost of Revenue": "449,565", "Gross Profit": "161,007", "Operating Expense": "230,464", "Operating Income": "-69,457", "Net Non Operating Interest Income Expense": "4,037", "Other Income Expense": "-", "Pretax Income": "-64,309", "Tax Provision": "-21,889", "Net Income Common Stockholders": "-40,604", "Diluted NI Available to Com Stockholders": "-40,604", "Basic EPS": "-", "Diluted EPS": "-", "Basic Average Shares": "-", "Diluted Average Shares": "-", "Total Expenses": "680,029", "Net Income from Continuing & Discontinued Operation": "-42,420", "Normalized Income": "-42,420", "Interest Income": "4,066", "Interest Expense": "-", "Net Interest Income": "4,037", "EBIT": "-63,392", "EBITDA": "-48,317", "Reconciled Cost of Revenue": "449,565", "Reconciled Depreciation": "15,075", "Net Income from Continuing Operation Net Minority Interest": "-42,420", "Total Unusual Items Excluding Goodwill": "-", "Total Unusual Items": "-", "Normalized EBITDA": "-48,317", "Tax Rate for Calcs": "0", "Tax Effect of Unusual Items": "0"}, "1/31/2020": {"Duration": "1/31/2020", "Total Revenue": "825,335", "Cost of Revenue": "508,906", "Gross Profit": "316,429", "Operating Expense": "279,258", "Operating Income": "37,171", "Net Non Operating Interest Income Expense": "4,925", "Other Income Expense": "1,111", "Pretax Income": "43,207", "Tax Provision": "7,310", "Net Income Common Stockholders": "34,617", "Diluted NI Available to Com Stockholders": "34,617", "Basic EPS": "1.46", "Diluted EPS": "1.46", "Basic Average Shares": "24,587", "Diluted Average Shares": "24,587", "Total Expenses": "788,164", "Net Income from Continuing & Discontinued Operation": "35,897", "Normalized Income": "35,563", "Interest Income": "4,954", "Interest Expense": "29", "Net Interest Income": "4,925", "EBIT": "43,236", "EBITDA": "-", "Reconciled Cost of Revenue": "508,906", "Reconciled Depreciation": "15,485", "Net Income from Continuing Operation Net Minority Interest": "35,897", "Total Unusual Items Excluding Goodwill": "402", "Total Unusual Items": "402", "Normalized EBITDA": "58,319", "Tax Rate for Calcs": "0", "Tax Effect of Unusual Items": "67.938"}, "1/31/2019": {"Duration": "1/31/2019", "Total Revenue": "829,664", "Cost of Revenue": "522,535", "Gross Profit": "307,129", "Operating Expense": "278,973", "Operating Income": "28,156", "Net Non Operating Interest Income Expense": "3,797", "Other Income Expense": "1,098", "Pretax Income": "33,051", "Tax Provision": "2,590", "Net Income Common Stockholders": "29,599", "Diluted NI Available to Com Stockholders": "29,599", "Basic EPS": "1.23", "Diluted EPS": "1.23", "Basic Average Shares": "24,765", "Diluted Average Shares": "24,765", "Total Expenses": "801,508", "Net Income from Continuing & Discontinued Operation": "30,461", "Normalized Income": "30,471", "Interest Income": "3,893", "Interest Expense": "96", "Net Interest Income": "3,797", "EBIT": "33,147", "EBITDA": "-", "Reconciled Cost of Revenue": "522,535", "Reconciled Depreciation": "16,463", "Net Income from Continuing Operation Net Minority Interest": "30,461", "Total Unusual Items Excluding Goodwill": "-11", "Total Unusual Items": "-11", "Normalized EBITDA": "49,621", "Tax Rate for Calcs": "0", "Tax Effect of Unusual Items": "-0.858"}}, "bs": {"1/31/2020": {"Duration": "1/31/2020", "Total Assets": "684,976", "Total Liabilities Net Minority Interest": "368,462", "Total Equity Gross Minority Interest": "316,514", "Total Capitalization": "316,514", "Common Stock Equity": "316,514", "Capital Lease Obligations": "210,333", "Net Tangible Assets": "316,514", "Working Capital": "163,495", "Invested Capital": "316,514", "Tangible Book Value": "316,514", "Total Debt": "210,333", "Share Issued": "24,299", "Ordinary Shares Number": "24,299"}, "1/31/2019": {"Duration": "1/31/2019", "Total Assets": "497,906", "Total Liabilities Net Minority Interest": "181,070", "Total Equity Gross Minority Interest": "316,836", "Total Capitalization": "316,836", "Common Stock Equity": "316,836", "Capital Lease Obligations": "-", "Net Tangible Assets": "316,836", "Working Capital": "229,502", "Invested Capital": "316,836", "Tangible Book Value": "316,836", "Total Debt": "-", "Share Issued": "24,602", "Ordinary Shares Number": "24,602"}}, "cf": {"TTM": {"Duration": "TTM", "Operating Cash Flow": "-21,975", "Investing Cash Flow": "57,503", "Financing Cash Flow": "-36,985", "End Cash Position": "21,914", "Capital Expenditure": "-14,588", "Issuance of Debt": "34,000", "Repayment of Debt": "-34,000", "Repurchase of Capital Stock": "-21,396", "Free Cash Flow": "-36,563"}, "1/31/2020": {"Duration": "1/31/2020", "Operating Cash Flow": "53,396", "Investing Cash Flow": "-22,633", "Financing Cash Flow": "-41,571", "End Cash Position": "14,401", "Capital Expenditure": "-8,306", "Issuance of Debt": "0", "Repayment of Debt": "0", "Repurchase of Capital Stock": "-9,605", "Free Cash Flow": "45,090"}, "1/31/2019": {"Duration": "1/31/2019", "Operating Cash Flow": "60,244", "Investing Cash Flow": "-71,137", "Financing Cash Flow": "-45,162", "End Cash Position": "25,209", "Capital Expenditure": "-4,354", "Issuance of Debt": "0", "Repayment of Debt": "0", "Repurchase of Capital Stock": "-13,344", "Free Cash Flow": "55,890"}}}}, {"NWY": {"quote": {"03/21/2021": {"value": "", "Net Assets": "N/A", "Beta (5Y Monthly)": "N/A", "Yield": "N/A", "5y Average Return": "N/A", "Holdings Turnover": "N/A", "Last Dividend": "N/A", "Average for Category": "N/A", "Inception Date": "N/A"}}, "fin": {}, "bs": {}, "cf": {}}}, {"DXLG": {"quote": {"03/21/2021": {"value": "0.8563", "Market Cap": "44.425M", "Beta (5Y Monthly)": "1.41", "PE Ratio (TTM)": "N/A", "EPS (TTM)": "-1.2600", "Earnings Date": "Jun 02, 2021 - Jun 07, 2021", "Forward Dividend & Yield": "N/A (N/A)", "Ex-Dividend Date": "N/A", "1y Target Est": "N/A"}}, "fin": {"TTM": {"Duration": "TTM", "Total Revenue": "318,946", "Cost of Revenue": "214,081", "Gross Profit": "104,865", "Operating Expense": "150,539", "Operating Income": "-45,674", "Net Non Operating Interest Income Expense": "-3,917", "Other Income Expense": "-14,841", "Pretax Income": "-64,432", "Tax Provision": "106", "Net Income Common Stockholders": "-64,538", "Diluted NI Available to Com Stockholders": "-64,538", "Basic EPS": "-", "Diluted EPS": "-", "Basic Average Shares": "-", "Diluted Average Shares": "-", "Total Operating Income as Reported": "-60,515", "Total Expenses": "364,620", "Net Income from Continuing & Discontinued Operation": "-64,538", "Normalized Income": "-55,633", "Interest Expense": "3,917", "Net Interest Income": "-3,917", "EBIT": "-60,515", "EBITDA": "-39,038", "Reconciled Cost of Revenue": "214,081", "Reconciled Depreciation": "21,477", "Net Income from Continuing Operation Net Minority Interest": "-64,538", "Total Unusual Items Excluding Goodwill": "-14,841", "Total Unusual Items": "-14,841", "Normalized EBITDA": "-24,197", "Tax Rate for Calcs": "0", "Tax Effect of Unusual Items": "-5,936"}, "1/31/2021": {"Duration": "1/31/2021", "Total Revenue": "318,946", "Cost of Revenue": "214,081", "Gross Profit": "104,865", "Operating Expense": "150,539", "Operating Income": "-45,674", "Net Non Operating Interest Income Expense": "-3,917", "Other Income Expense": "-14,841", "Pretax Income": "-64,432", "Tax Provision": "106", "Net Income Common Stockholders": "-64,538", "Diluted NI Available to Com Stockholders": "-64,538", "Basic EPS": "-", "Diluted EPS": "-", "Basic Average Shares": "-", "Diluted Average Shares": "-", "Total Operating Income as Reported": "-60,515", "Total Expenses": "364,620", "Net Income from Continuing & Discontinued Operation": "-64,538", "Normalized Income": "-55,633", "Interest Expense": "3,917", "Net Interest Income": "-3,917", "EBIT": "-60,515", "EBITDA": "-", "Reconciled Cost of Revenue": "214,081", "Reconciled Depreciation": "21,477", "Net Income from Continuing Operation Net Minority Interest": "-64,538", "Total Unusual Items Excluding Goodwill": "-14,841", "Total Unusual Items": "-14,841", "Normalized EBITDA": "-24,197", "Tax Rate for Calcs": "0", "Tax Effect of Unusual Items": "-5,936"}, "1/31/2020": {"Duration": "1/31/2020", "Total Revenue": "474,038", "Cost of Revenue": "269,837", "Gross Profit": "204,201", "Operating Expense": "205,226", "Operating Income": "-1,025", "Net Non Operating Interest Income Expense": "-3,297", "Other Income Expense": "-3,369", "Pretax Income": "-7,691", "Tax Provision": "105", "Net Income Common Stockholders": "-7,796", "Diluted NI Available to Com Stockholders": "-7,796", "Basic EPS": "-0.16", "Diluted EPS": "-0.16", "Basic Average Shares": "49,992", "Diluted Average Shares": "49,992", "Total Operating Income as Reported": "-4,394", "Total Expenses": "475,063", "Net Income from Continuing & Discontinued Operation": "-7,796", "Normalized Income": "-5,337", "Interest Expense": "3,297", "Net Interest Income": "-3,297", "EBIT": "-4,394", "EBITDA": "-", "Reconciled Cost of Revenue": "269,837", "Reconciled Depreciation": "24,563", "Net Income from Continuing Operation Net Minority Interest": "-7,796", "Total Unusual Items Excluding Goodwill": "-3,369", "Total Unusual Items": "-3,369", "Normalized EBITDA": "23,538", "Tax Rate for Calcs": "0", "Tax Effect of Unusual Items": "-909.63"}, "1/31/2019": {"Duration": "1/31/2019", "Total Revenue": "473,756", "Cost of Revenue": "262,467", "Gross Profit": "211,289", "Operating Expense": "212,521", "Operating Income": "-1,232", "Net Non Operating Interest Income Expense": "-3,462", "Other Income Expense": "-8,887", "Pretax Income": "-13,581", "Tax Provision": "-50", "Net Income Common Stockholders": "-13,531", "Diluted NI Available to Com Stockholders": "-13,531", "Basic EPS": "-0.28", "Diluted EPS": "-0.28", "Basic Average Shares": "49,163", "Diluted Average Shares": "49,163", "Total Operating Income as Reported": "-10,119", "Total Expenses": "474,988", "Net Income from Continuing & Discontinued Operation": "-13,531", "Normalized Income": "-4,677", "Interest Expense": "3,462", "Net Interest Income": "-3,462", "EBIT": "-10,119", "EBITDA": "-", "Reconciled Cost of Revenue": "262,467", "Reconciled Depreciation": "28,653", "Net Income from Continuing Operation Net Minority Interest": "-13,531", "Total Unusual Items Excluding Goodwill": "-8,887", "Total Unusual Items": "-8,887", "Normalized EBITDA": "27,421", "Tax Rate for Calcs": "0", "Tax Effect of Unusual Items": "-32.7185"}}, "bs": {"1/31/2021": {"Duration": "1/31/2021", "Total Assets": "306,755", "Total Liabilities Net Minority Interest": "310,832", "Total Equity Gross Minority Interest": "-4,077", "Total Capitalization": "10,792", "Common Stock Equity": "-4,077", "Capital Lease Obligations": "179,417", "Net Tangible Assets": "-5,227", "Working Capital": "-2,416", "Invested Capital": "74,390", "Tangible Book Value": "-5,227", "Total Debt": "253,807", "Net Debt": "55,393", "Share Issued": "51,880", "Ordinary Shares Number": "51,880", "Treasury Shares Number": "-"}, "1/31/2020": {"Duration": "1/31/2020", "Total Assets": "390,917", "Total Liabilities Net Minority Interest": "332,494", "Total Equity Gross Minority Interest": "58,423", "Total Capitalization": "73,236", "Common Stock Equity": "58,423", "Capital Lease Obligations": "223,227", "Net Tangible Assets": "57,273", "Working Capital": "-6,503", "Invested Capital": "112,537", "Tangible Book Value": "57,273", "Total Debt": "277,341", "Net Debt": "49,776", "Share Issued": "63,298", "Ordinary Shares Number": "50,542", "Treasury Shares Number": "12,756"}, "1/31/2019": {"Duration": "1/31/2019", "Total Assets": "226,076", "Total Liabilities Net Minority Interest": "167,436", "Total Equity Gross Minority Interest": "58,640", "Total Capitalization": "73,397", "Common Stock Equity": "58,640", "Capital Lease Obligations": "-", "Net Tangible Assets": "57,490", "Working Capital": "19,729", "Invested Capital": "115,305", "Tangible Book Value": "57,490", "Total Debt": "56,665", "Net Debt": "51,797", "Share Issued": "62,242", "Ordinary Shares Number": "49,486", "Treasury Shares Number": "12,756"}}, "cf": {"TTM": {"Duration": "TTM", "Operating Cash Flow": "-", "Investing Cash Flow": "-", "Financing Cash Flow": "-", "End Cash Position": "-", "Capital Expenditure": "-", "Issuance of Debt": "-", "Repayment of Debt": "-", "Repurchase of Capital Stock": "-", "Free Cash Flow": "-"}, "1/31/2020": {"Duration": "1/31/2020", "Operating Cash Flow": "15,803", "Investing Cash Flow": "-13,399", "Financing Cash Flow": "-2,934", "End Cash Position": "4,338", "Capital Expenditure": "-13,399", "Issuance of Debt": "0", "Repayment of Debt": "-2,690", "Repurchase of Capital Stock": "0", "Free Cash Flow": "2,404"}, "1/31/2019": {"Duration": "1/31/2019", "Operating Cash Flow": "15,741", "Investing Cash Flow": "-12,961", "Financing Cash Flow": "-3,274", "End Cash Position": "4,868", "Capital Expenditure": "-12,961", "Issuance of Debt": "15,000", "Repayment of Debt": "-17,585", "Repurchase of Capital Stock": "0", "Free Cash Flow": "2,780"}}}}, {"EXPR": {"quote": {"03/21/2021": {"value": "5.33", "Market Cap": "346.296M", "Beta (5Y Monthly)": "1.93", "PE Ratio (TTM)": "N/A", "EPS (TTM)": "-6.27", "Earnings Date": "Jun 01, 2021 - Jun 07, 2021", "Forward Dividend & Yield": "N/A (N/A)", "Ex-Dividend Date": "Dec 14, 2010", "1y Target Est": "2.92"}}, "fin": {"TTM": {"Duration": "TTM", "Total Revenue": "1,208,374", "Cost of Revenue": "1,213,281", "Gross Profit": "-4,907", "Operating Expense": "450,308", "Operating Income": "1,615", "Net Non Operating Interest Income Expense": "-3,401", "Other Income Expense": "-2,733", "Pretax Income": "-461,349", "Tax Provision": "-55,900", "Net Income Common Stockholders": "-405,449", "Diluted NI Available to Com Stockholders": "-405,449", "Basic EPS": "-", "Diluted EPS": "-", "Basic Average Shares": "-", "Diluted Average Shares": "-", "Total Operating Income as Reported": "-455,215", "Total Expenses": "1,663,589", "Net Income from Continuing & Discontinued Operation": "-405,449", "Normalized Income": "-405,449", "Net Interest Income": "-3,401", "EBIT": "-455,215", "EBITDA": "-381,517", "Reconciled Cost of Revenue": "1,213,281", "Reconciled Depreciation": "73,698", "Net Income from Continuing Operation Net Minority Interest": "-405,449", "Total Unusual Items Excluding Goodwill": "0", "Total Unusual Items": "0", "Normalized EBITDA": "-381,517", "Tax Rate for Calcs": "0", "Tax Effect of Unusual Items": "0"}, "1/31/2021": {"Duration": "1/31/2021", "Total Revenue": "1,208,374", "Cost of Revenue": "1,213,281", "Gross Profit": "-4,907", "Operating Expense": "450,308", "Operating Income": "-455,215", "Net Non Operating Interest Income Expense": "-3,401", "Other Income Expense": "-2,733", "Pretax Income": "-461,349", "Tax Provision": "-55,900", "Net Income Common Stockholders": "-405,449", "Diluted NI Available to Com Stockholders": "-405,449", "Basic EPS": "-", "Diluted EPS": "-", "Basic Average Shares": "-", "Diluted Average Shares": "-", "Total Operating Income as Reported": "-455,215", "Total Expenses": "1,663,589", "Net Income from Continuing & Discontinued Operation": "-405,449", "Normalized Income": "-405,449", "Net Interest Income": "-3,401", "EBIT": "-455,215", "EBITDA": "-", "Reconciled Cost of Revenue": "1,213,281", "Reconciled Depreciation": "73,698", "Net Income from Continuing Operation Net Minority Interest": "-405,449", "Total Unusual Items Excluding Goodwill": "0", "Total Unusual Items": "0", "Normalized EBITDA": "-381,517", "Tax Rate for Calcs": "0", "Tax Effect of Unusual Items": "0"}, "1/31/2020": {"Duration": "1/31/2020", "Total Revenue": "2,019,194", "Cost of Revenue": "1,468,619", "Gross Profit": "550,575", "Operating Expense": "563,485", "Operating Income": "-12,910", "Net Non Operating Interest Income Expense": "2,981", "Other Income Expense": "-204,955", "Pretax Income": "-214,884", "Tax Provision": "-50,526", "Net Income Common Stockholders": "-164,358", "Diluted NI Available to Com Stockholders": "-164,358", "Basic EPS": "-2.49", "Diluted EPS": "-2.49", "Basic Average Shares": "66,133", "Diluted Average Shares": "66,133", "Total Operating Income as Reported": "-217,865", "Total Expenses": "2,032,104", "Net Income from Continuing & Discontinued Operation": "-164,358", "Normalized Income": "-7,567", "Net Interest Income": "2,981", "EBIT": "-12,910", "EBITDA": "-", "Reconciled Cost of Revenue": "1,468,619", "Reconciled Depreciation": "85,383", "Net Income from Continuing Operation Net Minority Interest": "-164,358", "Total Unusual Items Excluding Goodwill": "-204,955", "Total Unusual Items": "-204,955", "Normalized EBITDA": "277,428", "Tax Rate for Calcs": "0", "Tax Effect of Unusual Items": "-48,164"}, "1/31/2019": {"Duration": "1/31/2019", "Total Revenue": "2,116,344", "Cost of Revenue": "1,501,433", "Gross Profit": "614,911", "Operating Expense": "586,530", "Operating Income": "28,381", "Net Non Operating Interest Income Expense": "-25", "Other Income Expense": "-8,066", "Pretax Income": "20,290", "Tax Provision": "10,660", "Net Income Common Stockholders": "9,630", "Diluted NI Available to Com Stockholders": "9,630", "Basic EPS": "0.13", "Diluted EPS": "0.13", "Basic Average Shares": "72,518", "Diluted Average Shares": "73,239", "Total Operating Income as Reported": "28,215", "Total Expenses": "2,087,963", "Net Income from Continuing & Discontinued Operation": "9,630", "Normalized Income": "9,751", "Net Interest Income": "-25", "EBIT": "28,381", "EBITDA": "-", "Reconciled Cost of Revenue": "1,501,433", "Reconciled Depreciation": "85,853", "Net Income from Continuing Operation Net Minority Interest": "9,630", "Total Unusual Items Excluding Goodwill": "-166", "Total Unusual Items": "-166", "Normalized EBITDA": "114,400", "Tax Rate for Calcs": "0", "Tax Effect of Unusual Items": "-44.82"}}, "bs": {"1/31/2021": {"Duration": "1/31/2021", "Total Assets": "1,458,457", "Total Liabilities Net Minority Interest": "1,448,768", "Total Equity Gross Minority Interest": "9,689", "Total Capitalization": "201,721", "Common Stock Equity": "9,689", "Capital Lease Obligations": "926,390", "Net Tangible Assets": "9,689", "Working Capital": "-40,543", "Invested Capital": "192,032", "Tangible Book Value": "9,689", "Total Debt": "1,118,422", "Net Debt": "136,158", "Share Issued": "64,971", "Ordinary Shares Number": "64,971", "Treasury Shares Number": "-"}, "1/31/2020": {"Duration": "1/31/2020", "Total Assets": "1,790,739", "Total Liabilities Net Minority Interest": "1,384,437", "Total Equity Gross Minority Interest": "406,302", "Total Capitalization": "406,302", "Common Stock Equity": "406,302", "Capital Lease Obligations": "1,123,478", "Net Tangible Assets": "406,302", "Working Capital": "3,214", "Invested Capital": "406,302", "Tangible Book Value": "406,302", "Total Debt": "1,123,478", "Net Debt": "-", "Share Issued": "93,632", "Ordinary Shares Number": "63,922", "Treasury Shares Number": "29,710"}, "1/31/2019": {"Duration": "1/31/2019", "Total Assets": "1,086,627", "Total Liabilities Net Minority Interest": "501,449", "Total Equity Gross Minority Interest": "585,178", "Total Capitalization": "585,178", "Common Stock Equity": "585,178", "Capital Lease Obligations": "-", "Net Tangible Assets": "387,560", "Working Capital": "237,336", "Invested Capital": "585,178", "Tangible Book Value": "387,560", "Total Debt": "-", "Net Debt": "-", "Share Issued": "93,632", "Ordinary Shares Number": "67,424", "Treasury Shares Number": "26,208"}}, "cf": {"TTM": {"Duration": "TTM", "Operating Cash Flow": "-323,626", "Investing Cash Flow": "-16,854", "Financing Cash Flow": "189,215", "End Cash Position": "55,874", "Income Tax Paid Supplemental Data": "-", "Interest Paid Supplemental Data": "-", "Capital Expenditure": "-16,854", "Issuance of Debt": "255,000", "Repayment of Debt": "-58,950", "Repurchase of Capital Stock": "-626", "Free Cash Flow": "-340,480"}, "1/31/2021": {"Duration": "1/31/2021", "Operating Cash Flow": "-323,626", "Investing Cash Flow": "-16,854", "Financing Cash Flow": "189,215", "End Cash Position": "55,874", "Income Tax Paid Supplemental Data": "-", "Interest Paid Supplemental Data": "-", "Capital Expenditure": "-16,854", "Issuance of Debt": "255,000", "Repayment of Debt": "-58,950", "Repurchase of Capital Stock": "-626", "Free Cash Flow": "-340,480"}, "1/31/2020": {"Duration": "1/31/2020", "Operating Cash Flow": "90,710", "Investing Cash Flow": "-37,039", "Financing Cash Flow": "-18,202", "End Cash Position": "207,139", "Income Tax Paid Supplemental Data": "9,406", "Interest Paid Supplemental Data": "-", "Capital Expenditure": "-37,039", "Issuance of Debt": "-", "Repayment of Debt": "-90", "Repurchase of Capital Stock": "-17,213", "Free Cash Flow": "53,671"}, "1/31/2019": {"Duration": "1/31/2019", "Operating Cash Flow": "73,717", "Investing Cash Flow": "-49,778", "Financing Cash Flow": "-88,491", "End Cash Position": "171,670", "Income Tax Paid Supplemental Data": "11,642", "Interest Paid Supplemental Data": "-", "Capital Expenditure": "-49,778", "Issuance of Debt": "-", "Repayment of Debt": "-2,610", "Repurchase of Capital Stock": "-85,881", "Free Cash Flow": "23,939"}}}}, {"GPS": {"quote": {"03/21/2021": {"value": "30.99", "Market Cap": "11.617B", "Beta (5Y Monthly)": "1.61", "PE Ratio (TTM)": "N/A", "EPS (TTM)": "-1.78", "Earnings Date": "Jun 02, 2021 - Jun 07, 2021", "Forward Dividend & Yield": "0.97 (3.13%)", "Ex-Dividend Date": "Apr 06, 2021", "1y Target Est": "27.94"}}, "fin": {"TTM": {"Duration": "TTM", "Total Revenue": "13,800,000", "Cost of Revenue": "9,095,000", "Gross Profit": "4,705,000", "Operating Expense": "5,567,000", "Operating Income": "-862,000", "Net Non Operating Interest Income Expense": "-182,000", "Other Income Expense": "-58,000", "Pretax Income": "-1,102,000", "Tax Provision": "-437,000", "Net Income Common Stockholders": "-665,000", "Diluted NI Available to Com Stockholders": "-665,000", "Basic EPS": "-", "Diluted EPS": "-", "Basic Average Shares": "-", "Diluted Average Shares": "-", "Total Operating Income as Reported": "-862,000", "Total Expenses": "14,662,000", "Net Income from Continuing & Discontinued Operation": "-665,000", "Normalized Income": "-630,026", "Interest Income": "10,000", "Interest Expense": "192,000", "Net Interest Income": "-182,000", "EBIT": "-910,000", "EBITDA": "-403,000", "Reconciled Cost of Revenue": "9,095,000", "Reconciled Depreciation": "507,000", "Net Income from Continuing Operation Net Minority Interest": "-665,000", "Total Unusual Items Excluding Goodwill": "-58,000", "Total Unusual Items": "-58,000", "Normalized EBITDA": "-345,000", "Tax Rate for Calcs": "0", "Tax Effect of Unusual Items": "-23,026"}, "1/31/2021": {"Duration": "1/31/2021", "Total Revenue": "13,800,000", "Cost of Revenue": "9,095,000", "Gross Profit": "4,705,000", "Operating Expense": "5,567,000", "Operating Income": "-862,000", "Net Non Operating Interest Income Expense": "-182,000", "Other Income Expense": "-58,000", "Pretax Income": "-1,102,000", "Tax Provision": "-437,000", "Net Income Common Stockholders": "-665,000", "Diluted NI Available to Com Stockholders": "-665,000", "Basic EPS": "-", "Diluted EPS": "-", "Basic Average Shares": "-", "Diluted Average Shares": "-", "Total Operating Income as Reported": "-862,000", "Total Expenses": "14,662,000", "Net Income from Continuing & Discontinued Operation": "-665,000", "Normalized Income": "-630,026", "Interest Income": "10,000", "Interest Expense": "192,000", "Net Interest Income": "-182,000", "EBIT": "-910,000", "EBITDA": "-", "Reconciled Cost of Revenue": "9,095,000", "Reconciled Depreciation": "507,000", "Net Income from Continuing Operation Net Minority Interest": "-665,000", "Total Unusual Items Excluding Goodwill": "-58,000", "Total Unusual Items": "-58,000", "Normalized EBITDA": "-345,000", "Tax Rate for Calcs": "0", "Tax Effect of Unusual Items": "-23,026"}, "1/31/2020": {"Duration": "1/31/2020", "Total Revenue": "16,383,000", "Cost of Revenue": "10,250,000", "Gross Profit": "6,133,000", "Operating Expense": "5,559,000", "Operating Income": "574,000", "Net Non Operating Interest Income Expense": "-46,000", "Other Income Expense": "-", "Pretax Income": "528,000", "Tax Provision": "177,000", "Net Income Common Stockholders": "351,000", "Diluted NI Available to Com Stockholders": "351,000", "Basic EPS": "0.93", "Diluted EPS": "0.93", "Basic Average Shares": "376,000", "Diluted Average Shares": "378,000", "Total Operating Income as Reported": "574,000", "Total Expenses": "15,809,000", "Net Income from Continuing & Discontinued Operation": "351,000", "Normalized Income": "351,000", "Interest Income": "30,000", "Interest Expense": "76,000", "Net Interest Income": "-46,000", "EBIT": "604,000", "EBITDA": "-", "Reconciled Cost of Revenue": "10,250,000", "Reconciled Depreciation": "557,000", "Net Income from Continuing Operation Net Minority Interest": "351,000", "Total Unusual Items Excluding Goodwill": "-", "Total Unusual Items": "-", "Normalized EBITDA": "1,161,000", "Tax Rate for Calcs": "0", "Tax Effect of Unusual Items": "0"}, "1/31/2019": {"Duration": "1/31/2019", "Total Revenue": "16,580,000", "Cost of Revenue": "10,258,000", "Gross Profit": "6,322,000", "Operating Expense": "4,960,000", "Operating Income": "1,362,000", "Net Non Operating Interest Income Expense": "-40,000", "Other Income Expense": "-", "Pretax Income": "1,322,000", "Tax Provision": "319,000", "Net Income Common Stockholders": "1,003,000", "Diluted NI Available to Com Stockholders": "1,003,000", "Basic EPS": "2.61", "Diluted EPS": "2.59", "Basic Average Shares": "385,000", "Diluted Average Shares": "388,000", "Total Operating Income as Reported": "1,362,000", "Total Expenses": "15,218,000", "Net Income from Continuing & Discontinued Operation": "1,003,000", "Normalized Income": "1,003,000", "Interest Income": "33,000", "Interest Expense": "73,000", "Net Interest Income": "-40,000", "EBIT": "1,395,000", "EBITDA": "-", "Reconciled Cost of Revenue": "10,258,000", "Reconciled Depreciation": "578,000", "Net Income from Continuing Operation Net Minority Interest": "1,003,000", "Total Unusual Items Excluding Goodwill": "-", "Total Unusual Items": "-", "Normalized EBITDA": "1,973,000", "Tax Rate for Calcs": "0", "Tax Effect of Unusual Items": "0"}}, "bs": {"1/31/2021": {"Duration": "1/31/2021", "Total Assets": "13,769,000", "Total Liabilities Net Minority Interest": "11,155,000", "Total Equity Gross Minority Interest": "2,614,000", "Total Capitalization": "4,830,000", "Common Stock Equity": "2,614,000", "Capital Lease Obligations": "5,448,000", "Net Tangible Assets": "2,444,000", "Working Capital": "2,124,000", "Invested Capital": "4,830,000", "Tangible Book Value": "2,444,000", "Total Debt": "7,664,000", "Net Debt": "228,000", "Share Issued": "374,000", "Ordinary Shares Number": "374,000"}, "1/31/2020": {"Duration": "1/31/2020", "Total Assets": "13,679,000", "Total Liabilities Net Minority Interest": "10,363,000", "Total Equity Gross Minority Interest": "3,316,000", "Total Capitalization": "4,565,000", "Common Stock Equity": "3,316,000", "Capital Lease Obligations": "6,428,000", "Net Tangible Assets": "3,086,000", "Working Capital": "1,307,000", "Invested Capital": "4,565,000", "Tangible Book Value": "3,086,000", "Total Debt": "7,677,000", "Net Debt": "-", "Share Issued": "371,000", "Ordinary Shares Number": "371,000"}, "1/31/2019": {"Duration": "1/31/2019", "Total Assets": "8,049,000", "Total Liabilities Net Minority Interest": "4,496,000", "Total Equity Gross Minority Interest": "3,553,000", "Total Capitalization": "4,802,000", "Common Stock Equity": "3,553,000", "Capital Lease Obligations": "-", "Net Tangible Assets": "3,352,000", "Working Capital": "2,077,000", "Invested Capital": "4,802,000", "Tangible Book Value": "3,352,000", "Total Debt": "1,249,000", "Net Debt": "168,000", "Share Issued": "378,000", "Ordinary Shares Number": "378,000"}}, "cf": {"TTM": {"Duration": "TTM", "Operating Cash Flow": "237,000", "Investing Cash Flow": "-510,000", "Financing Cash Flow": "895,000", "End Cash Position": "2,016,000", "Income Tax Paid Supplemental Data": "20,000", "Interest Paid Supplemental Data": "145,000", "Capital Expenditure": "-392,000", "Issuance of Debt": "2,750,000", "Repayment of Debt": "-1,807,000", "Repurchase of Capital Stock": "0", "Free Cash Flow": "-155,000"}, "1/31/2021": {"Duration": "1/31/2021", "Operating Cash Flow": "237,000", "Investing Cash Flow": "-510,000", "Financing Cash Flow": "895,000", "End Cash Position": "2,016,000", "Income Tax Paid Supplemental Data": "20,000", "Interest Paid Supplemental Data": "145,000", "Capital Expenditure": "-392,000", "Issuance of Debt": "2,750,000", "Repayment of Debt": "-1,807,000", "Repurchase of Capital Stock": "0", "Free Cash Flow": "-155,000"}, "1/31/2020": {"Duration": "1/31/2020", "Operating Cash Flow": "1,411,000", "Investing Cash Flow": "-894,000", "Financing Cash Flow": "-560,000", "End Cash Position": "1,381,000", "Income Tax Paid Supplemental Data": "176,000", "Interest Paid Supplemental Data": "76,000", "Capital Expenditure": "-1,045,000", "Issuance of Debt": "-", "Repayment of Debt": "0", "Repurchase of Capital Stock": "-200,000", "Free Cash Flow": "366,000"}, "1/31/2019": {"Duration": "1/31/2019", "Operating Cash Flow": "1,381,000", "Investing Cash Flow": "-1,001,000", "Financing Cash Flow": "-749,000", "End Cash Position": "1,420,000", "Income Tax Paid Supplemental Data": "143,000", "Interest Paid Supplemental Data": "76,000", "Capital Expenditure": "-705,000", "Issuance of Debt": "-", "Repayment of Debt": "0", "Repurchase of Capital Stock": "-398,000", "Free Cash Flow": "676,000"}}}}, {"GES": {"quote": {"03/21/2021": {"value": "25.78", "Market Cap": "1.64B", "Beta (5Y Monthly)": "2.16", "PE Ratio (TTM)": "N/A", "EPS (TTM)": "-1.12", "Earnings Date": "Jun 08, 2021 - Jun 14, 2021", "Forward Dividend & Yield": "0.45 (1.75%)", "Ex-Dividend Date": "Dec 15, 2020", "1y Target Est": "22.50"}}, "fin": {"TTM": {"Duration": "TTM", "Total Revenue": "2,401,669", "Cost of Revenue": "1,533,681", "Gross Profit": "867,988", "Operating Expense": "803,703", "Operating Income": "64,285", "Net Non Operating Interest Income Expense": "-18,354", "Other Income Expense": "-85,810", "Pretax Income": "-39,879", "Tax Provision": "-1,151", "Net Income Common Stockholders": "-41,006", "Diluted NI Available to Com Stockholders": "-41,006", "Basic EPS": "-", "Diluted EPS": "-", "Basic Average Shares": "-", "Diluted Average Shares": "-", "Total Operating Income as Reported": "2,655", "Total Expenses": "2,337,384", "Net Income from Continuing & Discontinued Operation": "-40,317", "Normalized Income": "19,091", "Interest Income": "1,978", "Interest Expense": "20,332", "Net Interest Income": "-18,354", "EBIT": "-19,547", "EBITDA": "51,067", "Reconciled Cost of Revenue": "1,533,681", "Reconciled Depreciation": "70,614", "Net Income from Continuing Operation Net Minority Interest": "-40,317", "Total Unusual Items Excluding Goodwill": "-61,174", "Total Unusual Items": "-61,174", "Normalized EBITDA": "112,241", "Tax Rate for Calcs": "0", "Tax Effect of Unusual Items": "-1,766"}, "1/31/2020": {"Duration": "1/31/2020", "Total Revenue": "2,678,109", "Cost of Revenue": "1,662,401", "Gross Profit": "1,015,708", "Operating Expense": "865,060", "Operating Income": "150,648", "Net Non Operating Interest Income Expense": "-14,400", "Other Income Expense": "-12,506", "Pretax Income": "123,742", "Tax Provision": "22,513", "Net Income Common Stockholders": "95,125", "Diluted NI Available to Com Stockholders": "95,125", "Basic EPS": "1.35", "Diluted EPS": "1.33", "Basic Average Shares": "70,461", "Diluted Average Shares": "71,669", "Total Operating Income as Reported": "140,671", "Total Expenses": "2,527,461", "Net Income from Continuing & Discontinued Operation": "95,975", "Normalized Income": "104,136", "Interest Income": "1,729", "Interest Expense": "16,129", "Net Interest Income": "-14,400", "EBIT": "139,871", "EBITDA": "-", "Reconciled Cost of Revenue": "1,662,401", "Reconciled Depreciation": "72,188", "Net Income from Continuing Operation Net Minority Interest": "95,975", "Total Unusual Items Excluding Goodwill": "-9,977", "Total Unusual Items": "-9,977", "Normalized EBITDA": "222,036", "Tax Rate for Calcs": "0", "Tax Effect of Unusual Items": "-1,816"}, "1/31/2019": {"Duration": "1/31/2019", "Total Revenue": "2,609,694", "Cost of Revenue": "1,670,090", "Gross Profit": "939,604", "Operating Expense": "835,293", "Operating Income": "104,311", "Net Non Operating Interest Income Expense": "1,087", "Other Income Expense": "-58,690", "Pretax Income": "46,708", "Tax Provision": "29,542", "Net Income Common Stockholders": "13,343", "Diluted NI Available to Com Stockholders": "13,343", "Basic EPS": "0.17", "Diluted EPS": "0.16", "Basic Average Shares": "80,146", "Diluted Average Shares": "81,589", "Total Operating Income as Reported": "52,212", "Total Expenses": "2,505,383", "Net Income from Continuing & Discontinued Operation": "14,099", "Normalized Income": "52,131", "Interest Income": "4,494", "Interest Expense": "3,407", "Net Interest Income": "1,087", "EBIT": "50,115", "EBITDA": "-", "Reconciled Cost of Revenue": "1,670,090", "Reconciled Depreciation": "68,357", "Net Income from Continuing Operation Net Minority Interest": "14,099", "Total Unusual Items Excluding Goodwill": "-52,099", "Total Unusual Items": "-52,099", "Normalized EBITDA": "170,571", "Tax Rate for Calcs": "0", "Tax Effect of Unusual Items": "-14,067"}}, "bs": {"1/31/2020": {"Duration": "1/31/2020", "Total Assets": "2,428,962", "Total Liabilities Net Minority Interest": "1,767,615", "Total Equity Gross Minority Interest": "661,347", "Total Capitalization": "919,847", "Common Stock Equity": "639,714", "Capital Lease Obligations": "906,145", "Net Tangible Assets": "604,937", "Working Capital": "425,822", "Invested Capital": "929,337", "Tangible Book Value": "604,937", "Total Debt": "1,195,768", "Net Debt": "5,010", "Share Issued": "142,868", "Ordinary Shares Number": "65,849", "Treasury Shares Number": "77,019"}, "1/31/2019": {"Duration": "1/31/2019", "Total Assets": "1,649,205", "Total Liabilities Net Minority Interest": "795,560", "Total Equity Gross Minority Interest": "853,645", "Total Capitalization": "872,239", "Common Stock Equity": "837,227", "Capital Lease Obligations": "-", "Net Tangible Assets": "793,221", "Working Capital": "545,331", "Invested Capital": "876,554", "Tangible Book Value": "793,221", "Total Debt": "39,327", "Net Debt": "-", "Share Issued": "142,707", "Ordinary Shares Number": "81,380", "Treasury Shares Number": "61,328"}}, "cf": {"TTM": {"Duration": "TTM", "Operating Cash Flow": "232,861", "Investing Cash Flow": "-45,005", "Financing Cash Flow": "127,195", "End Cash Position": "428,507", "Income Tax Paid Supplemental Data": "9,770", "Interest Paid Supplemental Data": "8,642", "Capital Expenditure": "-49,976", "Issuance of Capital Stock": "-", "Issuance of Debt": "304,351", "Repayment of Debt": "-133,674", "Repurchase of Capital Stock": "-88,917", "Free Cash Flow": "182,885"}, "1/31/2020": {"Duration": "1/31/2020", "Operating Cash Flow": "197,913", "Investing Cash Flow": "-56,471", "Financing Cash Flow": "-64,165", "End Cash Position": "284,828", "Income Tax Paid Supplemental Data": "15,112", "Interest Paid Supplemental Data": "5,248", "Capital Expenditure": "-61,868", "Issuance of Capital Stock": "3,584", "Issuance of Debt": "437,282", "Repayment of Debt": "-135,975", "Repurchase of Capital Stock": "-288,067", "Free Cash Flow": "136,045"}, "1/31/2019": {"Duration": "1/31/2019", "Operating Cash Flow": "81,679", "Investing Cash Flow": "-123,528", "Financing Cash Flow": "-96,818", "End Cash Position": "210,995", "Income Tax Paid Supplemental Data": "40,772", "Interest Paid Supplemental Data": "2,731", "Capital Expenditure": "-108,117", "Issuance of Capital Stock": "5,744", "Issuance of Debt": "22,728", "Repayment of Debt": "-25,007", "Repurchase of Capital Stock": "-23,620", "Free Cash Flow": "-26,438"}}}}, {"GCO": {"quote": {"03/21/2021": {"value": "46.91", "Market Cap": "703.279M", "Beta (5Y Monthly)": "2.26", "PE Ratio (TTM)": "N/A", "EPS (TTM)": "-3.97", "Earnings Date": "Jun 07, 2021 - Jun 11, 2021", "Forward Dividend & Yield": "N/A (N/A)", "Ex-Dividend Date": "Apr 09, 1973", "1y Target Est": "54.75"}}, "fin": {"TTM": {"Duration": "TTM", "Total Revenue": "1,786,530", "Cost of Revenue": "982,063", "Gross Profit": "804,467", "Operating Expense": "813,775", "Operating Income": "-9,308", "Net Non Operating Interest Income Expense": "-5,090", "Other Income Expense": "-97,271", "Pretax Income": "-111,669", "Tax Provision": "-55,641", "Net Income Common Stockholders": "-42,661", "Diluted NI Available to Com Stockholders": "-56,429", "Basic EPS": "-", "Diluted EPS": "-", "Basic Average Shares": "-", "Diluted Average Shares": "-", "Total Operating Income as Reported": "-107,249", "Total Expenses": "1,795,838", "Net Income from Continuing & Discontinued Operation": "-56,429", "Normalized Income": "2,737", "Interest Income": "-", "Interest Expense": "-", "Net Interest Income": "-5,090", "EBIT": "-9,308", "EBITDA": "-9,308", "Reconciled Cost of Revenue": "982,063", "Reconciled Depreciation": "-", "Net Income from Continuing Operation Net Minority Interest": "-56,028", "Total Unusual Items Excluding Goodwill": "-97,941", "Total Unusual Items": "-97,941", "Normalized EBITDA": "88,633", "Tax Rate for Calcs": "0", "Tax Effect of Unusual Items": "-39,176"}, "1/31/2021": {"Duration": "1/31/2021", "Total Revenue": "1,786,530", "Cost of Revenue": "982,063", "Gross Profit": "804,467", "Operating Expense": "813,775", "Operating Income": "-9,308", "Net Non Operating Interest Income Expense": "-5,090", "Other Income Expense": "-97,271", "Pretax Income": "-111,669", "Tax Provision": "-55,641", "Net Income Common Stockholders": "-56,429", "Diluted NI Available to Com Stockholders": "-56,429", "Basic EPS": "-", "Diluted EPS": "-", "Basic Average Shares": "-", "Diluted Average Shares": "-", "Total Operating Income as Reported": "-107,249", "Total Expenses": "1,795,838", "Net Income from Continuing & Discontinued Operation": "-56,429", "Normalized Income": "2,737", "Interest Income": "-", "Interest Expense": "-", "Net Interest Income": "-5,090", "EBIT": "-9,308", "EBITDA": "-", "Reconciled Cost of Revenue": "982,063", "Reconciled Depreciation": "-", "Net Income from Continuing Operation Net Minority Interest": "-56,028", "Total Unusual Items Excluding Goodwill": "-97,941", "Total Unusual Items": "-97,941", "Normalized EBITDA": "88,633", "Tax Rate for Calcs": "0", "Tax Effect of Unusual Items": "-39,176"}, "1/31/2020": {"Duration": "1/31/2020", "Total Revenue": "2,197,066", "Cost of Revenue": "1,133,951", "Gross Profit": "1,063,115", "Operating Expense": "966,423", "Operating Income": "96,692", "Net Non Operating Interest Income Expense": "-1,278", "Other Income Expense": "-12,979", "Pretax Income": "82,435", "Tax Provision": "20,678", "Net Income Common Stockholders": "61,384", "Diluted NI Available to Com Stockholders": "61,384", "Basic EPS": "3.95", "Diluted EPS": "3.92", "Basic Average Shares": "15,544", "Diluted Average Shares": "15,671", "Total Operating Income as Reported": "83,318", "Total Expenses": "2,100,374", "Net Income from Continuing & Discontinued Operation": "61,384", "Normalized Income": "71,777", "Interest Income": "2,061", "Interest Expense": "3,339", "Net Interest Income": "-1,278", "EBIT": "85,774", "EBITDA": "-", "Reconciled Cost of Revenue": "1,133,951", "Reconciled Depreciation": "49,574", "Net Income from Continuing Operation Net Minority Interest": "61,757", "Total Unusual Items Excluding Goodwill": "-13,374", "Total Unusual Items": "-13,374", "Normalized EBITDA": "148,722", "Tax Rate for Calcs": "0", "Tax Effect of Unusual Items": "-3,354"}, "1/31/2019": {"Duration": "1/31/2019", "Total Revenue": "2,188,553", "Cost of Revenue": "1,141,497", "Gross Profit": "1,047,056", "Operating Expense": "962,076", "Operating Income": "84,980", "Net Non Operating Interest Income Expense": "-3,341", "Other Income Expense": "-3,380", "Pretax Income": "78,259", "Tax Provision": "27,035", "Net Income Common Stockholders": "-51,930", "Diluted NI Available to Com Stockholders": "-51,930", "Basic EPS": "-2.68", "Diluted EPS": "-2.68", "Basic Average Shares": "19,351", "Diluted Average Shares": "19,495", "Total Operating Income as Reported": "81,817", "Total Expenses": "2,103,573", "Net Income from Continuing & Discontinued Operation": "-51,930", "Normalized Income": "53,685", "Interest Income": "774", "Interest Expense": "4,115", "Net Interest Income": "-3,341", "EBIT": "82,374", "EBITDA": "-", "Reconciled Cost of Revenue": "1,141,497", "Reconciled Depreciation": "76,939", "Net Income from Continuing Operation Net Minority Interest": "51,224", "Total Unusual Items Excluding Goodwill": "-3,760", "Total Unusual Items": "-3,760", "Normalized EBITDA": "163,073", "Tax Rate for Calcs": "0", "Tax Effect of Unusual Items": "-1,299"}}, "bs": {"1/31/2021": {"Duration": "1/31/2021", "Total Assets": "1,587,368", "Total Liabilities Net Minority Interest": "1,020,609", "Total Equity Gross Minority Interest": "566,759", "Total Capitalization": "599,745", "Preferred Stock Equity": "-", "Common Stock Equity": "566,759", "Capital Lease Obligations": "701,054", "Net Tangible Assets": "497,280", "Working Capital": "264,662", "Invested Capital": "32,986", "Tangible Book Value": "497,280", "Total Debt": "734,040", "Net Debt": "-", "Share Issued": "14,992", "Ordinary Shares Number": "14,992", "Treasury Shares Number": "-"}, "1/31/2020": {"Duration": "1/31/2020", "Total Assets": "1,680,478", "Total Liabilities Net Minority Interest": "1,061,135", "Total Equity Gross Minority Interest": "619,343", "Total Capitalization": "633,736", "Preferred Stock Equity": "1,009", "Common Stock Equity": "618,334", "Capital Lease Obligations": "790,644", "Net Tangible Assets": "460,795", "Working Capital": "146,248", "Invested Capital": "632,727", "Tangible Book Value": "459,786", "Total Debt": "805,037", "Net Debt": "-", "Share Issued": "15,186", "Ordinary Shares Number": "14,697", "Treasury Shares Number": "488.464"}, "1/31/2019": {"Duration": "1/31/2019", "Total Assets": "1,181,081", "Total Liabilities Net Minority Interest": "443,530", "Total Equity Gross Minority Interest": "737,551", "Total Capitalization": "794,302", "Preferred Stock Equity": "1,060", "Common Stock Equity": "736,491", "Capital Lease Obligations": "-", "Net Tangible Assets": "612,623", "Working Capital": "454,817", "Invested Capital": "802,234", "Tangible Book Value": "611,563", "Total Debt": "65,743", "Net Debt": "-", "Share Issued": "19,591", "Ordinary Shares Number": "19,103", "Treasury Shares Number": "488.464"}}, "cf": {"TTM": {"Duration": "TTM", "Operating Cash Flow": "-", "Investing Cash Flow": "-", "Financing Cash Flow": "-", "End Cash Position": "-", "Income Tax Paid Supplemental Data": "-", "Interest Paid Supplemental Data": "-", "Capital Expenditure": "-", "Issuance of Debt": "-", "Repayment of Debt": "-", "Repurchase of Capital Stock": "-", "Free Cash Flow": "-"}, "1/31/2020": {"Duration": "1/31/2020", "Operating Cash Flow": "117,170", "Investing Cash Flow": "53,308", "Financing Cash Flow": "-256,511", "End Cash Position": "81,418", "Income Tax Paid Supplemental Data": "4,899", "Interest Paid Supplemental Data": "3,005", "Capital Expenditure": "-29,767", "Issuance of Debt": "93,328", "Repayment of Debt": "-144,536", "Repurchase of Capital Stock": "-190,384", "Free Cash Flow": "87,403"}, "1/31/2019": {"Duration": "1/31/2019", "Operating Cash Flow": "237,143", "Investing Cash Flow": "-56,503", "Financing Cash Flow": "-52,758", "End Cash Position": "167,355", "Income Tax Paid Supplemental Data": "12,451", "Interest Paid Supplemental Data": "3,338", "Capital Expenditure": "-57,230", "Issuance of Debt": "284,473", "Repayment of Debt": "-301,256", "Repurchase of Capital Stock": "-44,935", "Free Cash Flow": "179,913"}}}}, {"ROST": {"quote": {"03/21/2021": {"value": "121.31", "Market Cap": "43.243B", "Beta (5Y Monthly)": "1.02", "PE Ratio (TTM)": "505.46", "EPS (TTM)": "0.24", "Earnings Date": "May 19, 2021 - May 24, 2021", "Forward Dividend & Yield": "1.14 (0.94%)", "Ex-Dividend Date": "Mar 15, 2021", "1y Target Est": "127.30"}}, "fin": {"TTM": {"Duration": "TTM", "Total Revenue": "12,695,339", "Cost of Revenue": "9,905,767", "Gross Profit": "2,789,572", "Operating Expense": "2,414,536", "Operating Income": "375,036", "Net Non Operating Interest Income Expense": "-60,974", "Pretax Income": "314,062", "Tax Provision": "10,527", "Net Income Common Stockholders": "303,535", "Diluted NI Available to Com Stockholders": "303,535", "Basic EPS": "-", "Diluted EPS": "-", "Basic Average Shares": "-", "Diluted Average Shares": "-", "Total Expenses": "12,320,303", "Net Income from Continuing & Discontinued Operation": "303,535", "Normalized Income": "303,535", "Interest Income": "9,913", "Interest Expense": "70,887", "Net Interest Income": "-60,974", "EBIT": "384,949", "EBITDA": "748,945", "Reconciled Cost of Revenue": "9,905,767", "Reconciled Depreciation": "363,996", "Net Income from Continuing Operation Net Minority Interest": "303,535", "Normalized EBITDA": "748,945", "Tax Rate for Calcs": "0", "Tax Effect of Unusual Items": "0"}, "1/31/2021": {"Duration": "1/31/2021", "Total Revenue": "12,531,565", "Cost of Revenue": "9,838,574", "Gross Profit": "2,692,991", "Operating Expense": "2,503,281", "Operating Income": "189,710", "Net Non Operating Interest Income Expense": "-83,413", "Pretax Income": "106,297", "Tax Provision": "20,915", "Net Income Common Stockholders": "85,382", "Diluted NI Available to Com Stockholders": "85,382", "Basic EPS": "-", "Diluted EPS": "-", "Basic Average Shares": "-", "Diluted Average Shares": "-", "Total Expenses": "12,341,855", "Net Income from Continuing & Discontinued Operation": "85,382", "Normalized Income": "85,382", "Interest Income": "-", "Interest Expense": "-", "Net Interest Income": "-83,413", "EBIT": "189,710", "EBITDA": "-", "Reconciled Cost of Revenue": "9,838,574", "Reconciled Depreciation": "364,245", "Net Income from Continuing Operation Net Minority Interest": "85,382", "Normalized EBITDA": "553,955", "Tax Rate for Calcs": "0", "Tax Effect of Unusual Items": "0"}, "1/31/2020": {"Duration": "1/31/2020", "Total Revenue": "16,039,073", "Cost of Revenue": "11,536,187", "Gross Profit": "4,502,886", "Operating Expense": "2,356,704", "Operating Income": "2,146,182", "Net Non Operating Interest Income Expense": "18,106", "Pretax Income": "2,164,288", "Tax Provision": "503,360", "Net Income Common Stockholders": "1,660,928", "Diluted NI Available to Com Stockholders": "1,660,928", "Basic EPS": "4.63", "Diluted EPS": "4.60", "Basic Average Shares": "358,462", "Diluted Average Shares": "361,182", "Total Expenses": "13,892,891", "Net Income from Continuing & Discontinued Operation": "1,660,928", "Normalized Income": "1,660,928", "Interest Income": "27,846", "Interest Expense": "9,740", "Net Interest Income": "18,106", "EBIT": "2,174,028", "EBITDA": "-", "Reconciled Cost of Revenue": "11,536,187", "Reconciled Depreciation": "350,892", "Net Income from Continuing Operation Net Minority Interest": "1,660,928", "Normalized EBITDA": "2,524,920", "Tax Rate for Calcs": "0", "Tax Effect of Unusual Items": "0"}, "1/31/2019": {"Duration": "1/31/2019", "Total Revenue": "14,983,541", "Cost of Revenue": "10,726,277", "Gross Profit": "4,257,264", "Operating Expense": "2,216,550", "Operating Income": "2,040,714", "Net Non Operating Interest Income Expense": "10,162", "Pretax Income": "2,050,876", "Tax Provision": "463,419", "Net Income Common Stockholders": "1,587,457", "Diluted NI Available to Com Stockholders": "1,587,457", "Basic EPS": "4.30", "Diluted EPS": "4.26", "Basic Average Shares": "369,533", "Diluted Average Shares": "372,678", "Total Expenses": "12,942,827", "Net Income from Continuing & Discontinued Operation": "1,587,457", "Normalized Income": "1,587,457", "Interest Income": "26,569", "Interest Expense": "16,407", "Net Interest Income": "10,162", "EBIT": "2,067,283", "EBITDA": "-", "Reconciled Cost of Revenue": "10,726,277", "Reconciled Depreciation": "330,357", "Net Income from Continuing Operation Net Minority Interest": "1,587,457", "Normalized EBITDA": "2,397,640", "Tax Rate for Calcs": "0", "Tax Effect of Unusual Items": "0"}}, "bs": {"1/31/2021": {"Duration": "1/31/2021", "Total Assets": "12,717,867", "Total Liabilities Net Minority Interest": "9,427,227", "Total Equity Gross Minority Interest": "3,290,640", "Total Capitalization": "5,738,815", "Common Stock Equity": "3,290,640", "Capital Lease Obligations": "3,219,714", "Net Tangible Assets": "3,290,640", "Working Capital": "2,725,458", "Invested Capital": "2,513,085", "Tangible Book Value": "3,290,640", "Total Debt": "5,732,799", "Share Issued": "356,463", "Ordinary Shares Number": "356,463", "Treasury Shares Number": "-"}, "1/31/2020": {"Duration": "1/31/2020", "Total Assets": "9,348,367", "Total Liabilities Net Minority Interest": "5,989,118", "Total Equity Gross Minority Interest": "3,359,249", "Total Capitalization": "3,672,140", "Common Stock Equity": "3,359,249", "Capital Lease Obligations": "3,175,009", "Net Tangible Assets": "3,359,249", "Working Capital": "730,894", "Invested Capital": "3,672,140", "Tangible Book Value": "3,359,249", "Total Debt": "3,487,900", "Share Issued": "356,775", "Ordinary Shares Number": "356,775", "Treasury Shares Number": "-"}, "1/31/2019": {"Duration": "1/31/2019", "Total Assets": "6,073,691", "Total Liabilities Net Minority Interest": "2,767,945", "Total Equity Gross Minority Interest": "3,305,746", "Total Capitalization": "3,618,186", "Common Stock Equity": "3,305,746", "Capital Lease Obligations": "-", "Net Tangible Assets": "3,305,746", "Working Capital": "1,394,535", "Invested Capital": "3,618,186", "Tangible Book Value": "3,305,746", "Total Debt": "312,440", "Share Issued": "381,442", "Ordinary Shares Number": "368,242", "Treasury Shares Number": "13,200"}}, "cf": {"TTM": {"Duration": "TTM", "Operating Cash Flow": "2,543,739", "Investing Cash Flow": "-493,777", "Financing Cash Flow": "1,298,353", "End Cash Position": "4,551,842", "Income Tax Paid Supplemental Data": "884,810", "Interest Paid Supplemental Data": "-47,105", "Capital Expenditure": "-493,777", "Issuance of Debt": "3,770,716", "Repayment of Debt": "-1,580,610", "Repurchase of Capital Stock": "-490,394", "Free Cash Flow": "2,049,962"}, "1/31/2021": {"Duration": "1/31/2021", "Operating Cash Flow": "2,245,933", "Investing Cash Flow": "-405,433", "Financing Cash Flow": "1,701,859", "End Cash Position": "4,953,769", "Income Tax Paid Supplemental Data": "8,921", "Interest Paid Supplemental Data": "72,471", "Capital Expenditure": "-405,433", "Issuance of Debt": "3,770,716", "Repayment of Debt": "-1,580,610", "Repurchase of Capital Stock": "-177,689", "Free Cash Flow": "1,840,500"}, "1/31/2020": {"Duration": "1/31/2020", "Operating Cash Flow": "2,171,546", "Investing Cash Flow": "-554,966", "Financing Cash Flow": "-1,683,249", "End Cash Position": "1,411,410", "Income Tax Paid Supplemental Data": "506,591", "Interest Paid Supplemental Data": "12,682", "Capital Expenditure": "-555,483", "Issuance of Debt": "-", "Repayment of Debt": "-", "Repurchase of Capital Stock": "-1,335,665", "Free Cash Flow": "1,616,063"}, "1/31/2019": {"Duration": "1/31/2019", "Operating Cash Flow": "2,066,677", "Investing Cash Flow": "-410,409", "Financing Cash Flow": "-1,531,461", "End Cash Position": "1,478,079", "Income Tax Paid Supplemental Data": "427,930", "Interest Paid Supplemental Data": "18,105", "Capital Expenditure": "-413,898", "Issuance of Debt": "-", "Repayment of Debt": "-85,000", "Repurchase of Capital Stock": "-1,129,384", "Free Cash Flow": "1,652,779"}}}}, {"URBN": {"quote": {"03/21/2021": {"value": "40.96", "Market Cap": "4.007B", "Beta (5Y Monthly)": "1.70", "PE Ratio (TTM)": "4,096.00", "EPS (TTM)": "0.01", "Earnings Date": "May 17, 2021 - May 21, 2021", "Forward Dividend & Yield": "N/A (N/A)", "Ex-Dividend Date": "N/A", "1y Target Est": "34.87"}}, "fin": {"TTM": {"Duration": "TTM", "Total Revenue": "3,530,934", "Cost of Revenue": "2,624,319", "Gross Profit": "906,615", "Operating Expense": "884,937", "Operating Income": "21,678", "Net Non Operating Interest Income Expense": "-", "Other Income Expense": "-24,769", "Pretax Income": "7,547", "Tax Provision": "15,346", "Net Income Common Stockholders": "-7,799", "Diluted NI Available to Com Stockholders": "-7,799", "Basic EPS": "-", "Diluted EPS": "-", "Basic Average Shares": "-", "Diluted Average Shares": "-", "Total Operating Income as Reported": "7,767", "Total Expenses": "3,509,256", "Net Income from Continuing & Discontinued Operation": "-7,799", "Normalized Income": "-7,799", "Interest Income": "-", "Net Interest Income": "-", "EBIT": "21,678", "EBITDA": "128,625", "Reconciled Cost of Revenue": "2,624,319", "Reconciled Depreciation": "106,947", "Net Income from Continuing Operation Net Minority Interest": "-7,799", "Total Unusual Items Excluding Goodwill": "0", "Total Unusual Items": "0", "Normalized EBITDA": "128,625", "Tax Rate for Calcs": "0", "Tax Effect of Unusual Items": "0"}, "1/31/2021": {"Duration": "1/31/2021", "Total Revenue": "3,449,749", "Cost of Revenue": "2,587,843", "Gross Profit": "861,906", "Operating Expense": "857,934", "Operating Income": "3,972", "Net Non Operating Interest Income Expense": "-", "Other Income Expense": "-459", "Pretax Income": "3,513", "Tax Provision": "2,277", "Net Income Common Stockholders": "1,236", "Diluted NI Available to Com Stockholders": "1,236", "Basic EPS": "0.01", "Diluted EPS": "0.01", "Basic Average Shares": "97,818", "Diluted Average Shares": "98,523", "Total Operating Income as Reported": "3,972", "Total Expenses": "3,445,777", "Net Income from Continuing & Discontinued Operation": "1,236", "Normalized Income": "1,236", "Interest Income": "-", "Net Interest Income": "-", "EBIT": "3,972", "EBITDA": "-", "Reconciled Cost of Revenue": "2,587,843", "Reconciled Depreciation": "103,771", "Net Income from Continuing Operation Net Minority Interest": "1,236", "Total Unusual Items Excluding Goodwill": "0", "Total Unusual Items": "0", "Normalized EBITDA": "107,743", "Tax Rate for Calcs": "0", "Tax Effect of Unusual Items": "0"}, "1/31/2020": {"Duration": "1/31/2020", "Total Revenue": "3,983,789", "Cost of Revenue": "2,743,963", "Gross Profit": "1,239,826", "Operating Expense": "993,990", "Operating Income": "245,836", "Net Non Operating Interest Income Expense": "10,638", "Other Income Expense": "-16,754", "Pretax Income": "239,720", "Tax Provision": "71,624", "Net Income Common Stockholders": "168,096", "Diluted NI Available to Com Stockholders": "168,096", "Basic EPS": "1.68", "Diluted EPS": "1.67", "Basic Average Shares": "99,833", "Diluted Average Shares": "100,589", "Total Operating Income as Reported": "231,925", "Total Expenses": "3,737,953", "Net Income from Continuing & Discontinued Operation": "168,096", "Normalized Income": "177,848", "Interest Income": "10,638", "Net Interest Income": "10,638", "EBIT": "245,836", "EBITDA": "-", "Reconciled Cost of Revenue": "2,743,963", "Reconciled Depreciation": "112,256", "Net Income from Continuing Operation Net Minority Interest": "168,096", "Total Unusual Items Excluding Goodwill": "-13,911", "Total Unusual Items": "-13,911", "Normalized EBITDA": "372,003", "Tax Rate for Calcs": "0", "Tax Effect of Unusual Items": "-4,159"}, "1/31/2019": {"Duration": "1/31/2019", "Total Revenue": "3,950,623", "Cost of Revenue": "2,603,911", "Gross Profit": "1,346,712", "Operating Expense": "965,399", "Operating Income": "381,313", "Net Non Operating Interest Income Expense": "9,530", "Other Income Expense": "-5,290", "Pretax Income": "385,553", "Tax Provision": "87,550", "Net Income Common Stockholders": "298,003", "Diluted NI Available to Com Stockholders": "298,003", "Basic EPS": "2.75", "Diluted EPS": "2.72", "Basic Average Shares": "108,304", "Diluted Average Shares": "109,706", "Total Operating Income as Reported": "381,313", "Total Expenses": "3,569,310", "Net Income from Continuing & Discontinued Operation": "298,003", "Normalized Income": "298,003", "Interest Income": "9,530", "Net Interest Income": "9,530", "EBIT": "381,313", "EBITDA": "-", "Reconciled Cost of Revenue": "2,603,911", "Reconciled Depreciation": "117,986", "Net Income from Continuing Operation Net Minority Interest": "298,003", "Total Unusual Items Excluding Goodwill": "-", "Total Unusual Items": "-", "Normalized EBITDA": "499,299", "Tax Rate for Calcs": "0", "Tax Effect of Unusual Items": "0"}}, "bs": {"1/31/2021": {"Duration": "1/31/2021", "Total Assets": "3,546,345", "Total Liabilities Net Minority Interest": "2,068,987", "Total Equity Gross Minority Interest": "1,477,358", "Total Capitalization": "1,477,358", "Common Stock Equity": "1,477,358", "Capital Lease Obligations": "1,328,712", "Net Tangible Assets": "1,477,358", "Working Capital": "317,200", "Invested Capital": "1,477,358", "Tangible Book Value": "1,477,358", "Total Debt": "1,328,712", "Share Issued": "97,816", "Ordinary Shares Number": "97,816"}, "1/31/2020": {"Duration": "1/31/2020", "Total Assets": "3,315,633", "Total Liabilities Net Minority Interest": "1,860,278", "Total Equity Gross Minority Interest": "1,455,355", "Total Capitalization": "1,455,355", "Common Stock Equity": "1,455,355", "Capital Lease Obligations": "1,359,088", "Net Tangible Assets": "1,455,355", "Working Capital": "414,626", "Invested Capital": "1,455,355", "Tangible Book Value": "1,455,355", "Total Debt": "1,359,088", "Share Issued": "97,977", "Ordinary Shares Number": "97,977"}, "1/31/2019": {"Duration": "1/31/2019", "Total Assets": "2,160,515", "Total Liabilities Net Minority Interest": "671,417", "Total Equity Gross Minority Interest": "1,489,098", "Total Capitalization": "1,489,098", "Common Stock Equity": "1,489,098", "Capital Lease Obligations": "-", "Net Tangible Assets": "1,489,098", "Working Capital": "816,112", "Invested Capital": "1,489,098", "Tangible Book Value": "1,489,098", "Total Debt": "-", "Share Issued": "105,642", "Ordinary Shares Number": "105,642"}}, "cf": {"TTM": {"Duration": "TTM", "Operating Cash Flow": "367,160", "Investing Cash Flow": "103,570", "Financing Cash Flow": "-10,864", "End Cash Position": "626,936", "Income Tax Paid Supplemental Data": "29,068", "Capital Expenditure": "-135,465", "Issuance of Debt": "220,000", "Repayment of Debt": "-220,000", "Repurchase of Capital Stock": "-10,864", "Free Cash Flow": "231,695"}, "1/31/2021": {"Duration": "1/31/2021", "Operating Cash Flow": "285,814", "Investing Cash Flow": "-101,900", "Financing Cash Flow": "-10,417", "End Cash Position": "395,635", "Income Tax Paid Supplemental Data": "25,572", "Capital Expenditure": "-159,242", "Issuance of Debt": "220,000", "Repayment of Debt": "-220,000", "Repurchase of Capital Stock": "-10,912", "Free Cash Flow": "126,572"}, "1/31/2020": {"Duration": "1/31/2020", "Operating Cash Flow": "273,893", "Investing Cash Flow": "-186,145", "Financing Cash Flow": "-222,047", "End Cash Position": "221,839", "Income Tax Paid Supplemental Data": "74,429", "Capital Expenditure": "-217,433", "Issuance of Debt": "-", "Repayment of Debt": "-", "Repurchase of Capital Stock": "-223,021", "Free Cash Flow": "56,460"}, "1/31/2019": {"Duration": "1/31/2019", "Operating Cash Flow": "446,624", "Investing Cash Flow": "-244,498", "Financing Cash Flow": "-118,024", "End Cash Position": "358,260", "Income Tax Paid Supplemental Data": "102,211", "Capital Expenditure": "-114,924", "Issuance of Debt": "-", "Repayment of Debt": "0", "Repurchase of Capital Stock": "-131,642", "Free Cash Flow": "331,700"}}}}, {"JWN": {"quote": {"03/21/2021": {"value": "42.49", "Market Cap": "6.704B", "Beta (5Y Monthly)": "2.50", "PE Ratio (TTM)": "N/A", "EPS (TTM)": "-4.39", "Earnings Date": "May 26, 2021 - May 31, 2021", "Forward Dividend & Yield": "N/A (N/A)", "Ex-Dividend Date": "Mar 09, 2020", "1y Target Est": "34.67"}}, "fin": {"TTM": {"Duration": "TTM", "Total Revenue": "10,715,000", "Cost of Revenue": "7,600,000", "Gross Profit": "3,115,000", "Operating Expense": "4,162,000", "Operating Income": "-1,047,000", "Net Non Operating Interest Income Expense": "-181,000", "Pretax Income": "-1,228,000", "Tax Provision": "-538,000", "Net Income Common Stockholders": "-690,000", "Diluted NI Available to Com Stockholders": "-690,000", "Basic EPS": "-", "Diluted EPS": "-", "Basic Average Shares": "-", "Diluted Average Shares": "-", "Total Expenses": "11,762,000", "Net Income from Continuing & Discontinued Operation": "-690,000", "Normalized Income": "-690,000", "Interest Income": "3,000", "Interest Expense": "184,000", "Net Interest Income": "-181,000", "EBIT": "-1,044,000", "EBITDA": "-201,000", "Reconciled Cost of Revenue": "7,600,000", "Reconciled Depreciation": "843,000", "Net Income from Continuing Operation Net Minority Interest": "-690,000", "Total Unusual Items Excluding Goodwill": "-", "Total Unusual Items": "-", "Normalized EBITDA": "-201,000", "Tax Rate for Calcs": "0", "Tax Effect of Unusual Items": "0"}, "1/31/2021": {"Duration": "1/31/2021", "Total Revenue": "10,715,000", "Cost of Revenue": "7,600,000", "Gross Profit": "3,115,000", "Operating Expense": "4,162,000", "Operating Income": "-1,047,000", "Net Non Operating Interest Income Expense": "-181,000", "Pretax Income": "-1,228,000", "Tax Provision": "-538,000", "Net Income Common Stockholders": "-690,000", "Diluted NI Available to Com Stockholders": "-690,000", "Basic EPS": "-", "Diluted EPS": "-", "Basic Average Shares": "-", "Diluted Average Shares": "-", "Total Expenses": "11,762,000", "Net Income from Continuing & Discontinued Operation": "-690,000", "Normalized Income": "-690,000", "Interest Income": "3,000", "Interest Expense": "184,000", "Net Interest Income": "-181,000", "EBIT": "-1,044,000", "EBITDA": "-", "Reconciled Cost of Revenue": "7,600,000", "Reconciled Depreciation": "843,000", "Net Income from Continuing Operation Net Minority Interest": "-690,000", "Total Unusual Items Excluding Goodwill": "-", "Total Unusual Items": "-", "Normalized EBITDA": "-201,000", "Tax Rate for Calcs": "0", "Tax Effect of Unusual Items": "0"}, "1/31/2020": {"Duration": "1/31/2020", "Total Revenue": "15,524,000", "Cost of Revenue": "9,932,000", "Gross Profit": "5,592,000", "Operating Expense": "4,808,000", "Operating Income": "784,000", "Net Non Operating Interest Income Expense": "-102,000", "Pretax Income": "682,000", "Tax Provision": "186,000", "Net Income Common Stockholders": "496,000", "Diluted NI Available to Com Stockholders": "496,000", "Basic EPS": "3.20", "Diluted EPS": "3.18", "Basic Average Shares": "155,200", "Diluted Average Shares": "156,100", "Total Expenses": "14,740,000", "Net Income from Continuing & Discontinued Operation": "496,000", "Normalized Income": "496,000", "Interest Income": "10,000", "Interest Expense": "112,000", "Net Interest Income": "-102,000", "EBIT": "794,000", "EBITDA": "-", "Reconciled Cost of Revenue": "9,932,000", "Reconciled Depreciation": "854,000", "Net Income from Continuing Operation Net Minority Interest": "496,000", "Total Unusual Items Excluding Goodwill": "-", "Total Unusual Items": "-", "Normalized EBITDA": "1,648,000", "Tax Rate for Calcs": "0", "Tax Effect of Unusual Items": "0"}, "1/31/2019": {"Duration": "1/31/2019", "Total Revenue": "15,860,000", "Cost of Revenue": "10,155,000", "Gross Profit": "5,705,000", "Operating Expense": "4,868,000", "Operating Income": "837,000", "Net Non Operating Interest Income Expense": "-104,000", "Pretax Income": "733,000", "Tax Provision": "169,000", "Net Income Common Stockholders": "564,000", "Diluted NI Available to Com Stockholders": "564,000", "Basic EPS": "3.37", "Diluted EPS": "3.32", "Basic Average Shares": "167,300", "Diluted Average Shares": "170,000", "Total Expenses": "15,023,000", "Net Income from Continuing & Discontinued Operation": "564,000", "Normalized Income": "564,000", "Interest Income": "15,000", "Interest Expense": "119,000", "Net Interest Income": "-104,000", "EBIT": "852,000", "EBITDA": "-", "Reconciled Cost of Revenue": "10,155,000", "Reconciled Depreciation": "669,000", "Net Income from Continuing Operation Net Minority Interest": "564,000", "Total Unusual Items Excluding Goodwill": "0", "Total Unusual Items": "0", "Normalized EBITDA": "1,521,000", "Tax Rate for Calcs": "0", "Tax Effect of Unusual Items": "0"}}, "bs": {"1/31/2021": {"Duration": "1/31/2021", "Total Assets": "9,538,000", "Total Liabilities Net Minority Interest": "9,233,000", "Total Equity Gross Minority Interest": "305,000", "Total Capitalization": "3,074,000", "Common Stock Equity": "305,000", "Capital Lease Obligations": "1,947,000", "Net Tangible Assets": "56,000", "Working Capital": "-478,000", "Invested Capital": "3,574,000", "Tangible Book Value": "56,000", "Total Debt": "5,216,000", "Net Debt": "2,588,000", "Share Issued": "157,800", "Ordinary Shares Number": "157,800"}, "1/31/2020": {"Duration": "1/31/2020", "Total Assets": "9,737,000", "Total Liabilities Net Minority Interest": "8,758,000", "Total Equity Gross Minority Interest": "979,000", "Total Capitalization": "3,655,000", "Common Stock Equity": "979,000", "Capital Lease Obligations": "2,119,000", "Net Tangible Assets": "730,000", "Working Capital": "-290,000", "Invested Capital": "3,655,000", "Tangible Book Value": "730,000", "Total Debt": "4,795,000", "Net Debt": "1,823,000", "Share Issued": "155,600", "Ordinary Shares Number": "155,600"}, "1/31/2019": {"Duration": "1/31/2019", "Total Assets": "7,886,000", "Total Liabilities Net Minority Interest": "7,013,000", "Total Equity Gross Minority Interest": "873,000", "Total Capitalization": "3,550,000", "Common Stock Equity": "873,000", "Capital Lease Obligations": "-", "Net Tangible Assets": "624,000", "Working Capital": "-7,000", "Invested Capital": "3,558,000", "Tangible Book Value": "624,000", "Total Debt": "2,685,000", "Net Debt": "1,728,000", "Share Issued": "157,600", "Ordinary Shares Number": "157,600"}}, "cf": {"TTM": {"Duration": "TTM", "Operating Cash Flow": "-348,000", "Investing Cash Flow": "-347,000", "Financing Cash Flow": "530,000", "End Cash Position": "681,000", "Income Tax Paid Supplemental Data": "23,000", "Interest Paid Supplemental Data": "168,000", "Capital Expenditure": "-385,000", "Issuance of Debt": "1,400,000", "Repayment of Debt": "-804,000", "Repurchase of Capital Stock": "0", "Free Cash Flow": "-733,000"}, "1/31/2021": {"Duration": "1/31/2021", "Operating Cash Flow": "-348,000", "Investing Cash Flow": "-347,000", "Financing Cash Flow": "530,000", "End Cash Position": "681,000", "Income Tax Paid Supplemental Data": "23,000", "Interest Paid Supplemental Data": "168,000", "Capital Expenditure": "-385,000", "Issuance of Debt": "1,400,000", "Repayment of Debt": "-804,000", "Repurchase of Capital Stock": "0", "Free Cash Flow": "-733,000"}, "1/31/2020": {"Duration": "1/31/2020", "Operating Cash Flow": "1,236,000", "Investing Cash Flow": "-909,000", "Financing Cash Flow": "-431,000", "End Cash Position": "853,000", "Income Tax Paid Supplemental Data": "178,000", "Interest Paid Supplemental Data": "111,000", "Capital Expenditure": "-935,000", "Issuance of Debt": "499,000", "Repayment of Debt": "-500,000", "Repurchase of Capital Stock": "-210,000", "Free Cash Flow": "301,000"}, "1/31/2019": {"Duration": "1/31/2019", "Operating Cash Flow": "1,296,000", "Investing Cash Flow": "-653,000", "Financing Cash Flow": "-867,000", "End Cash Position": "957,000", "Income Tax Paid Supplemental Data": "280,000", "Interest Paid Supplemental Data": "118,000", "Capital Expenditure": "-654,000", "Issuance of Debt": "0", "Repayment of Debt": "-56,000", "Repurchase of Capital Stock": "-678,000", "Free Cash Flow": "642,000"}}}}, {"TLYS": {"quote": {"03/21/2021": {"value": "11.99", "Market Cap": "357.073M", "Beta (5Y Monthly)": "2.05", "PE Ratio (TTM)": "N/A", "EPS (TTM)": "-0.04", "Earnings Date": "Jun 01, 2021 - Jun 07, 2021", "Forward Dividend & Yield": "N/A (N/A)", "Ex-Dividend Date": "Feb 11, 2020", "1y Target Est": "14.33"}}, "fin": {"TTM": {"Duration": "TTM", "Total Revenue": "609,479", "Cost of Revenue": "413,668", "Gross Profit": "183,216", "Operating Expense": "153,288", "Operating Income": "-92", "Other Income Expense": "2,481", "Pretax Income": "32,769", "Tax Provision": "-2,161", "Net Income Common Stockholders": "4,550", "Diluted NI Available to Com Stockholders": "4,550", "Basic EPS": "-", "Diluted EPS": "-", "Basic Average Shares": "-", "Diluted Average Shares": "-", "Total Operating Income as Reported": "-92", "Total Expenses": "566,378", "Net Income from Continuing & Discontinued Operation": "4,550", "Normalized Income": "4,550", "EBIT": "-92", "EBITDA": "20,671", "Reconciled Cost of Revenue": "413,668", "Reconciled Depreciation": "20,763", "Net Income from Continuing Operation Net Minority Interest": "4,550", "Total Unusual Items Excluding Goodwill": "-", "Total Unusual Items": "-", "Normalized EBITDA": "20,671", "Tax Rate for Calcs": "0", "Tax Effect of Unusual Items": "0"}, "1/31/2021": {"Duration": "1/31/2021", "Total Revenue": "531,329", "Cost of Revenue": "389,139", "Gross Profit": "142,190", "Operating Expense": "145,230", "Operating Income": "-3,040", "Other Income Expense": "581", "Pretax Income": "-2,459", "Tax Provision": "-1,314", "Net Income Common Stockholders": "-1,145", "Diluted NI Available to Com Stockholders": "-1,145", "Basic EPS": "-", "Diluted EPS": "-", "Basic Average Shares": "-", "Diluted Average Shares": "-", "Total Operating Income as Reported": "-3,040", "Total Expenses": "534,369", "Net Income from Continuing & Discontinued Operation": "-1,145", "Normalized Income": "-1,145", "EBIT": "-3,040", "EBITDA": "-", "Reconciled Cost of Revenue": "389,139", "Reconciled Depreciation": "19,055", "Net Income from Continuing Operation Net Minority Interest": "-1,145", "Total Unusual Items Excluding Goodwill": "-", "Total Unusual Items": "-", "Normalized EBITDA": "16,015", "Tax Rate for Calcs": "0", "Tax Effect of Unusual Items": "0"}, "1/31/2020": {"Duration": "1/31/2020", "Total Revenue": "619,300", "Cost of Revenue": "432,592", "Gross Profit": "186,708", "Operating Expense": "158,253", "Operating Income": "28,455", "Other Income Expense": "2,901", "Pretax Income": "31,356", "Tax Provision": "8,734", "Net Income Common Stockholders": "22,622", "Diluted NI Available to Com Stockholders": "22,622", "Basic EPS": "0.77", "Diluted EPS": "0.76", "Basic Average Shares": "29,533", "Diluted Average Shares": "29,788", "Total Operating Income as Reported": "28,455", "Total Expenses": "590,845", "Net Income from Continuing & Discontinued Operation": "22,622", "Normalized Income": "22,622", "EBIT": "28,455", "EBITDA": "-", "Reconciled Cost of Revenue": "432,592", "Reconciled Depreciation": "20,948", "Net Income from Continuing Operation Net Minority Interest": "22,622", "Total Unusual Items Excluding Goodwill": "-", "Total Unusual Items": "-", "Normalized EBITDA": "49,403", "Tax Rate for Calcs": "0", "Tax Effect of Unusual Items": "0"}, "1/31/2019": {"Duration": "1/31/2019", "Total Revenue": "598,478", "Cost of Revenue": "417,582", "Gross Profit": "180,896", "Operating Expense": "149,416", "Operating Income": "31,480", "Other Income Expense": "2,313", "Pretax Income": "33,793", "Tax Provision": "8,850", "Net Income Common Stockholders": "24,943", "Diluted NI Available to Com Stockholders": "24,943", "Basic EPS": "0.85", "Diluted EPS": "0.84", "Basic Average Shares": "29,278", "Diluted Average Shares": "29,768", "Total Operating Income as Reported": "31,480", "Total Expenses": "566,998", "Net Income from Continuing & Discontinued Operation": "24,943", "Normalized Income": "24,943", "EBIT": "31,480", "EBITDA": "-", "Reconciled Cost of Revenue": "417,582", "Reconciled Depreciation": "22,485", "Net Income from Continuing Operation Net Minority Interest": "24,943", "Total Unusual Items Excluding Goodwill": "-", "Total Unusual Items": "-", "Normalized EBITDA": "53,965", "Tax Rate for Calcs": "0", "Tax Effect of Unusual Items": "0"}}, "bs": {"1/31/2021": {"Duration": "1/31/2021", "Total Assets": "505,473", "Total Liabilities Net Minority Interest": "344,851", "Total Equity Gross Minority Interest": "160,622", "Total Capitalization": "160,622", "Common Stock Equity": "160,622", "Capital Lease Obligations": "265,795", "Net Tangible Assets": "160,622", "Working Capital": "78,597", "Invested Capital": "160,622", "Tangible Book Value": "160,622", "Total Debt": "265,795", "Share Issued": "29,780", "Ordinary Shares Number": "29,780"}, "1/31/2020": {"Duration": "1/31/2020", "Total Assets": "546,640", "Total Liabilities Net Minority Interest": "386,739", "Total Equity Gross Minority Interest": "159,901", "Total Capitalization": "159,901", "Common Stock Equity": "159,901", "Capital Lease Obligations": "296,076", "Net Tangible Assets": "159,901", "Working Capital": "63,598", "Invested Capital": "159,901", "Tangible Book Value": "159,901", "Total Debt": "296,076", "Share Issued": "29,729", "Ordinary Shares Number": "29,729"}, "1/31/2019": {"Duration": "1/31/2019", "Total Assets": "293,168", "Total Liabilities Net Minority Interest": "129,841", "Total Equity Gross Minority Interest": "163,327", "Total Capitalization": "163,327", "Common Stock Equity": "163,327", "Capital Lease Obligations": "-", "Net Tangible Assets": "163,327", "Working Capital": "119,882", "Invested Capital": "163,327", "Tangible Book Value": "163,327", "Total Debt": "-", "Share Issued": "29,486", "Ordinary Shares Number": "29,486"}}, "cf": {"TTM": {"Duration": "TTM", "Operating Cash Flow": "19,146", "Investing Cash Flow": "16,686", "Financing Cash Flow": "-4,563", "End Cash Position": "65,133", "Income Tax Paid Supplemental Data": "-", "Interest Paid Supplemental Data": "80", "Capital Expenditure": "-14,788", "Issuance of Debt": "23,675", "Repayment of Debt": "-23,675", "Free Cash Flow": "4,358"}, "1/31/2021": {"Duration": "1/31/2021", "Operating Cash Flow": "38,897", "Investing Cash Flow": "-3,197", "Financing Cash Flow": "-29,653", "End Cash Position": "76,184", "Income Tax Paid Supplemental Data": "-", "Interest Paid Supplemental Data": "-", "Capital Expenditure": "-8,471", "Issuance of Debt": "23,675", "Repayment of Debt": "-23,675", "Free Cash Flow": "30,426"}, "1/31/2020": {"Duration": "1/31/2020", "Operating Cash Flow": "36,434", "Investing Cash Flow": "-6,509", "Financing Cash Flow": "-27,948", "End Cash Position": "70,137", "Income Tax Paid Supplemental Data": "12,130", "Interest Paid Supplemental Data": "13", "Capital Expenditure": "-14,299", "Issuance of Debt": "-", "Repayment of Debt": "0", "Free Cash Flow": "22,135"}, "1/31/2019": {"Duration": "1/31/2019", "Operating Cash Flow": "46,743", "Investing Cash Flow": "-6,259", "Financing Cash Flow": "-25,526", "End Cash Position": "68,160", "Income Tax Paid Supplemental Data": "6,770", "Interest Paid Supplemental Data": "11", "Capital Expenditure": "-14,923", "Issuance of Debt": "-", "Repayment of Debt": "0", "Free Cash Flow": "31,820"}}}}, {"CACH": {"quote": {"03/21/2021": {"value": "0.0130", "Market Cap": "124,148", "Beta (5Y Monthly)": "2.24", "PE Ratio (TTM)": "N/A", "EPS (TTM)": "-1.5200", "Earnings Date": "N/A", "Forward Dividend & Yield": "N/A (N/A)", "Ex-Dividend Date": "N/A", "1y Target Est": "0.20"}}, "fin": {}, "bs": {}, "cf": {}}}, {"ASNA": {"fin": {}, "bs": {}, "cf": {}}}, {"CBK": {"fin": {}, "bs": {}, "cf": {}}}, {"DEST": {"fin": {}, "bs": {}, "cf": {}}}, {"CHKE": {"fin": {}, "bs": {}, "cf": {}}}, {"FRAN": {"fin": {}, "bs": {}, "cf": {}}}, {"DSW": {"fin": {}, "bs": {}, "cf": {}}}, {"SSI": {"fin": {}, "bs": {}, "cf": {}}}, {"SMRT": {"fin": {}, "bs": {}, "cf": {}}}]