[{"AN": {"quote": {"05/11/2021": {"value": "102.80", "Market Cap": "8.273B", "Beta (5Y Monthly)": "1.65", "PE Ratio (TTM)": "10.51", "EPS (TTM)": "9.78", "Earnings Date": "Jul 21, 2021 - Jul 26, 2021", "Forward Dividend & Yield": "N/A (N/A)", "Ex-Dividend Date": "N/A", "1y Target Est": "106.29"}}, "fin": {"TTM": {"Duration": "TTM", "Total Revenue": "20,390,000", "Cost of Revenue": "16,823,600", "Gross Profit": "3,566,400", "Operating Expense": "2,627,400", "Operating Income": "939,000", "Net Non Operating Interest Income Expense": "-157,200", "Other Income Expense": "-231,700", "Pretax Income": "550,100", "Tax Provision": "168,300", "Net Income Common Stockholders": "381,600", "Diluted NI Available to Com Stockholders": "381,600", "Basic EPS": "-", "Diluted EPS": "-", "Basic Average Shares": "-", "Diluted Average Shares": "-", "Total Operating Income as Reported": "563,200", "Total Expenses": "19,451,000", "Net Income from Continuing & Discontinued Operation": "381,600", "Normalized Income": "642,605", "Interest Income": "300", "Interest Expense": "157,500", "Net Interest Income": "-157,200", "EBIT": "707,600", "EBITDA": "906,500", "Reconciled Cost of Revenue": "16,823,600", "Reconciled Depreciation": "198,900", "Net Income from Continuing Operation Net Minority Interest": "381,800", "Total Unusual Items Excluding Goodwill": "-375,800", "Total Unusual Items": "-375,800", "Normalized EBITDA": "1,282,300", "Tax Rate for Calcs": "0", "Tax Effect of Unusual Items": "-114,995"}, "12/31/2020": {"Duration": "12/31/2020", "Total Revenue": "20,390,000", "Cost of Revenue": "16,823,600", "Gross Profit": "3,566,400", "Operating Expense": "2,627,400", "Operating Income": "939,000", "Net Non Operating Interest Income Expense": "-157,200", "Other Income Expense": "-231,700", "Pretax Income": "550,100", "Tax Provision": "168,300", "Net Income Common Stockholders": "381,600", "Diluted NI Available to Com Stockholders": "381,600", "Basic EPS": "-", "Diluted EPS": "-", "Basic Average Shares": "-", "Diluted Average Shares": "-", "Total Operating Income as Reported": "563,200", "Total Expenses": "19,451,000", "Net Income from Continuing & Discontinued Operation": "381,600", "Normalized Income": "642,605", "Interest Income": "300", "Interest Expense": "157,500", "Net Interest Income": "-157,200", "EBIT": "707,600", "EBITDA": "-", "Reconciled Cost of Revenue": "16,823,600", "Reconciled Depreciation": "198,900", "Net Income from Continuing Operation Net Minority Interest": "381,800", "Total Unusual Items Excluding Goodwill": "-375,800", "Total Unusual Items": "-375,800", "Normalized EBITDA": "1,282,300", "Tax Rate for Calcs": "0", "Tax Effect of Unusual Items": "-114,995"}, "12/31/2019": {"Duration": "12/31/2019", "Total Revenue": "21,335,700", "Cost of Revenue": "17,812,700", "Gross Profit": "3,523,000", "Operating Expense": "2,689,800", "Operating Income": "833,200", "Net Non Operating Interest Income Expense": "-244,600", "Other Income Expense": "24,000", "Pretax Income": "612,600", "Tax Provision": "161,800", "Net Income Common Stockholders": "450,000", "Diluted NI Available to Com Stockholders": "450,000", "Basic EPS": "4.97", "Diluted EPS": "4.97", "Basic Average Shares": "90,500", "Diluted Average Shares": "90,543", "Total Operating Income as Reported": "823,600", "Total Expenses": "20,502,500", "Net Income from Continuing & Discontinued Operation": "450,000", "Normalized Income": "457,866", "Interest Income": "500", "Interest Expense": "245,100", "Net Interest Income": "-244,600", "EBIT": "857,700", "EBITDA": "-", "Reconciled Cost of Revenue": "17,812,700", "Reconciled Depreciation": "180,500", "Net Income from Continuing Operation Net Minority Interest": "450,800", "Total Unusual Items Excluding Goodwill": "-9,600", "Total Unusual Items": "-9,600", "Normalized EBITDA": "1,047,800", "Tax Rate for Calcs": "0", "Tax Effect of Unusual Items": "-2,534"}, "12/31/2018": {"Duration": "12/31/2018", "Total Revenue": "21,412,800", "Cost of Revenue": "18,015,500", "Gross Profit": "3,397,300", "Operating Expense": "2,611,300", "Operating Income": "786,000", "Net Non Operating Interest Income Expense": "-248,700", "Other Income Expense": "-7,900", "Pretax Income": "529,400", "Tax Provision": "133,500", "Net Income Common Stockholders": "396,000", "Diluted NI Available to Com Stockholders": "396,000", "Basic EPS": "4.34", "Diluted EPS": "4.34", "Basic Average Shares": "91,300", "Diluted Average Shares": "91,300", "Total Operating Income as Reported": "777,900", "Total Expenses": "20,626,800", "Net Income from Continuing & Discontinued Operation": "396,000", "Normalized Income": "401,959", "Interest Income": "1,100", "Interest Expense": "249,800", "Net Interest Income": "-248,700", "EBIT": "779,200", "EBITDA": "-", "Reconciled Cost of Revenue": "18,015,500", "Reconciled Depreciation": "166,200", "Net Income from Continuing Operation Net Minority Interest": "395,900", "Total Unusual Items Excluding Goodwill": "-8,100", "Total Unusual Items": "-8,100", "Normalized EBITDA": "953,500", "Tax Rate for Calcs": "0", "Tax Effect of Unusual Items": "-2,041"}}, "bs": {"12/31/2020": {"Duration": "12/31/2020", "Total Assets": "9,887,200", "Total Liabilities Net Minority Interest": "6,651,500", "Total Equity Gross Minority Interest": "3,235,700", "Total Capitalization": "5,028,300", "Common Stock Equity": "3,235,700", "Capital Lease Obligations": "324,900", "Net Tangible Assets": "1,529,200", "Working Capital": "-13,200", "Invested Capital": "8,097,400", "Tangible Book Value": "1,529,200", "Total Debt": "5,186,600", "Net Debt": "4,292,100", "Share Issued": "102,562", "Ordinary Shares Number": "83,484", "Treasury Shares Number": "19,079"}, "12/31/2019": {"Duration": "12/31/2019", "Total Assets": "10,543,300", "Total Liabilities Net Minority Interest": "7,381,200", "Total Equity Gross Minority Interest": "3,162,100", "Total Capitalization": "4,740,600", "Common Stock Equity": "3,162,100", "Capital Lease Obligations": "372,200", "Net Tangible Assets": "1,078,600", "Working Capital": "-689,100", "Invested Capital": "8,842,000", "Tangible Book Value": "1,078,600", "Total Debt": "6,052,100", "Net Debt": "5,637,900", "Share Issued": "102,562", "Ordinary Shares Number": "89,349", "Treasury Shares Number": "13,213"}, "12/31/2018": {"Duration": "12/31/2018", "Total Assets": "10,665,100", "Total Liabilities Net Minority Interest": "7,949,100", "Total Equity Gross Minority Interest": "2,716,000", "Total Capitalization": "4,642,200", "Common Stock Equity": "2,716,000", "Capital Lease Obligations": "-", "Net Tangible Assets": "607,400", "Working Capital": "-774,100", "Invested Capital": "9,314,200", "Tangible Book Value": "607,400", "Total Debt": "6,598,200", "Net Debt": "6,549,600", "Share Issued": "102,562", "Ordinary Shares Number": "90,022", "Treasury Shares Number": "12,540"}}, "cf": {"TTM": {"Duration": "TTM", "Operating Cash Flow": "1,207,600", "Investing Cash Flow": "-73,700", "Financing Cash Flow": "-606,700", "End Cash Position": "569,700", "Capital Expenditure": "-156,000", "Issuance of Debt": "1,607,400", "Repayment of Debt": "-1,647,200", "Repurchase of Capital Stock": "-367,200", "Free Cash Flow": "1,051,600"}, "12/31/2020": {"Duration": "12/31/2020", "Operating Cash Flow": "1,207,600", "Investing Cash Flow": "-73,700", "Financing Cash Flow": "-606,700", "End Cash Position": "569,700", "Capital Expenditure": "-156,000", "Issuance of Debt": "1,607,400", "Repayment of Debt": "-1,647,200", "Repurchase of Capital Stock": "-367,200", "Free Cash Flow": "1,051,600"}, "12/31/2019": {"Duration": "12/31/2019", "Operating Cash Flow": "769,200", "Investing Cash Flow": "-115,800", "Financing Cash Flow": "-660,300", "End Cash Position": "42,500", "Capital Expenditure": "-269,300", "Issuance of Debt": "0", "Repayment of Debt": "-491,000", "Repurchase of Capital Stock": "-44,700", "Free Cash Flow": "499,900"}, "12/31/2018": {"Duration": "12/31/2018", "Operating Cash Flow": "511,000", "Investing Cash Flow": "-295,300", "Financing Cash Flow": "-237,400", "End Cash Position": "49,400", "Capital Expenditure": "-400,800", "Issuance of Debt": "300,000", "Repayment of Debt": "-415,800", "Repurchase of Capital Stock": "-100,000", "Free Cash Flow": "110,200"}}}}, {"PAG": {"quote": {"05/11/2021": {"value": "89.42", "Market Cap": "7.228B", "Beta (5Y Monthly)": "1.64", "PE Ratio (TTM)": "10.68", "EPS (TTM)": "8.37", "Earnings Date": "Jul 27, 2021 - Aug 02, 2021", "Forward Dividend & Yield": "1.72 (1.87%)", "Ex-Dividend Date": "Feb 09, 2021", "1y Target Est": "100.17"}}, "fin": {"TTM": {"Duration": "TTM", "Total Revenue": "23,179,400", "Cost of Revenue": "19,723,900", "Gross Profit": "3,455,500", "Operating Expense": "2,802,800", "Operating Income": "652,700", "Net Non Operating Interest Income Expense": "-208,700", "Other Income Expense": "147,500", "Pretax Income": "591,500", "Tax Provision": "156,700", "Net Income Common Stockholders": "435,800", "Diluted NI Available to Com Stockholders": "435,800", "Basic EPS": "-", "Diluted EPS": "-", "Basic Average Shares": "-", "Diluted Average Shares": "-", "Total Operating Income as Reported": "652,700", "Rent Expense Supplemental": "339,900", "Total Expenses": "22,526,700", "Net Income from Continuing & Discontinued Operation": "435,800", "Normalized Income": "435,500", "Interest Expense": "208,700", "Net Interest Income": "-208,700", "EBIT": "800,200", "EBITDA": "909,800", "Reconciled Cost of Revenue": "19,723,900", "Reconciled Depreciation": "109,600", "Net Income from Continuing Operation Net Minority Interest": "435,500", "Normalized EBITDA": "909,800", "Tax Rate for Calcs": "0", "Tax Effect of Unusual Items": "0"}, "12/31/2020": {"Duration": "12/31/2020", "Total Revenue": "20,443,900", "Cost of Revenue": "17,259,400", "Gross Profit": "3,184,500", "Operating Expense": "2,480,000", "Operating Income": "704,500", "Net Non Operating Interest Income Expense": "-165,900", "Other Income Expense": "169,000", "Pretax Income": "707,600", "Tax Provision": "162,700", "Net Income Common Stockholders": "543,600", "Diluted NI Available to Com Stockholders": "543,600", "Basic EPS": "-", "Diluted EPS": "-", "Basic Average Shares": "-", "Diluted Average Shares": "-", "Total Operating Income as Reported": "704,500", "Rent Expense Supplemental": "316,600", "Total Expenses": "19,739,400", "Net Income from Continuing & Discontinued Operation": "543,600", "Normalized Income": "543,200", "Interest Expense": "165,900", "Net Interest Income": "-165,900", "EBIT": "873,500", "EBITDA": "-", "Reconciled Cost of Revenue": "17,259,400", "Reconciled Depreciation": "115,500", "Net Income from Continuing Operation Net Minority Interest": "543,200", "Normalized EBITDA": "989,000", "Tax Rate for Calcs": "0", "Tax Effect of Unusual Items": "0"}, "12/31/2019": {"Duration": "12/31/2019", "Total Revenue": "23,179,400", "Cost of Revenue": "19,723,900", "Gross Profit": "3,455,500", "Operating Expense": "2,802,800", "Operating Income": "652,700", "Net Non Operating Interest Income Expense": "-208,700", "Other Income Expense": "147,500", "Pretax Income": "591,500", "Tax Provision": "156,700", "Net Income Common Stockholders": "435,800", "Diluted NI Available to Com Stockholders": "435,800", "Basic EPS": "5.28", "Diluted EPS": "5.28", "Basic Average Shares": "82,500", "Diluted Average Shares": "82,500", "Total Operating Income as Reported": "652,700", "Rent Expense Supplemental": "339,900", "Total Expenses": "22,526,700", "Net Income from Continuing & Discontinued Operation": "435,800", "Normalized Income": "435,500", "Interest Expense": "208,700", "Net Interest Income": "-208,700", "EBIT": "800,200", "EBITDA": "-", "Reconciled Cost of Revenue": "19,723,900", "Reconciled Depreciation": "109,600", "Net Income from Continuing Operation Net Minority Interest": "435,500", "Normalized EBITDA": "909,800", "Tax Rate for Calcs": "0", "Tax Effect of Unusual Items": "0"}, "12/31/2018": {"Duration": "12/31/2018", "Total Revenue": "22,785,100", "Cost of Revenue": "19,370,200", "Gross Profit": "3,414,900", "Operating Expense": "2,750,000", "Operating Income": "664,900", "Net Non Operating Interest Income Expense": "-195,600", "Other Income Expense": "134,800", "Pretax Income": "604,100", "Tax Provision": "134,300", "Net Income Common Stockholders": "471,000", "Diluted NI Available to Com Stockholders": "471,000", "Basic EPS": "5.53", "Diluted EPS": "5.53", "Basic Average Shares": "85,200", "Diluted Average Shares": "85,200", "Total Operating Income as Reported": "664,900", "Rent Expense Supplemental": "-", "Total Expenses": "22,120,200", "Net Income from Continuing & Discontinued Operation": "471,000", "Normalized Income": "470,500", "Interest Expense": "195,600", "Net Interest Income": "-195,600", "EBIT": "799,700", "EBITDA": "-", "Reconciled Cost of Revenue": "19,370,200", "Reconciled Depreciation": "103,700", "Net Income from Continuing Operation Net Minority Interest": "470,500", "Normalized EBITDA": "903,400", "Tax Rate for Calcs": "0", "Tax Effect of Unusual Items": "0"}}, "bs": {"12/31/2020": {"Duration": "12/31/2020", "Total Assets": "13,247,200", "Total Liabilities Net Minority Interest": "9,921,100", "Total Equity Gross Minority Interest": "3,326,100", "Total Capitalization": "4,904,600", "Common Stock Equity": "3,302,500", "Capital Lease Obligations": "2,350,300", "Net Tangible Assets": "810,700", "Working Capital": "-266,100", "Invested Capital": "6,355,900", "Tangible Book Value": "810,700", "Total Debt": "5,403,700", "Net Debt": "3,003,900", "Share Issued": "80,393", "Ordinary Shares Number": "80,393"}, "12/31/2019": {"Duration": "12/31/2019", "Total Assets": "13,942,700", "Total Liabilities Net Minority Interest": "11,131,100", "Total Equity Gross Minority Interest": "2,811,600", "Total Capitalization": "5,050,400", "Common Stock Equity": "2,793,400", "Capital Lease Obligations": "2,301,200", "Net Tangible Assets": "330,200", "Working Capital": "-116,900", "Invested Capital": "6,747,700", "Tangible Book Value": "330,200", "Total Debt": "6,255,500", "Net Debt": "3,926,200", "Share Issued": "81,085", "Ordinary Shares Number": "81,085"}, "12/31/2018": {"Duration": "12/31/2018", "Total Assets": "10,904,500", "Total Liabilities Net Minority Interest": "8,269,800", "Total Equity Gross Minority Interest": "2,634,700", "Total Capitalization": "4,733,800", "Common Stock Equity": "2,609,100", "Capital Lease Obligations": "-", "Net Tangible Assets": "370,900", "Working Capital": "46,900", "Invested Capital": "6,254,400", "Tangible Book Value": "370,900", "Total Debt": "3,645,300", "Net Debt": "3,605,900", "Share Issued": "84,547", "Ordinary Shares Number": "84,547"}}, "cf": {"TTM": {"Duration": "TTM", "Operating Cash Flow": "518,600", "Investing Cash Flow": "-532,700", "Financing Cash Flow": "2,600", "Cash Flow from Discontinued Operation": "300", "End Cash Position": "28,100", "Income Tax Paid Supplemental Data": "92,400", "Interest Paid Supplemental Data": "204,900", "Capital Expenditure": "-245,300", "Issuance of Debt": "2,100,900", "Repayment of Debt": "-1,793,000", "Repurchase of Capital Stock": "-169,200", "Free Cash Flow": "273,300"}, "12/31/2020": {"Duration": "12/31/2020", "Operating Cash Flow": "1,201,800", "Investing Cash Flow": "-136,500", "Financing Cash Flow": "-1,053,900", "Cash Flow from Discontinued Operation": "300", "End Cash Position": "49,500", "Income Tax Paid Supplemental Data": "17,900", "Interest Paid Supplemental Data": "168,500", "Capital Expenditure": "-185,900", "Issuance of Debt": "2,347,000", "Repayment of Debt": "-3,028,400", "Repurchase of Capital Stock": "-29,400", "Free Cash Flow": "1,015,900"}, "12/31/2019": {"Duration": "12/31/2019", "Operating Cash Flow": "518,600", "Investing Cash Flow": "-532,700", "Financing Cash Flow": "2,600", "Cash Flow from Discontinued Operation": "-", "End Cash Position": "28,100", "Income Tax Paid Supplemental Data": "92,400", "Interest Paid Supplemental Data": "204,900", "Capital Expenditure": "-245,300", "Issuance of Debt": "2,100,900", "Repayment of Debt": "-1,793,000", "Repurchase of Capital Stock": "-169,200", "Free Cash Flow": "273,300"}, "12/31/2018": {"Duration": "12/31/2018", "Operating Cash Flow": "614,700", "Investing Cash Flow": "-525,200", "Financing Cash Flow": "-94,300", "Cash Flow from Discontinued Operation": "-", "End Cash Position": "39,400", "Income Tax Paid Supplemental Data": "39,600", "Interest Paid Supplemental Data": "190,200", "Capital Expenditure": "-305,600", "Issuance of Debt": "1,887,500", "Repayment of Debt": "-1,784,000", "Repurchase of Capital Stock": "-68,900", "Free Cash Flow": "309,100"}}}}, {"ABG": {"quote": {"05/11/2021": {"value": "200.54", "Market Cap": "3.878B", "Beta (5Y Monthly)": "1.73", "PE Ratio (TTM)": "11.83", "EPS (TTM)": "16.95", "Earnings Date": "Jul 27, 2021", "Forward Dividend & Yield": "N/A (N/A)", "Ex-Dividend Date": "Jul 30, 2008", "1y Target Est": "221.57"}}, "fin": {"TTM": {"Duration": "TTM", "Total Revenue": "7,210,300", "Cost of Revenue": "6,041,400", "Gross Profit": "1,168,900", "Operating Expense": "836,800", "Operating Income": "332,100", "Net Non Operating Interest Income Expense": "-92,800", "Other Income Expense": "4,600", "Pretax Income": "243,900", "Tax Provision": "59,500", "Net Income Common Stockholders": "184,400", "Diluted NI Available to Com Stockholders": "184,400", "Basic EPS": "-", "Diluted EPS": "-", "Basic Average Shares": "-", "Diluted Average Shares": "-", "Total Operating Income as Reported": "325,000", "Rent Expense Supplemental": "27,100", "Total Expenses": "6,878,200", "Net Income from Continuing & Discontinued Operation": "184,400", "Normalized Income": "240,329", "Interest Expense": "92,800", "Net Interest Income": "-92,800", "EBIT": "336,700", "EBITDA": "372,900", "Reconciled Cost of Revenue": "6,041,400", "Reconciled Depreciation": "36,200", "Net Income from Continuing Operation Net Minority Interest": "254,400", "Total Unusual Items Excluding Goodwill": "4,600", "Total Unusual Items": "4,600", "Normalized EBITDA": "368,300", "Tax Rate for Calcs": "0", "Tax Effect of Unusual Items": "1,122"}, "12/31/2020": {"Duration": "12/31/2020", "Total Revenue": "7,131,800", "Cost of Revenue": "5,908,400", "Gross Profit": "1,223,400", "Operating Expense": "829,600", "Operating Income": "393,800", "Net Non Operating Interest Income Expense": "-74,400", "Other Income Expense": "18,700", "Pretax Income": "338,100", "Tax Provision": "83,700", "Net Income Common Stockholders": "254,400", "Diluted NI Available to Com Stockholders": "254,400", "Basic EPS": "-", "Diluted EPS": "-", "Basic Average Shares": "-", "Diluted Average Shares": "-", "Total Operating Income as Reported": "370,800", "Rent Expense Supplemental": "32,200", "Total Expenses": "6,738,000", "Net Income from Continuing & Discontinued Operation": "254,400", "Normalized Income": "240,338", "Interest Expense": "74,400", "Net Interest Income": "-74,400", "EBIT": "412,500", "EBITDA": "-", "Reconciled Cost of Revenue": "5,886,600", "Reconciled Depreciation": "60,300", "Net Income from Continuing Operation Net Minority Interest": "254,400", "Total Unusual Items Excluding Goodwill": "18,700", "Total Unusual Items": "18,700", "Normalized EBITDA": "454,100", "Tax Rate for Calcs": "0", "Tax Effect of Unusual Items": "4,638"}, "12/31/2019": {"Duration": "12/31/2019", "Total Revenue": "7,210,300", "Cost of Revenue": "6,041,400", "Gross Profit": "1,168,900", "Operating Expense": "836,800", "Operating Income": "332,100", "Net Non Operating Interest Income Expense": "-92,800", "Other Income Expense": "4,600", "Pretax Income": "243,900", "Tax Provision": "59,500", "Net Income Common Stockholders": "184,400", "Diluted NI Available to Com Stockholders": "184,400", "Basic EPS": "9.65", "Diluted EPS": "9.55", "Basic Average Shares": "19,100", "Diluted Average Shares": "19,300", "Total Operating Income as Reported": "325,000", "Rent Expense Supplemental": "27,100", "Total Expenses": "6,878,200", "Net Income from Continuing & Discontinued Operation": "184,400", "Normalized Income": "180,922", "Interest Expense": "92,800", "Net Interest Income": "-92,800", "EBIT": "336,700", "EBITDA": "-", "Reconciled Cost of Revenue": "6,017,800", "Reconciled Depreciation": "59,800", "Net Income from Continuing Operation Net Minority Interest": "184,400", "Total Unusual Items Excluding Goodwill": "4,600", "Total Unusual Items": "4,600", "Normalized EBITDA": "391,900", "Tax Rate for Calcs": "0", "Tax Effect of Unusual Items": "1,122"}, "12/31/2018": {"Duration": "12/31/2018", "Total Revenue": "6,874,400", "Cost of Revenue": "5,771,400", "Gross Profit": "1,103,000", "Operating Expense": "788,400", "Operating Income": "314,600", "Net Non Operating Interest Income Expense": "-86,100", "Other Income Expense": "-3,700", "Pretax Income": "224,800", "Tax Provision": "56,800", "Net Income Common Stockholders": "168,000", "Diluted NI Available to Com Stockholders": "168,000", "Basic EPS": "8.36", "Diluted EPS": "8.28", "Basic Average Shares": "20,100", "Diluted Average Shares": "20,300", "Total Operating Income as Reported": "310,900", "Rent Expense Supplemental": "-", "Total Expenses": "6,559,800", "Net Income from Continuing & Discontinued Operation": "168,000", "Normalized Income": "170,764", "Interest Expense": "86,100", "Net Interest Income": "-86,100", "EBIT": "310,900", "EBITDA": "-", "Reconciled Cost of Revenue": "5,748,900", "Reconciled Depreciation": "56,200", "Net Income from Continuing Operation Net Minority Interest": "168,000", "Total Unusual Items Excluding Goodwill": "-3,700", "Total Unusual Items": "-3,700", "Normalized EBITDA": "370,800", "Tax Rate for Calcs": "0", "Tax Effect of Unusual Items": "-936.1"}}, "bs": {"12/31/2020": {"Duration": "12/31/2020", "Total Assets": "3,676,300", "Total Liabilities Net Minority Interest": "2,770,800", "Total Equity Gross Minority Interest": "905,500", "Total Capitalization": "2,070,700", "Common Stock Equity": "905,500", "Capital Lease Obligations": "328,500", "Net Tangible Assets": "-81,900", "Working Capital": "182,300", "Invested Capital": "2,744,600", "Tangible Book Value": "-81,900", "Total Debt": "2,167,600", "Net Debt": "1,837,700", "Share Issued": "41,134", "Ordinary Shares Number": "19,285", "Treasury Shares Number": "21,848"}, "12/31/2019": {"Duration": "12/31/2019", "Total Assets": "2,911,300", "Total Liabilities Net Minority Interest": "2,265,000", "Total Equity Gross Minority Interest": "646,300", "Total Capitalization": "1,553,300", "Common Stock Equity": "646,300", "Capital Lease Obligations": "69,600", "Net Tangible Assets": "322,900", "Working Capital": "355,600", "Invested Capital": "2,243,400", "Tangible Book Value": "322,900", "Total Debt": "1,666,700", "Net Debt": "1,593,600", "Share Issued": "41,072", "Ordinary Shares Number": "19,280", "Treasury Shares Number": "21,792"}, "12/31/2018": {"Duration": "12/31/2018", "Total Assets": "2,695,400", "Total Liabilities Net Minority Interest": "2,222,200", "Total Equity Gross Minority Interest": "473,200", "Total Capitalization": "1,339,700", "Common Stock Equity": "473,200", "Capital Lease Obligations": "-", "Net Tangible Assets": "226,200", "Working Capital": "249,700", "Invested Capital": "2,230,600", "Tangible Book Value": "226,200", "Total Debt": "1,757,400", "Net Debt": "1,749,100", "Share Issued": "41,065", "Ordinary Shares Number": "19,346", "Treasury Shares Number": "21,719"}}, "cf": {"TTM": {"Duration": "TTM", "Operating Cash Flow": "349,800", "Investing Cash Flow": "-227,600", "Financing Cash Flow": "-127,000", "End Cash Position": "3,500", "Capital Expenditure": "-71,700", "Issuance of Debt": "4,471,600", "Repayment of Debt": "-4,561,700", "Repurchase of Capital Stock": "-20,500", "Free Cash Flow": "278,100"}, "12/31/2020": {"Duration": "12/31/2020", "Operating Cash Flow": "652,500", "Investing Cash Flow": "-820,800", "Financing Cash Flow": "166,200", "End Cash Position": "1,400", "Capital Expenditure": "-48,800", "Issuance of Debt": "6,326,200", "Repayment of Debt": "-6,150,200", "Repurchase of Capital Stock": "-", "Free Cash Flow": "603,700"}, "12/31/2019": {"Duration": "12/31/2019", "Operating Cash Flow": "349,800", "Investing Cash Flow": "-227,600", "Financing Cash Flow": "-127,000", "End Cash Position": "3,500", "Capital Expenditure": "-66,800", "Issuance of Debt": "4,471,600", "Repayment of Debt": "-4,575,800", "Repurchase of Capital Stock": "-20,500", "Free Cash Flow": "283,000"}, "12/31/2018": {"Duration": "12/31/2018", "Operating Cash Flow": "10,100", "Investing Cash Flow": "-149,600", "Financing Cash Flow": "143,100", "End Cash Position": "8,300", "Capital Expenditure": "-57,900", "Issuance of Debt": "4,665,300", "Repayment of Debt": "-4,410,300", "Repurchase of Capital Stock": "-110,200", "Free Cash Flow": "-47,800"}}}}, {"GPI": {"quote": {"05/11/2021": {"value": "163.10", "Market Cap": "2.961B", "Beta (5Y Monthly)": "2.05", "PE Ratio (TTM)": "8.40", "EPS (TTM)": "19.42", "Earnings Date": "Jul 28, 2021 - Aug 02, 2021", "Forward Dividend & Yield": "1.24 (0.73%)", "Ex-Dividend Date": "Feb 26, 2021", "1y Target Est": "210.20"}}, "fin": {"TTM": {"Duration": "TTM", "Total Revenue": "10,851,800", "Cost of Revenue": "9,082,900", "Gross Profit": "1,769,000", "Operating Expense": "1,245,100", "Operating Income": "523,900", "Net Non Operating Interest Income Expense": "-102,100", "Other Income Expense": "-51,400", "Pretax Income": "370,300", "Tax Provision": "83,800", "Net Income Common Stockholders": "276,200", "Average Dilution Earnings": "-", "Diluted NI Available to Com Stockholders": "276,200", "Basic EPS": "-", "Diluted EPS": "-", "Basic Average Shares": "-", "Diluted Average Shares": "-", "Total Operating Income as Reported": "486,100", "Total Expenses": "10,328,000", "Net Income from Continuing & Discontinued Operation": "286,500", "Normalized Income": "326,284", "Interest Expense": "102,100", "Net Interest Income": "-102,100", "EBIT": "472,400", "EBITDA": "548,200", "Reconciled Cost of Revenue": "9,082,900", "Reconciled Depreciation": "75,800", "Net Income from Continuing Operation Net Minority Interest": "286,500", "Total Unusual Items Excluding Goodwill": "-51,400", "Total Unusual Items": "-51,400", "Normalized EBITDA": "599,600", "Tax Rate for Calcs": "0", "Tax Effect of Unusual Items": "-11,616"}, "12/31/2020": {"Duration": "12/31/2020", "Total Revenue": "10,851,800", "Cost of Revenue": "9,082,900", "Gross Profit": "1,769,000", "Operating Expense": "1,245,100", "Operating Income": "523,900", "Net Non Operating Interest Income Expense": "-102,100", "Other Income Expense": "-51,400", "Pretax Income": "370,300", "Tax Provision": "83,800", "Net Income Common Stockholders": "276,200", "Average Dilution Earnings": "-", "Diluted NI Available to Com Stockholders": "276,200", "Basic EPS": "-", "Diluted EPS": "-", "Basic Average Shares": "-", "Diluted Average Shares": "-", "Total Operating Income as Reported": "486,100", "Total Expenses": "10,328,000", "Net Income from Continuing & Discontinued Operation": "286,500", "Normalized Income": "326,284", "Interest Expense": "102,100", "Net Interest Income": "-102,100", "EBIT": "472,400", "EBITDA": "-", "Reconciled Cost of Revenue": "9,082,900", "Reconciled Depreciation": "75,800", "Net Income from Continuing Operation Net Minority Interest": "286,500", "Total Unusual Items Excluding Goodwill": "-51,400", "Total Unusual Items": "-51,400", "Normalized EBITDA": "599,600", "Tax Rate for Calcs": "0", "Tax Effect of Unusual Items": "-11,616"}, "12/31/2019": {"Duration": "12/31/2019", "Total Revenue": "12,043,800", "Cost of Revenue": "10,227,800", "Gross Profit": "1,816,000", "Operating Expense": "1,430,000", "Operating Income": "386,000", "Net Non Operating Interest Income Expense": "-136,500", "Other Income Expense": "-22,200", "Pretax Income": "227,300", "Tax Provision": "53,300", "Net Income Common Stockholders": "167,600", "Average Dilution Earnings": "-", "Diluted NI Available to Com Stockholders": "167,600", "Basic EPS": "9.00", "Diluted EPS": "9.00", "Basic Average Shares": "18,628", "Diluted Average Shares": "18,628", "Total Operating Income as Reported": "363,700", "Total Expenses": "11,657,800", "Net Income from Continuing & Discontinued Operation": "174,000", "Normalized Income": "191,005", "Interest Expense": "136,500", "Net Interest Income": "-136,500", "EBIT": "363,800", "EBITDA": "-", "Reconciled Cost of Revenue": "10,227,800", "Reconciled Depreciation": "71,600", "Net Income from Continuing Operation Net Minority Interest": "174,000", "Total Unusual Items Excluding Goodwill": "-22,200", "Total Unusual Items": "-22,200", "Normalized EBITDA": "457,600", "Tax Rate for Calcs": "0", "Tax Effect of Unusual Items": "-5,195"}, "12/31/2018": {"Duration": "12/31/2018", "Total Revenue": "11,601,358", "Cost of Revenue": "9,876,265", "Gross Profit": "1,725,093", "Operating Expense": "1,340,127", "Operating Income": "384,966", "Net Non Operating Interest Income Expense": "-135,680", "Other Income Expense": "-43,883", "Pretax Income": "205,403", "Tax Provision": "47,631", "Net Income Common Stockholders": "152,356", "Average Dilution Earnings": "2", "Diluted NI Available to Com Stockholders": "152,358", "Basic EPS": "8.32", "Diluted EPS": "7.83", "Basic Average Shares": "18,322", "Diluted Average Shares": "19,461", "Total Operating Income as Reported": "341,083", "Total Expenses": "11,216,392", "Net Income from Continuing & Discontinued Operation": "157,772", "Normalized Income": "191,474", "Interest Expense": "135,680", "Net Interest Income": "-135,680", "EBIT": "341,083", "EBITDA": "-", "Reconciled Cost of Revenue": "9,876,265", "Reconciled Depreciation": "67,070", "Net Income from Continuing Operation Net Minority Interest": "157,772", "Total Unusual Items Excluding Goodwill": "-43,883", "Total Unusual Items": "-43,883", "Normalized EBITDA": "452,036", "Tax Rate for Calcs": "0", "Tax Effect of Unusual Items": "-10,181"}}, "bs": {"12/31/2020": {"Duration": "12/31/2020", "Total Assets": "5,089,400", "Total Liabilities Net Minority Interest": "3,639,700", "Total Equity Gross Minority Interest": "1,449,700", "Total Capitalization": "2,744,400", "Common Stock Equity": "1,449,700", "Capital Lease Obligations": "229,100", "Net Tangible Assets": "219,800", "Working Capital": "161,500", "Invested Capital": "3,896,200", "Tangible Book Value": "219,800", "Total Debt": "2,675,600", "Net Debt": "2,359,200", "Share Issued": "25,433", "Ordinary Shares Number": "18,091", "Treasury Shares Number": "7,343"}, "12/31/2019": {"Duration": "12/31/2019", "Total Assets": "5,570,200", "Total Liabilities Net Minority Interest": "4,314,500", "Total Equity Gross Minority Interest": "1,255,700", "Total Capitalization": "2,687,800", "Common Stock Equity": "1,255,700", "Capital Lease Obligations": "235,300", "Net Tangible Assets": "-6,100", "Working Capital": "94,000", "Invested Capital": "4,351,200", "Tangible Book Value": "-6,100", "Total Debt": "3,330,800", "Net Debt": "3,071,700", "Share Issued": "25,487", "Ordinary Shares Number": "18,628", "Treasury Shares Number": "6,859"}, "12/31/2018": {"Duration": "12/31/2018", "Total Assets": "5,001,075", "Total Liabilities Net Minority Interest": "3,905,381", "Total Equity Gross Minority Interest": "1,095,694", "Total Capitalization": "2,377,183", "Common Stock Equity": "1,095,694", "Capital Lease Obligations": "42,459", "Net Tangible Assets": "-127,861", "Working Capital": "15,801", "Invested Capital": "4,146,789", "Tangible Book Value": "-127,861", "Total Debt": "3,051,095", "Net Debt": "3,035,163", "Share Issued": "25,494", "Ordinary Shares Number": "18,322", "Treasury Shares Number": "7,172"}}, "cf": {"TTM": {"Duration": "TTM", "Operating Cash Flow": "805,400", "Investing Cash Flow": "-74,700", "Financing Cash Flow": "-668,100", "End Cash Position": "87,300", "Capital Expenditure": "-103,200", "Issuance of Debt": "11,104,000", "Repayment of Debt": "-11,675,400", "Repurchase of Capital Stock": "-80,200", "Free Cash Flow": "702,200"}, "12/31/2020": {"Duration": "12/31/2020", "Operating Cash Flow": "805,400", "Investing Cash Flow": "-74,700", "Financing Cash Flow": "-668,100", "End Cash Position": "87,300", "Capital Expenditure": "-103,200", "Issuance of Debt": "11,104,000", "Repayment of Debt": "-11,675,400", "Repurchase of Capital Stock": "-80,200", "Free Cash Flow": "702,200"}, "12/31/2019": {"Duration": "12/31/2019", "Operating Cash Flow": "370,900", "Investing Cash Flow": "-291,600", "Financing Cash Flow": "-67,000", "End Cash Position": "28,100", "Capital Expenditure": "-191,800", "Issuance of Debt": "7,974,500", "Repayment of Debt": "-8,018,600", "Repurchase of Capital Stock": "-1,400", "Free Cash Flow": "179,100"}, "12/31/2018": {"Duration": "12/31/2018", "Operating Cash Flow": "269,978", "Investing Cash Flow": "-168,001", "Financing Cash Flow": "-109,543", "End Cash Position": "18,720", "Capital Expenditure": "-141,033", "Issuance of Debt": "7,330,409", "Repayment of Debt": "-7,238,797", "Repurchase of Capital Stock": "-183,918", "Free Cash Flow": "128,945"}}}}, {"SAH": {"quote": {"05/11/2021": {"value": "48.68", "Market Cap": "2.025B", "Beta (5Y Monthly)": "2.58", "PE Ratio (TTM)": "10.29", "EPS (TTM)": "4.73", "Earnings Date": "Jul 28, 2021 - Aug 02, 2021", "Forward Dividend & Yield": "0.48 (0.94%)", "Ex-Dividend Date": "Jun 14, 2021", "1y Target Est": "58.67"}}, "fin": {"TTM": {"Duration": "TTM", "Total Revenue": "9,871,066", "Cost of Revenue": "8,432,410", "Gross Profit": "1,438,656", "Operating Expense": "1,161,920", "Operating Income": "276,736", "Net Non Operating Interest Income Expense": "-89,001", "Other Income Expense": "-292,063", "Pretax Income": "-104,328", "Tax Provision": "-11,630", "Net Income Common Stockholders": "-93,226", "Diluted NI Available to Com Stockholders": "-93,226", "Basic EPS": "-", "Diluted EPS": "-", "Basic Average Shares": "-", "Diluted Average Shares": "-", "Total Operating Income as Reported": "-10,913", "Rent Expense Supplemental": "53,113", "Total Expenses": "9,594,330", "Net Income from Continuing & Discontinued Operation": "-93,226", "Normalized Income": "160,957", "Interest Income": "339", "Interest Expense": "86,530", "Net Interest Income": "-89,001", "EBIT": "-17,798", "EBITDA": "73,859", "Reconciled Cost of Revenue": "8,435,535", "Reconciled Depreciation": "88,532", "Net Income from Continuing Operation Net Minority Interest": "-92,698", "Total Unusual Items Excluding Goodwill": "-285,479", "Total Unusual Items": "-285,479", "Normalized EBITDA": "359,338", "Tax Rate for Calcs": "0", "Tax Effect of Unusual Items": "-31,824"}, "12/31/2020": {"Duration": "12/31/2020", "Total Revenue": "9,767,042", "Cost of Revenue": "8,343,397", "Gross Profit": "1,423,645", "Operating Expense": "1,119,689", "Operating Income": "303,956", "Net Non Operating Interest Income Expense": "-68,800", "Other Income Expense": "-269,920", "Pretax Income": "-34,764", "Tax Provision": "15,900", "Net Income Common Stockholders": "-51,385", "Diluted NI Available to Com Stockholders": "-51,385", "Basic EPS": "-", "Diluted EPS": "-", "Basic Average Shares": "-", "Diluted Average Shares": "-", "Total Operating Income as Reported": "33,939", "Rent Expense Supplemental": "54,494", "Total Expenses": "9,463,086", "Net Income from Continuing & Discontinued Operation": "-51,385", "Normalized Income": "146,448", "Interest Income": "339", "Interest Expense": "66,239", "Net Interest Income": "-68,800", "EBIT": "31,475", "EBITDA": "-", "Reconciled Cost of Revenue": "8,346,845", "Reconciled Depreciation": "87,575", "Net Income from Continuing Operation Net Minority Interest": "-50,664", "Total Unusual Items Excluding Goodwill": "-270,017", "Total Unusual Items": "-270,017", "Normalized EBITDA": "392,515", "Tax Rate for Calcs": "0", "Tax Effect of Unusual Items": "-72,905"}, "12/31/2019": {"Duration": "12/31/2019", "Total Revenue": "10,454,343", "Cost of Revenue": "8,933,326", "Gross Profit": "1,521,017", "Operating Expense": "1,192,543", "Operating Income": "328,474", "Net Non Operating Interest Income Expense": "-104,348", "Other Income Expense": "-24,481", "Pretax Income": "199,645", "Tax Provision": "55,108", "Net Income Common Stockholders": "144,137", "Diluted NI Available to Com Stockholders": "144,137", "Basic EPS": "3.35", "Diluted EPS": "3.30", "Basic Average Shares": "43,016", "Diluted Average Shares": "43,710", "Total Operating Income as Reported": "307,706", "Rent Expense Supplemental": "54,611", "Total Expenses": "10,125,869", "Net Income from Continuing & Discontinued Operation": "144,137", "Normalized Income": "157,491", "Interest Income": "-", "Interest Expense": "101,870", "Net Interest Income": "-104,348", "EBIT": "301,515", "EBITDA": "-", "Reconciled Cost of Revenue": "8,936,541", "Reconciled Depreciation": "89,954", "Net Income from Continuing Operation Net Minority Interest": "144,537", "Total Unusual Items Excluding Goodwill": "-17,892", "Total Unusual Items": "-17,892", "Normalized EBITDA": "412,576", "Tax Rate for Calcs": "0", "Tax Effect of Unusual Items": "-4,938"}, "12/31/2018": {"Duration": "12/31/2018", "Total Revenue": "9,951,630", "Cost of Revenue": "8,505,505", "Gross Profit": "1,446,125", "Operating Expense": "1,238,948", "Operating Income": "207,177", "Net Non Operating Interest Income Expense": "-102,919", "Other Income Expense": "-28,946", "Pretax Income": "75,312", "Tax Provision": "22,922", "Net Income Common Stockholders": "51,600", "Diluted NI Available to Com Stockholders": "51,600", "Basic EPS": "1.21", "Diluted EPS": "1.20", "Basic Average Shares": "42,708", "Diluted Average Shares": "42,950", "Total Operating Income as Reported": "177,663", "Rent Expense Supplemental": "64,204", "Total Expenses": "9,744,453", "Net Income from Continuing & Discontinued Operation": "51,650", "Normalized Income": "72,610", "Interest Income": "-", "Interest Expense": "100,501", "Net Interest Income": "-102,919", "EBIT": "175,813", "EBITDA": "-", "Reconciled Cost of Revenue": "8,504,894", "Reconciled Depreciation": "94,234", "Net Income from Continuing Operation Net Minority Interest": "52,390", "Total Unusual Items Excluding Goodwill": "-29,052", "Total Unusual Items": "-29,052", "Normalized EBITDA": "299,099", "Tax Rate for Calcs": "0", "Tax Effect of Unusual Items": "-8,832"}}, "bs": {"12/31/2020": {"Duration": "12/31/2020", "Total Assets": "3,745,993", "Total Liabilities Net Minority Interest": "2,931,188", "Total Equity Gross Minority Interest": "814,805", "Total Capitalization": "1,466,628", "Common Stock Equity": "814,805", "Capital Lease Obligations": "404,708", "Net Tangible Assets": "536,528", "Working Capital": "51,154", "Invested Capital": "2,273,891", "Tangible Book Value": "536,528", "Total Debt": "1,863,794", "Net Debt": "1,288,773", "Share Issued": "77,637", "Ordinary Shares Number": "41,827", "Treasury Shares Number": "35,810"}, "12/31/2019": {"Duration": "12/31/2019", "Total Assets": "4,071,035", "Total Liabilities Net Minority Interest": "3,126,271", "Total Equity Gross Minority Interest": "944,764", "Total Capitalization": "1,581,742", "Common Stock Equity": "944,764", "Capital Lease Obligations": "385,360", "Net Tangible Assets": "404,673", "Working Capital": "-48,546", "Invested Capital": "2,329,873", "Tangible Book Value": "404,673", "Total Debt": "1,770,469", "Net Debt": "1,356,006", "Share Issued": "76,763", "Ordinary Shares Number": "43,134", "Treasury Shares Number": "33,629"}, "12/31/2018": {"Duration": "12/31/2018", "Total Assets": "3,796,807", "Total Liabilities Net Minority Interest": "2,973,691", "Total Equity Gross Minority Interest": "823,116", "Total Capitalization": "1,741,895", "Common Stock Equity": "823,116", "Capital Lease Obligations": "-", "Net Tangible Assets": "243,819", "Working Capital": "47,540", "Invested Capital": "2,481,165", "Tangible Book Value": "243,819", "Total Debt": "1,658,049", "Net Debt": "1,652,195", "Share Issued": "76,227", "Ordinary Shares Number": "42,751", "Treasury Shares Number": "33,476"}}, "cf": {"TTM": {"Duration": "TTM", "Operating Cash Flow": "455,521", "Investing Cash Flow": "1,921", "Financing Cash Flow": "-343,858", "End Cash Position": "115,724", "Income Tax Paid Supplemental Data": "31,526", "Interest Paid Supplemental Data": "86,000", "Capital Expenditure": "-136,075", "Issuance of Capital Stock": "-", "Issuance of Debt": "802,392", "Repayment of Debt": "-1,032,790", "Repurchase of Capital Stock": "-27,808", "Free Cash Flow": "319,446"}, "12/31/2020": {"Duration": "12/31/2020", "Operating Cash Flow": "281,079", "Investing Cash Flow": "-100,184", "Financing Cash Flow": "-39,685", "End Cash Position": "170,313", "Income Tax Paid Supplemental Data": "56,844", "Interest Paid Supplemental Data": "69,337", "Capital Expenditure": "-127,183", "Issuance of Capital Stock": "-", "Issuance of Debt": "518,796", "Repayment of Debt": "-527,742", "Repurchase of Capital Stock": "-71,721", "Free Cash Flow": "153,896"}, "12/31/2019": {"Duration": "12/31/2019", "Operating Cash Flow": "170,914", "Investing Cash Flow": "136,781", "Financing Cash Flow": "-284,446", "End Cash Position": "29,103", "Income Tax Paid Supplemental Data": "72,752", "Interest Paid Supplemental Data": "104,204", "Capital Expenditure": "-125,576", "Issuance of Capital Stock": "60", "Issuance of Debt": "591,576", "Repayment of Debt": "-856,781", "Repurchase of Capital Stock": "-2,381", "Free Cash Flow": "45,338"}, "12/31/2018": {"Duration": "12/31/2018", "Operating Cash Flow": "143,675", "Investing Cash Flow": "-15,331", "Financing Cash Flow": "-128,842", "End Cash Position": "5,854", "Income Tax Paid Supplemental Data": "35,217", "Interest Paid Supplemental Data": "98,126", "Capital Expenditure": "-163,619", "Issuance of Capital Stock": "352", "Issuance of Debt": "940,039", "Repayment of Debt": "-1,039,020", "Repurchase of Capital Stock": "-24,110", "Free Cash Flow": "-19,944"}}}}, {"CRMT": {"quote": {"05/11/2021": {"value": "149.50", "Market Cap": "988.632M", "Beta (5Y Monthly)": "1.44", "PE Ratio (TTM)": "14.81", "EPS (TTM)": "10.09", "Earnings Date": "May 24, 2021", "Forward Dividend & Yield": "N/A (N/A)", "Ex-Dividend Date": "N/A", "1y Target Est": "144.00"}}, "fin": {"TTM": {"Duration": "TTM", "Total Revenue": "760,644", "Cost of Revenue": "394,464", "Gross Profit": "366,180", "Operating Expense": "288,513", "Operating Income": "77,667", "Net Non Operating Interest Income Expense": "-7,767", "Other Income Expense": "195", "Pretax Income": "70,051", "Tax Provision": "14,655", "Net Income Common Stockholders": "55,356", "Diluted NI Available to Com Stockholders": "55,356", "Basic EPS": "-", "Diluted EPS": "-", "Basic Average Shares": "-", "Diluted Average Shares": "-", "Total Expenses": "682,977", "Net Income from Continuing & Discontinued Operation": "55,396", "Normalized Income": "55,277", "Interest Expense": "7,767", "Net Interest Income": "-7,767", "EBIT": "77,818", "EBITDA": "81,628", "Reconciled Cost of Revenue": "394,464", "Reconciled Depreciation": "3,810", "Net Income from Continuing Operation Net Minority Interest": "55,396", "Total Unusual Items Excluding Goodwill": "151", "Total Unusual Items": "151", "Normalized EBITDA": "81,477", "Tax Rate for Calcs": "0", "Tax Effect of Unusual Items": "31.5899"}, "4/30/2020": {"Duration": "4/30/2020", "Total Revenue": "744,611", "Cost of Revenue": "388,475", "Gross Profit": "356,136", "Operating Expense": "283,847", "Operating Income": "72,289", "Net Non Operating Interest Income Expense": "-8,052", "Other Income Expense": "114", "Pretax Income": "64,351", "Tax Provision": "13,008", "Net Income Common Stockholders": "51,303", "Diluted NI Available to Com Stockholders": "51,303", "Basic EPS": "7.74", "Diluted EPS": "7.39", "Basic Average Shares": "6,630", "Diluted Average Shares": "6,946", "Total Expenses": "672,322", "Net Income from Continuing & Discontinued Operation": "51,343", "Normalized Income": "51,252", "Interest Expense": "8,052", "Net Interest Income": "-8,052", "EBIT": "72,403", "EBITDA": "-", "Reconciled Cost of Revenue": "388,475", "Reconciled Depreciation": "3,839", "Net Income from Continuing Operation Net Minority Interest": "51,343", "Total Unusual Items Excluding Goodwill": "114", "Total Unusual Items": "114", "Normalized EBITDA": "76,128", "Tax Rate for Calcs": "0", "Tax Effect of Unusual Items": "23.0441"}, "4/30/2019": {"Duration": "4/30/2019", "Total Revenue": "669,122", "Cost of Revenue": "343,898", "Gross Profit": "325,224", "Operating Expense": "257,581", "Operating Income": "67,643", "Net Non Operating Interest Income Expense": "-7,883", "Other Income Expense": "91", "Pretax Income": "59,851", "Tax Provision": "12,226", "Net Income Common Stockholders": "47,585", "Diluted NI Available to Com Stockholders": "47,585", "Basic EPS": "6.99", "Diluted EPS": "6.73", "Basic Average Shares": "6,811", "Diluted Average Shares": "7,072", "Total Expenses": "601,479", "Net Income from Continuing & Discontinued Operation": "47,625", "Normalized Income": "47,553", "Interest Expense": "7,883", "Net Interest Income": "-7,883", "EBIT": "67,734", "EBITDA": "-", "Reconciled Cost of Revenue": "343,898", "Reconciled Depreciation": "3,969", "Net Income from Continuing Operation Net Minority Interest": "47,625", "Total Unusual Items Excluding Goodwill": "91", "Total Unusual Items": "91", "Normalized EBITDA": "71,612", "Tax Rate for Calcs": "0", "Tax Effect of Unusual Items": "18.5889"}, "4/30/2018": {"Duration": "4/30/2018", "Total Revenue": "612,201", "Cost of Revenue": "315,273", "Gross Profit": "296,928", "Operating Expense": "252,332", "Operating Income": "44,596", "Net Non Operating Interest Income Expense": "-5,599", "Other Income Expense": "-91", "Pretax Income": "38,906", "Tax Provision": "2,397", "Net Income Common Stockholders": "36,469", "Diluted NI Available to Com Stockholders": "36,469", "Basic EPS": "5.04", "Diluted EPS": "4.90", "Basic Average Shares": "7,232", "Diluted Average Shares": "7,441", "Total Expenses": "567,605", "Net Income from Continuing & Discontinued Operation": "36,509", "Normalized Income": "36,594", "Interest Expense": "5,599", "Net Interest Income": "-5,599", "EBIT": "44,505", "EBITDA": "-", "Reconciled Cost of Revenue": "315,273", "Reconciled Depreciation": "4,250", "Net Income from Continuing Operation Net Minority Interest": "36,509", "Total Unusual Items Excluding Goodwill": "-91", "Total Unusual Items": "-91", "Normalized EBITDA": "48,846", "Tax Rate for Calcs": "0", "Tax Effect of Unusual Items": "-5.6065"}}, "bs": {"4/30/2020": {"Duration": "4/30/2020", "Total Assets": "667,324", "Total Liabilities Net Minority Interest": "364,165", "Total Equity Gross Minority Interest": "303,159", "Total Capitalization": "518,182", "Preferred Stock Equity": "400", "Common Stock Equity": "302,659", "Capital Lease Obligations": "63,255", "Net Tangible Assets": "296,242", "Working Capital": "547,066", "Invested Capital": "517,782", "Tangible Book Value": "295,842", "Total Debt": "278,378", "Net Debt": "155,563", "Share Issued": "13,479", "Ordinary Shares Number": "6,619", "Treasury Shares Number": "6,859"}, "4/30/2019": {"Duration": "4/30/2019", "Total Assets": "492,542", "Total Liabilities Net Minority Interest": "231,632", "Total Equity Gross Minority Interest": "260,910", "Total Capitalization": "412,889", "Preferred Stock Equity": "400", "Common Stock Equity": "260,410", "Capital Lease Obligations": "839", "Net Tangible Assets": "260,455", "Working Capital": "443,479", "Invested Capital": "413,763", "Tangible Book Value": "260,055", "Total Debt": "154,192", "Net Debt": "151,601", "Share Issued": "13,376", "Ordinary Shares Number": "6,699", "Treasury Shares Number": "6,677"}, "4/30/2018": {"Duration": "4/30/2018", "Total Assets": "455,584", "Total Liabilities Net Minority Interest": "224,649", "Total Equity Gross Minority Interest": "230,935", "Total Capitalization": "381,980", "Preferred Stock Equity": "400", "Common Stock Equity": "230,435", "Capital Lease Obligations": "1,117", "Net Tangible Assets": "230,480", "Working Capital": "408,593", "Invested Capital": "382,191", "Tangible Book Value": "230,080", "Total Debt": "152,873", "Net Debt": "150,734", "Share Issued": "13,147", "Ordinary Shares Number": "6,849", "Treasury Shares Number": "6,298"}}, "cf": {"TTM": {"Duration": "TTM", "Operating Cash Flow": "15,611", "Investing Cash Flow": "-11,727", "Financing Cash Flow": "45,094", "End Cash Position": "50,618", "Capital Expenditure": "-7,263", "Issuance of Capital Stock": "200", "Issuance of Debt": "325,631", "Repayment of Debt": "-269,819", "Repurchase of Capital Stock": "-11,294", "Free Cash Flow": "8,348"}, "4/30/2020": {"Duration": "4/30/2020", "Operating Cash Flow": "20,917", "Investing Cash Flow": "-9,886", "Financing Cash Flow": "46,777", "End Cash Position": "59,560", "Capital Expenditure": "-5,422", "Issuance of Capital Stock": "190", "Issuance of Debt": "442,490", "Repayment of Debt": "-379,608", "Repurchase of Capital Stock": "-16,009", "Free Cash Flow": "15,495"}, "4/30/2019": {"Duration": "4/30/2019", "Operating Cash Flow": "24,902", "Investing Cash Flow": "-3,887", "Financing Cash Flow": "-20,285", "End Cash Position": "1,752", "Capital Expenditure": "-4,029", "Issuance of Capital Stock": "147", "Issuance of Debt": "450,554", "Repayment of Debt": "-449,883", "Repurchase of Capital Stock": "-26,577", "Free Cash Flow": "20,873"}, "4/30/2018": {"Duration": "4/30/2018", "Operating Cash Flow": "9,994", "Investing Cash Flow": "-1,704", "Financing Cash Flow": "-7,702", "End Cash Position": "1,022", "Capital Expenditure": "-2,258", "Issuance of Capital Stock": "115", "Issuance of Debt": "433,818", "Repayment of Debt": "-400,669", "Repurchase of Capital Stock": "-42,301", "Free Cash Flow": "7,736"}}}}, {"CALI": {"quote": {"05/11/2021": {"value": "0.4396", "Market Cap": "47", "Beta (5Y Monthly)": "5.83", "PE Ratio (TTM)": "N/A", "EPS (TTM)": "-0.3350", "Earnings Date": "Mar 29, 2018 - Mar 30, 2018", "Forward Dividend & Yield": "N/A (N/A)", "Ex-Dividend Date": "N/A", "1y Target Est": "N/A"}}, "fin": {}, "bs": {}, "cf": {}}}, {"AUTCF": {"quote": {"05/11/2021": {"value": "", "Net Assets": "N/A", "Beta (5Y Monthly)": "N/A", "Yield": "N/A", "5y Average Return": "N/A", "Holdings Turnover": "N/A", "Last Dividend": "N/A", "Average for Category": "N/A", "Inception Date": "N/A"}}, "fin": {}, "bs": {}, "cf": {}}}, {"KMX": {"quote": {"05/11/2021": {"value": "123.42", "Market Cap": "20.14B", "Beta (5Y Monthly)": "1.64", "PE Ratio (TTM)": "27.31", "EPS (TTM)": "4.52", "Earnings Date": "Jun 25, 2021", "Forward Dividend & Yield": "N/A (N/A)", "Ex-Dividend Date": "N/A", "1y Target Est": "139.82"}}, "fin": {"TTM": {"Duration": "TTM", "Total Revenue": "18,748,382", "Cost of Revenue": "16,337,769", "Gross Profit": "2,410,613", "Operating Expense": "1,827,449", "Operating Income": "583,164", "Net Non Operating Interest Income Expense": "398,301", "Other Income Expense": "-1,824", "Pretax Income": "979,641", "Tax Provision": "227,733", "Net Income Common Stockholders": "751,908", "Diluted NI Available to Com Stockholders": "751,908", "Basic EPS": "-", "Diluted EPS": "-", "Basic Average Shares": "-", "Diluted Average Shares": "-", "Rent Expense Supplemental": "399,700", "Total Expenses": "18,165,218", "Net Income from Continuing & Discontinued Operation": "751,908", "Normalized Income": "751,908", "Interest Income": "486,497", "Interest Expense": "88,196", "Net Interest Income": "398,301", "EBIT": "1,067,837", "EBITDA": "1,305,917", "Reconciled Cost of Revenue": "16,337,769", "Reconciled Depreciation": "238,080", "Net Income from Continuing Operation Net Minority Interest": "751,908", "Normalized EBITDA": "1,305,917", "Tax Rate for Calcs": "0", "Tax Effect of Unusual Items": "0"}, "2/29/2020": {"Duration": "2/29/2020", "Total Revenue": "20,319,987", "Cost of Revenue": "17,597,647", "Gross Profit": "2,722,340", "Operating Expense": "1,940,067", "Operating Income": "782,273", "Net Non Operating Interest Income Expense": "373,023", "Other Income Expense": "5,690", "Pretax Income": "1,160,986", "Tax Provision": "272,553", "Net Income Common Stockholders": "888,433", "Diluted NI Available to Com Stockholders": "888,433", "Basic EPS": "5.39", "Diluted EPS": "5.33", "Basic Average Shares": "164,836", "Diluted Average Shares": "166,820", "Rent Expense Supplemental": "393,400", "Total Expenses": "19,537,714", "Net Income from Continuing & Discontinued Operation": "888,433", "Normalized Income": "888,433", "Interest Income": "456,030", "Interest Expense": "83,007", "Net Interest Income": "373,023", "EBIT": "1,243,993", "EBITDA": "-", "Reconciled Cost of Revenue": "17,597,647", "Reconciled Depreciation": "215,811", "Net Income from Continuing Operation Net Minority Interest": "888,433", "Normalized EBITDA": "1,459,804", "Tax Rate for Calcs": "0", "Tax Effect of Unusual Items": "0"}, "2/28/2019": {"Duration": "2/28/2019", "Total Revenue": "18,173,100", "Cost of Revenue": "15,692,509", "Gross Profit": "2,480,591", "Operating Expense": "1,730,275", "Operating Income": "750,316", "Net Non Operating Interest Income Expense": "362,898", "Other Income Expense": "-408", "Pretax Income": "1,112,806", "Tax Provision": "270,393", "Net Income Common Stockholders": "842,413", "Diluted NI Available to Com Stockholders": "842,413", "Basic EPS": "4.83", "Diluted EPS": "4.79", "Basic Average Shares": "174,463", "Diluted Average Shares": "175,884", "Rent Expense Supplemental": "359,100", "Total Expenses": "17,422,784", "Net Income from Continuing & Discontinued Operation": "842,413", "Normalized Income": "842,413", "Interest Income": "438,690", "Interest Expense": "75,792", "Net Interest Income": "362,898", "EBIT": "1,188,598", "EBITDA": "-", "Reconciled Cost of Revenue": "15,692,509", "Reconciled Depreciation": "182,247", "Net Income from Continuing Operation Net Minority Interest": "842,413", "Normalized EBITDA": "1,370,845", "Tax Rate for Calcs": "0", "Tax Effect of Unusual Items": "0"}}, "bs": {"2/29/2020": {"Duration": "2/29/2020", "Total Assets": "21,082,182", "Total Liabilities Net Minority Interest": "17,313,307", "Total Equity Gross Minority Interest": "3,768,875", "Total Capitalization": "18,712,931", "Common Stock Equity": "3,768,875", "Capital Lease Obligations": "471,651", "Net Tangible Assets": "3,768,875", "Working Capital": "2,128,980", "Invested Capital": "19,146,387", "Tangible Book Value": "3,768,875", "Total Debt": "15,849,163", "Net Debt": "15,319,301", "Share Issued": "163,081", "Ordinary Shares Number": "163,081"}, "2/28/2019": {"Duration": "2/28/2019", "Total Assets": "18,717,867", "Total Liabilities Net Minority Interest": "15,360,839", "Total Equity Gross Minority Interest": "3,357,028", "Total Capitalization": "16,648,113", "Common Stock Equity": "3,357,028", "Capital Lease Obligations": "527,406", "Net Tangible Assets": "3,357,028", "Working Capital": "1,902,504", "Invested Capital": "17,034,286", "Tangible Book Value": "3,357,028", "Total Debt": "14,204,664", "Net Debt": "13,630,320", "Share Issued": "167,479", "Ordinary Shares Number": "167,479"}}, "cf": {"TTM": {"Duration": "TTM", "Operating Cash Flow": "749,686", "Investing Cash Flow": "-254,853", "Financing Cash Flow": "-256,419", "End Cash Position": "868,443", "Income Tax Paid Supplemental Data": "-", "Interest Paid Supplemental Data": "-", "Capital Expenditure": "-206,671", "Issuance of Capital Stock": "122,325", "Issuance of Debt": "14,270,145", "Repayment of Debt": "-14,363,641", "Repurchase of Capital Stock": "-267,785", "Free Cash Flow": "543,015"}, "2/29/2020": {"Duration": "2/29/2020", "Operating Cash Flow": "-236,606", "Investing Cash Flow": "-389,364", "Financing Cash Flow": "686,983", "End Cash Position": "656,390", "Income Tax Paid Supplemental Data": "-", "Interest Paid Supplemental Data": "-", "Capital Expenditure": "-331,896", "Issuance of Capital Stock": "124,397", "Issuance of Debt": "18,064,032", "Repayment of Debt": "-16,912,508", "Repurchase of Capital Stock": "-567,747", "Free Cash Flow": "-568,502"}, "2/28/2019": {"Duration": "2/28/2019", "Operating Cash Flow": "162,971", "Investing Cash Flow": "-308,513", "Financing Cash Flow": "186,021", "End Cash Position": "595,377", "Income Tax Paid Supplemental Data": "220,669", "Interest Paid Supplemental Data": "74,204", "Capital Expenditure": "-304,636", "Issuance of Capital Stock": "58,130", "Issuance of Debt": "15,207,002", "Repayment of Debt": "-14,158,324", "Repurchase of Capital Stock": "-904,726", "Free Cash Flow": "-141,665"}}}}, {"CPRT": {"quote": {"03/21/2021": {"value": "106.60", "Market Cap": "25.19B", "Beta (5Y Monthly)": "1.02", "PE Ratio (TTM)": "36.12", "EPS (TTM)": "2.95", "Earnings Date": "May 18, 2021 - May 24, 2021", "Forward Dividend & Yield": "N/A (N/A)", "Ex-Dividend Date": "N/A", "1y Target Est": "132.00"}}, "fin": {"TTM": {"Duration": "TTM", "Total Revenue": "2,222,499", "Cost of Revenue": "1,222,509", "Gross Profit": "999,990", "Operating Expense": "196,804", "Operating Income": "803,186", "Net Non Operating Interest Income Expense": "-18,323", "Other Income Expense": "1,163", "Pretax Income": "786,026", "Tax Provision": "98,156", "Net Income Common Stockholders": "687,870", "Diluted NI Available to Com Stockholders": "687,870", "Basic EPS": "-", "Diluted EPS": "-", "Basic Average Shares": "-", "Diluted Average Shares": "-", "Total Operating Income as Reported": "803,186", "Total Expenses": "1,419,313", "Net Income from Continuing & Discontinued Operation": "687,870", "Normalized Income": "687,870", "Interest Income": "1,607", "Interest Expense": "19,930", "Net Interest Income": "-18,323", "EBIT": "805,956", "EBITDA": "904,337", "Reconciled Cost of Revenue": "1,222,509", "Reconciled Depreciation": "98,381", "Net Income from Continuing Operation Net Minority Interest": "687,870", "Total Unusual Items Excluding Goodwill": "-", "Total Unusual Items": "-", "Normalized EBITDA": "904,337", "Tax Rate for Calcs": "0", "Tax Effect of Unusual Items": "0"}, "7/31/2020": {"Duration": "7/31/2020", "Total Revenue": "2,205,583", "Cost of Revenue": "1,197,781", "Gross Profit": "1,007,802", "Operating Expense": "191,703", "Operating Income": "816,099", "Net Non Operating Interest Income Expense": "-18,871", "Other Income Expense": "3,611", "Pretax Income": "800,839", "Tax Provision": "100,932", "Net Income Common Stockholders": "699,907", "Diluted NI Available to Com Stockholders": "699,907", "Basic EPS": "3.00", "Diluted EPS": "2.93", "Basic Average Shares": "233,202", "Diluted Average Shares": "238,656", "Total Operating Income as Reported": "816,099", "Total Expenses": "1,389,484", "Net Income from Continuing & Discontinued Operation": "699,907", "Normalized Income": "699,907", "Interest Income": "1,359", "Interest Expense": "20,230", "Net Interest Income": "-18,871", "EBIT": "821,069", "EBITDA": "-", "Reconciled Cost of Revenue": "1,197,781", "Reconciled Depreciation": "104,257", "Net Income from Continuing Operation Net Minority Interest": "699,907", "Total Unusual Items Excluding Goodwill": "0", "Total Unusual Items": "0", "Normalized EBITDA": "925,326", "Tax Rate for Calcs": "0", "Tax Effect of Unusual Items": "0"}, "7/31/2019": {"Duration": "7/31/2019", "Total Revenue": "2,041,957", "Cost of Revenue": "1,143,615", "Gross Profit": "898,342", "Operating Expense": "181,867", "Operating Income": "716,475", "Net Non Operating Interest Income Expense": "-17,585", "Other Income Expense": "6,061", "Pretax Income": "704,951", "Tax Provision": "113,258", "Net Income Common Stockholders": "591,693", "Diluted NI Available to Com Stockholders": "591,693", "Basic EPS": "2.57", "Diluted EPS": "2.46", "Basic Average Shares": "230,489", "Diluted Average Shares": "240,453", "Total Operating Income as Reported": "716,475", "Total Expenses": "1,325,482", "Net Income from Continuing & Discontinued Operation": "591,693", "Normalized Income": "591,693", "Interest Income": "2,225", "Interest Expense": "19,810", "Net Interest Income": "-17,585", "EBIT": "724,761", "EBITDA": "-", "Reconciled Cost of Revenue": "1,143,615", "Reconciled Depreciation": "85,334", "Net Income from Continuing Operation Net Minority Interest": "591,693", "Total Unusual Items Excluding Goodwill": "0", "Total Unusual Items": "0", "Normalized EBITDA": "810,095", "Tax Rate for Calcs": "0", "Tax Effect of Unusual Items": "0"}, "7/31/2018": {"Duration": "7/31/2018", "Total Revenue": "1,805,695", "Cost of Revenue": "1,043,329", "Gross Profit": "762,366", "Operating Expense": "176,890", "Operating Income": "585,476", "Net Non Operating Interest Income Expense": "-19,075", "Other Income Expense": "-3,890", "Pretax Income": "562,511", "Tax Provision": "144,504", "Net Income Common Stockholders": "417,867", "Diluted NI Available to Com Stockholders": "417,867", "Basic EPS": "1.80", "Diluted EPS": "1.73", "Basic Average Shares": "231,793", "Diluted Average Shares": "241,877", "Total Operating Income as Reported": "584,345", "Total Expenses": "1,220,219", "Net Income from Continuing & Discontinued Operation": "417,867", "Normalized Income": "418,707", "Interest Income": "1,293", "Interest Expense": "20,368", "Net Interest Income": "-19,075", "EBIT": "582,879", "EBITDA": "-", "Reconciled Cost of Revenue": "1,043,329", "Reconciled Depreciation": "79,040", "Net Income from Continuing Operation Net Minority Interest": "417,867", "Total Unusual Items Excluding Goodwill": "-1,131", "Total Unusual Items": "-1,131", "Normalized EBITDA": "663,050", "Tax Rate for Calcs": "0", "Tax Effect of Unusual Items": "-290.667"}}, "bs": {"7/31/2020": {"Duration": "7/31/2020", "Total Assets": "3,455,261", "Total Liabilities Net Minority Interest": "965,745", "Total Equity Gross Minority Interest": "2,489,516", "Total Capitalization": "2,886,552", "Common Stock Equity": "2,489,516", "Capital Lease Obligations": "121,156", "Net Tangible Assets": "2,098,122", "Working Capital": "607,715", "Invested Capital": "2,886,552", "Tangible Book Value": "2,098,122", "Total Debt": "518,192", "Net Debt": "-", "Share Issued": "235,315", "Ordinary Shares Number": "235,315"}, "7/31/2019": {"Duration": "7/31/2019", "Total Assets": "2,547,617", "Total Liabilities Net Minority Interest": "769,236", "Total Equity Gross Minority Interest": "1,778,381", "Total Capitalization": "2,178,472", "Common Stock Equity": "1,778,381", "Capital Lease Obligations": "-", "Net Tangible Assets": "1,389,904", "Working Capital": "405,163", "Invested Capital": "2,179,610", "Tangible Book Value": "1,389,904", "Total Debt": "401,229", "Net Debt": "214,910", "Share Issued": "229,790", "Ordinary Shares Number": "229,790"}, "7/31/2018": {"Duration": "7/31/2018", "Total Assets": "2,307,698", "Total Liabilities Net Minority Interest": "726,599", "Total Equity Gross Minority Interest": "1,581,099", "Total Capitalization": "1,979,846", "Common Stock Equity": "1,581,099", "Capital Lease Obligations": "-", "Net Tangible Assets": "1,178,972", "Working Capital": "431,860", "Invested Capital": "1,980,997", "Tangible Book Value": "1,178,972", "Total Debt": "399,898", "Net Debt": "125,378", "Share Issued": "233,899", "Ordinary Shares Number": "233,899"}}, "cf": {"TTM": {"Duration": "TTM", "Operating Cash Flow": "844,118", "Investing Cash Flow": "-602,959", "Financing Cash Flow": "-30,055", "End Cash Position": "313,930", "Income Tax Paid Supplemental Data": "80,824", "Interest Paid Supplemental Data": "19,103", "Capital Expenditure": "-602,277", "Issuance of Debt": "-", "Repayment of Debt": "-1,687", "Repurchase of Capital Stock": "0", "Free Cash Flow": "241,841"}, "7/31/2020": {"Duration": "7/31/2020", "Operating Cash Flow": "917,885", "Investing Cash Flow": "-601,208", "Financing Cash Flow": "-27,414", "End Cash Position": "477,718", "Income Tax Paid Supplemental Data": "83,770", "Interest Paid Supplemental Data": "19,728", "Capital Expenditure": "-591,972", "Issuance of Debt": "-", "Repayment of Debt": "-1,065", "Repurchase of Capital Stock": "0", "Free Cash Flow": "325,913"}, "7/31/2019": {"Duration": "7/31/2019", "Operating Cash Flow": "646,646", "Investing Cash Flow": "-356,267", "Financing Cash Flow": "-370,304", "End Cash Position": "186,319", "Income Tax Paid Supplemental Data": "82,448", "Interest Paid Supplemental Data": "19,289", "Capital Expenditure": "-373,883", "Issuance of Debt": "-", "Repayment of Debt": "0", "Repurchase of Capital Stock": "-364,997", "Free Cash Flow": "272,763"}, "7/31/2018": {"Duration": "7/31/2018", "Operating Cash Flow": "535,069", "Investing Cash Flow": "-288,476", "Financing Cash Flow": "-182,038", "End Cash Position": "274,520", "Income Tax Paid Supplemental Data": "142,161", "Interest Paid Supplemental Data": "20,343", "Capital Expenditure": "-287,910", "Issuance of Debt": "0", "Repayment of Debt": "-231,000", "Repurchase of Capital Stock": "0", "Free Cash Flow": "247,159"}}}}, {"RUSHB": {"quote": {"05/11/2021": {"value": "44.16", "Market Cap": "2.664B", "Beta (5Y Monthly)": "1.27", "PE Ratio (TTM)": "18.22", "EPS (TTM)": "2.42", "Earnings Date": "Feb 11, 2020 - Feb 17, 2020", "Forward Dividend & Yield": "0.72 (1.60%)", "Ex-Dividend Date": "May 07, 2021", "1y Target Est": "N/A"}}, "fin": {"TTM": {"Duration": "TTM", "Total Revenue": "4,735,940", "Cost of Revenue": "3,860,473", "Gross Profit": "875,467", "Operating Expense": "722,714", "Operating Income": "152,753", "Net Non Operating Interest Income Expense": "-9,014", "Other Income Expense": "7,984", "Pretax Income": "151,723", "Tax Provision": "36,836", "Net Income Common Stockholders": "114,887", "Diluted NI Available to Com Stockholders": "114,887", "Basic EPS": "-", "Diluted EPS": "-", "Basic Average Shares": "-", "Diluted Average Shares": "-", "Total Operating Income as Reported": "154,605", "Rent Expense Supplemental": "202,412", "Total Expenses": "4,583,187", "Net Income from Continuing & Discontinued Operation": "114,887", "Normalized Income": "113,485", "Interest Income": "713", "Interest Expense": "9,727", "Net Interest Income": "-9,014", "EBIT": "161,450", "EBITDA": "338,797", "Reconciled Cost of Revenue": "3,740,582", "Reconciled Depreciation": "177,347", "Net Income from Continuing Operation Net Minority Interest": "114,887", "Total Unusual Items Excluding Goodwill": "1,852", "Total Unusual Items": "1,852", "Normalized EBITDA": "336,945", "Tax Rate for Calcs": "0", "Tax Effect of Unusual Items": "450.036"}, "12/31/2020": {"Duration": "12/31/2020", "Total Revenue": "4,735,940", "Cost of Revenue": "3,860,473", "Gross Profit": "875,467", "Operating Expense": "722,714", "Operating Income": "152,753", "Net Non Operating Interest Income Expense": "-9,014", "Other Income Expense": "7,984", "Pretax Income": "151,723", "Tax Provision": "36,836", "Net Income Common Stockholders": "114,887", "Diluted NI Available to Com Stockholders": "114,887", "Basic EPS": "-", "Diluted EPS": "-", "Basic Average Shares": "-", "Diluted Average Shares": "-", "Total Operating Income as Reported": "154,605", "Rent Expense Supplemental": "202,412", "Total Expenses": "4,583,187", "Net Income from Continuing & Discontinued Operation": "114,887", "Normalized Income": "113,485", "Interest Income": "713", "Interest Expense": "9,727", "Net Interest Income": "-9,014", "EBIT": "161,450", "EBITDA": "-", "Reconciled Cost of Revenue": "3,740,582", "Reconciled Depreciation": "177,347", "Net Income from Continuing Operation Net Minority Interest": "114,887", "Total Unusual Items Excluding Goodwill": "1,852", "Total Unusual Items": "1,852", "Normalized EBITDA": "336,945", "Tax Rate for Calcs": "0", "Tax Effect of Unusual Items": "450.036"}, "12/31/2019": {"Duration": "12/31/2019", "Total Revenue": "5,809,847", "Cost of Revenue": "4,784,219", "Gross Profit": "1,025,628", "Operating Expense": "809,121", "Operating Income": "216,507", "Net Non Operating Interest Income Expense": "-28,807", "Other Income Expense": "1,823", "Pretax Income": "189,523", "Tax Provision": "47,940", "Net Income Common Stockholders": "141,583", "Diluted NI Available to Com Stockholders": "141,583", "Basic EPS": "2.57", "Diluted EPS": "2.51", "Basic Average Shares": "54,989", "Diluted Average Shares": "56,357", "Total Operating Income as Reported": "216,405", "Rent Expense Supplemental": "206,200", "Total Expenses": "5,593,340", "Net Income from Continuing & Discontinued Operation": "141,583", "Normalized Income": "141,659", "Interest Income": "1,680", "Interest Expense": "30,487", "Net Interest Income": "-28,807", "EBIT": "220,010", "EBITDA": "-", "Reconciled Cost of Revenue": "4,664,107", "Reconciled Depreciation": "175,484", "Net Income from Continuing Operation Net Minority Interest": "141,583", "Total Unusual Items Excluding Goodwill": "-102", "Total Unusual Items": "-102", "Normalized EBITDA": "395,596", "Tax Rate for Calcs": "0", "Tax Effect of Unusual Items": "-25.806"}, "12/31/2018": {"Duration": "12/31/2018", "Total Revenue": "5,506,190", "Cost of Revenue": "4,527,921", "Gross Profit": "978,269", "Operating Expense": "775,715", "Operating Income": "202,554", "Net Non Operating Interest Income Expense": "-19,682", "Other Income Expense": "297", "Pretax Income": "183,169", "Tax Provision": "44,107", "Net Income Common Stockholders": "139,062", "Diluted NI Available to Com Stockholders": "139,062", "Basic EPS": "2.37", "Diluted EPS": "2.30", "Basic Average Shares": "58,835", "Diluted Average Shares": "60,440", "Total Operating Income as Reported": "202,851", "Rent Expense Supplemental": "197,271", "Total Expenses": "5,303,636", "Net Income from Continuing & Discontinued Operation": "139,062", "Normalized Income": "138,837", "Interest Income": "1,376", "Interest Expense": "21,058", "Net Interest Income": "-19,682", "EBIT": "204,227", "EBITDA": "-", "Reconciled Cost of Revenue": "4,413,288", "Reconciled Depreciation": "185,122", "Net Income from Continuing Operation Net Minority Interest": "139,062", "Total Unusual Items Excluding Goodwill": "297", "Total Unusual Items": "297", "Normalized EBITDA": "389,052", "Tax Rate for Calcs": "0", "Tax Effect of Unusual Items": "71.874"}}, "bs": {"12/31/2020": {"Duration": "12/31/2020", "Total Assets": "2,985,393", "Total Liabilities Net Minority Interest": "1,717,356", "Total Equity Gross Minority Interest": "1,268,037", "Total Capitalization": "1,656,019", "Common Stock Equity": "1,268,037", "Capital Lease Obligations": "178,464", "Net Tangible Assets": "975,895", "Working Capital": "330,932", "Invested Capital": "2,309,477", "Tangible Book Value": "975,895", "Total Debt": "1,219,904", "Net Debt": "729,392", "Share Issued": "55,058", "Ordinary Shares Number": "54,974", "Treasury Shares Number": "83.772"}, "12/31/2019": {"Duration": "12/31/2019", "Total Assets": "3,407,329", "Total Liabilities Net Minority Interest": "2,247,836", "Total Equity Gross Minority Interest": "1,159,493", "Total Capitalization": "1,597,906", "Common Stock Equity": "1,159,493", "Capital Lease Obligations": "150,039", "Net Tangible Assets": "867,351", "Working Capital": "205,162", "Invested Capital": "2,783,507", "Tangible Book Value": "867,351", "Total Debt": "1,774,053", "Net Debt": "1,442,394", "Share Issued": "71,043", "Ordinary Shares Number": "55,500", "Treasury Shares Number": "15,543"}, "12/31/2018": {"Duration": "12/31/2018", "Total Assets": "3,201,350", "Total Liabilities Net Minority Interest": "2,134,422", "Total Equity Gross Minority Interest": "1,066,928", "Total Capitalization": "1,506,146", "Common Stock Equity": "1,066,928", "Capital Lease Obligations": "69,114", "Net Tangible Assets": "775,537", "Working Capital": "194,649", "Invested Capital": "2,691,120", "Tangible Book Value": "775,537", "Total Debt": "1,693,306", "Net Debt": "1,492,466", "Share Issued": "68,734", "Ordinary Shares Number": "55,500", "Treasury Shares Number": "13,234"}}, "cf": {"TTM": {"Duration": "TTM", "Operating Cash Flow": "762,982", "Investing Cash Flow": "-127,457", "Financing Cash Flow": "-505,097", "End Cash Position": "312,048", "Income Tax Paid Supplemental Data": "36,364", "Interest Paid Supplemental Data": "38,806", "Capital Expenditure": "-136,200", "Issuance of Debt": "157,255", "Repayment of Debt": "-636,063", "Repurchase of Capital Stock": "-24,865", "Free Cash Flow": "626,782"}, "12/31/2020": {"Duration": "12/31/2020", "Operating Cash Flow": "762,982", "Investing Cash Flow": "-127,457", "Financing Cash Flow": "-505,097", "End Cash Position": "312,048", "Income Tax Paid Supplemental Data": "36,364", "Interest Paid Supplemental Data": "38,806", "Capital Expenditure": "-136,200", "Issuance of Debt": "157,255", "Repayment of Debt": "-636,063", "Repurchase of Capital Stock": "-24,865", "Free Cash Flow": "626,782"}, "12/31/2019": {"Duration": "12/31/2019", "Operating Cash Flow": "421,272", "Investing Cash Flow": "-320,456", "Financing Cash Flow": "-50,922", "End Cash Position": "181,620", "Income Tax Paid Supplemental Data": "42,440", "Interest Paid Supplemental Data": "57,373", "Capital Expenditure": "-293,493", "Issuance of Debt": "344,939", "Repayment of Debt": "-326,869", "Repurchase of Capital Stock": "-58,188", "Free Cash Flow": "127,779"}, "12/31/2018": {"Duration": "12/31/2018", "Operating Cash Flow": "215,364", "Investing Cash Flow": "-227,243", "Financing Cash Flow": "19,064", "End Cash Position": "131,726", "Income Tax Paid Supplemental Data": "28,674", "Interest Paid Supplemental Data": "42,752", "Capital Expenditure": "-238,260", "Issuance of Debt": "324,563", "Repayment of Debt": "-179,535", "Repurchase of Capital Stock": "-120,558", "Free Cash Flow": "-22,896"}}}}, {"LAD": {"quote": {"05/11/2021": {"value": "365.73", "Market Cap": "10.109B", "Beta (5Y Monthly)": "1.83", "PE Ratio (TTM)": "15.71", "EPS (TTM)": "23.27", "Earnings Date": "Jul 20, 2021 - Jul 26, 2021", "Forward Dividend & Yield": "1.40 (0.38%)", "Ex-Dividend Date": "May 06, 2021", "1y Target Est": "435.80"}}, "fin": {"TTM": {"Duration": "TTM", "Total Revenue": "13,124,300", "Cost of Revenue": "10,898,700", "Gross Profit": "2,225,600", "Operating Expense": "1,538,800", "Operating Income": "686,800", "Net Non Operating Interest Income Expense": "-107,500", "Other Income Expense": "69,200", "Pretax Income": "648,500", "Tax Provision": "178,200", "Net Income Common Stockholders": "470,300", "Diluted NI Available to Com Stockholders": "470,300", "Basic EPS": "-", "Diluted EPS": "-", "Basic Average Shares": "-", "Diluted Average Shares": "-", "Total Operating Income as Reported": "697,100", "Rent Expense Supplemental": "41,400", "Total Expenses": "12,437,500", "Net Income from Continuing & Discontinued Operation": "470,300", "Normalized Income": "462,833", "Interest Expense": "107,500", "Net Interest Income": "-107,500", "EBIT": "756,000", "EBITDA": "877,300", "Reconciled Cost of Revenue": "10,869,700", "Reconciled Depreciation": "121,300", "Net Income from Continuing Operation Net Minority Interest": "470,300", "Total Unusual Items Excluding Goodwill": "10,300", "Total Unusual Items": "10,300", "Normalized EBITDA": "867,000", "Tax Rate for Calcs": "0", "Tax Effect of Unusual Items": "2,833"}, "12/31/2020": {"Duration": "12/31/2020", "Total Revenue": "13,124,300", "Cost of Revenue": "10,898,700", "Gross Profit": "2,225,600", "Operating Expense": "1,538,800", "Operating Income": "686,800", "Net Non Operating Interest Income Expense": "-107,500", "Other Income Expense": "69,200", "Pretax Income": "648,500", "Tax Provision": "178,200", "Net Income Common Stockholders": "470,300", "Diluted NI Available to Com Stockholders": "470,300", "Basic EPS": "-", "Diluted EPS": "-", "Basic Average Shares": "-", "Diluted Average Shares": "-", "Total Operating Income as Reported": "697,100", "Rent Expense Supplemental": "41,400", "Total Expenses": "12,437,500", "Net Income from Continuing & Discontinued Operation": "470,300", "Normalized Income": "462,833", "Interest Expense": "107,500", "Net Interest Income": "-107,500", "EBIT": "756,000", "EBITDA": "-", "Reconciled Cost of Revenue": "10,869,700", "Reconciled Depreciation": "121,300", "Net Income from Continuing Operation Net Minority Interest": "470,300", "Total Unusual Items Excluding Goodwill": "10,300", "Total Unusual Items": "10,300", "Normalized EBITDA": "867,000", "Tax Rate for Calcs": "0", "Tax Effect of Unusual Items": "2,833"}, "12/31/2019": {"Duration": "12/31/2019", "Total Revenue": "12,672,700", "Cost of Revenue": "10,718,900", "Gross Profit": "1,953,800", "Operating Expense": "1,465,900", "Operating Income": "487,900", "Net Non Operating Interest Income Expense": "-133,400", "Other Income Expense": "20,900", "Pretax Income": "375,400", "Tax Provision": "103,900", "Net Income Common Stockholders": "271,500", "Diluted NI Available to Com Stockholders": "271,500", "Basic EPS": "11.70", "Diluted EPS": "11.60", "Basic Average Shares": "23,200", "Diluted Average Shares": "23,400", "Total Operating Income as Reported": "495,000", "Rent Expense Supplemental": "41,300", "Total Expenses": "12,184,800", "Net Income from Continuing & Discontinued Operation": "271,500", "Normalized Income": "266,367", "Interest Expense": "133,400", "Net Interest Income": "-133,400", "EBIT": "508,800", "EBITDA": "-", "Reconciled Cost of Revenue": "10,718,900", "Reconciled Depreciation": "82,400", "Net Income from Continuing Operation Net Minority Interest": "271,500", "Total Unusual Items Excluding Goodwill": "7,100", "Total Unusual Items": "7,100", "Normalized EBITDA": "584,100", "Tax Rate for Calcs": "0", "Tax Effect of Unusual Items": "1,967"}, "12/31/2018": {"Duration": "12/31/2018", "Total Revenue": "11,821,400", "Cost of Revenue": "10,044,400", "Gross Profit": "1,777,000", "Operating Expense": "1,343,500", "Operating Income": "433,500", "Net Non Operating Interest Income Expense": "-118,300", "Other Income Expense": "22,300", "Pretax Income": "337,500", "Tax Provision": "71,800", "Net Income Common Stockholders": "265,700", "Diluted NI Available to Com Stockholders": "265,700", "Basic EPS": "11.55", "Diluted EPS": "10.86", "Basic Average Shares": "23,000", "Diluted Average Shares": "24,500", "Total Operating Income as Reported": "447,000", "Rent Expense Supplemental": "43,300", "Total Expenses": "11,387,900", "Net Income from Continuing & Discontinued Operation": "265,700", "Normalized Income": "255,076", "Interest Expense": "118,300", "Net Interest Income": "-118,300", "EBIT": "455,800", "EBITDA": "-", "Reconciled Cost of Revenue": "10,044,400", "Reconciled Depreciation": "75,400", "Net Income from Continuing Operation Net Minority Interest": "265,700", "Total Unusual Items Excluding Goodwill": "13,500", "Total Unusual Items": "13,500", "Normalized EBITDA": "517,700", "Tax Rate for Calcs": "0", "Tax Effect of Unusual Items": "2,876"}}, "bs": {"12/31/2020": {"Duration": "12/31/2020", "Total Assets": "7,902,100", "Total Liabilities Net Minority Interest": "5,240,600", "Total Equity Gross Minority Interest": "2,661,500", "Total Capitalization": "4,726,200", "Common Stock Equity": "2,661,500", "Capital Lease Obligations": "246,700", "Net Tangible Assets": "1,718,300", "Working Capital": "857,900", "Invested Capital": "6,589,400", "Tangible Book Value": "1,718,300", "Total Debt": "4,174,600", "Net Debt": "3,767,700", "Share Issued": "26,500", "Ordinary Shares Number": "26,500"}, "12/31/2019": {"Duration": "12/31/2019", "Total Assets": "6,083,900", "Total Liabilities Net Minority Interest": "4,616,200", "Total Equity Gross Minority Interest": "1,467,700", "Total Capitalization": "2,898,300", "Common Stock Equity": "1,467,700", "Capital Lease Obligations": "238,500", "Net Tangible Assets": "706,400", "Working Capital": "501,400", "Invested Capital": "5,005,200", "Tangible Book Value": "706,400", "Total Debt": "3,776,000", "Net Debt": "3,453,500", "Share Issued": "23,200", "Ordinary Shares Number": "23,200"}, "12/31/2018": {"Duration": "12/31/2018", "Total Assets": "5,384,000", "Total Liabilities Net Minority Interest": "4,186,800", "Total Equity Gross Minority Interest": "1,197,200", "Total Capitalization": "2,555,400", "Common Stock Equity": "1,197,200", "Capital Lease Obligations": "-", "Net Tangible Assets": "473,600", "Working Capital": "497,900", "Invested Capital": "4,639,000", "Tangible Book Value": "473,600", "Total Debt": "3,441,800", "Net Debt": "3,410,200", "Share Issued": "23,000", "Ordinary Shares Number": "23,000"}}, "cf": {"TTM": {"Duration": "TTM", "Operating Cash Flow": "542,200", "Investing Cash Flow": "-1,605,800", "Financing Cash Flow": "1,139,700", "End Cash Position": "160,200", "Income Tax Paid Supplemental Data": "135,000", "Interest Paid Supplemental Data": "107,700", "Capital Expenditure": "-167,800", "Issuance of Capital Stock": "790,400", "Issuance of Debt": "2,431,900", "Repayment of Debt": "-1,991,700", "Repurchase of Capital Stock": "-50,600", "Free Cash Flow": "374,400"}, "12/31/2020": {"Duration": "12/31/2020", "Operating Cash Flow": "542,200", "Investing Cash Flow": "-1,605,800", "Financing Cash Flow": "1,139,700", "End Cash Position": "160,200", "Income Tax Paid Supplemental Data": "135,000", "Interest Paid Supplemental Data": "107,700", "Capital Expenditure": "-167,800", "Issuance of Capital Stock": "790,400", "Issuance of Debt": "2,431,900", "Repayment of Debt": "-1,991,700", "Repurchase of Capital Stock": "-50,600", "Free Cash Flow": "374,400"}, "12/31/2019": {"Duration": "12/31/2019", "Operating Cash Flow": "499,500", "Investing Cash Flow": "-438,000", "Financing Cash Flow": "-9,100", "End Cash Position": "84,000", "Income Tax Paid Supplemental Data": "38,400", "Interest Paid Supplemental Data": "135,800", "Capital Expenditure": "-124,900", "Issuance of Capital Stock": "11,000", "Issuance of Debt": "3,587,300", "Repayment of Debt": "-3,573,200", "Repurchase of Capital Stock": "-3,200", "Free Cash Flow": "374,600"}, "12/31/2018": {"Duration": "12/31/2018", "Operating Cash Flow": "519,700", "Investing Cash Flow": "-557,100", "Financing Cash Flow": "11,700", "End Cash Position": "31,600", "Income Tax Paid Supplemental Data": "32,900", "Interest Paid Supplemental Data": "117,100", "Capital Expenditure": "-158,000", "Issuance of Capital Stock": "10,100", "Issuance of Debt": "2,753,500", "Repayment of Debt": "-2,574,100", "Repurchase of Capital Stock": "-148,900", "Free Cash Flow": "361,700"}}}}]