[{"ALSN": {"quote": {"03/21/2021": {"value": "42.47", "Market Cap": "4.754B", "Beta (5Y Monthly)": "1.22", "PE Ratio (TTM)": "16.21", "EPS (TTM)": "2.62", "Earnings Date": "May 03, 2021 - May 07, 2021", "Forward Dividend & Yield": "0.76 (1.79%)", "Ex-Dividend Date": "Feb 19, 2021", "1y Target Est": "45.11"}}, "fin": {"TTM": {"Duration": "TTM", "Total Revenue": "2,081,000", "Cost of Revenue": "1,083,000", "Gross Profit": "998,000", "Operating Expense": "464,000", "Operating Income": "534,000", "Net Non Operating Interest Income Expense": "-137,000", "Other Income Expense": "-4,000", "Pretax Income": "393,000", "Tax Provision": "94,000", "Net Income Common Stockholders": "299,000", "Diluted NI Available to Com Stockholders": "299,000", "Basic EPS": "-", "Diluted EPS": "-", "Basic Average Shares": "-", "Diluted Average Shares": "-", "Total Operating Income as Reported": "534,000", "Total Expenses": "1,547,000", "Net Income from Continuing & Discontinued Operation": "299,000", "Normalized Income": "299,000", "Interest Expense": "137,000", "Net Interest Income": "-137,000", "EBIT": "530,000", "EBITDA": "678,000", "Reconciled Cost of Revenue": "1,083,000", "Reconciled Depreciation": "148,000", "Net Income from Continuing Operation Net Minority Interest": "299,000", "Total Unusual Items Excluding Goodwill": "0", "Total Unusual Items": "0", "Normalized EBITDA": "678,000", "Tax Rate for Calcs": "0", "Tax Effect of Unusual Items": "0"}, "12/31/2020": {"Duration": "12/31/2020", "Total Revenue": "2,081,000", "Cost of Revenue": "1,083,000", "Gross Profit": "998,000", "Operating Expense": "464,000", "Operating Income": "534,000", "Net Non Operating Interest Income Expense": "-137,000", "Other Income Expense": "-4,000", "Pretax Income": "393,000", "Tax Provision": "94,000", "Net Income Common Stockholders": "299,000", "Diluted NI Available to Com Stockholders": "299,000", "Basic EPS": "-", "Diluted EPS": "-", "Basic Average Shares": "-", "Diluted Average Shares": "-", "Total Operating Income as Reported": "534,000", "Total Expenses": "1,547,000", "Net Income from Continuing & Discontinued Operation": "299,000", "Normalized Income": "299,000", "Interest Expense": "137,000", "Net Interest Income": "-137,000", "EBIT": "530,000", "EBITDA": "-", "Reconciled Cost of Revenue": "1,083,000", "Reconciled Depreciation": "148,000", "Net Income from Continuing Operation Net Minority Interest": "299,000", "Total Unusual Items Excluding Goodwill": "0", "Total Unusual Items": "0", "Normalized EBITDA": "678,000", "Tax Rate for Calcs": "0", "Tax Effect of Unusual Items": "0"}, "12/31/2019": {"Duration": "12/31/2019", "Total Revenue": "2,698,000", "Cost of Revenue": "1,304,000", "Gross Profit": "1,394,000", "Operating Expense": "500,000", "Operating Income": "894,000", "Net Non Operating Interest Income Expense": "-134,000", "Other Income Expense": "8,000", "Pretax Income": "768,000", "Tax Provision": "164,000", "Net Income Common Stockholders": "604,000", "Diluted NI Available to Com Stockholders": "604,000", "Basic EPS": "4.95", "Diluted EPS": "4.91", "Basic Average Shares": "122,020", "Diluted Average Shares": "123,014", "Total Operating Income as Reported": "892,000", "Total Expenses": "1,804,000", "Net Income from Continuing & Discontinued Operation": "604,000", "Normalized Income": "605,580", "Interest Expense": "134,000", "Net Interest Income": "-134,000", "EBIT": "902,000", "EBITDA": "-", "Reconciled Cost of Revenue": "1,304,000", "Reconciled Depreciation": "167,000", "Net Income from Continuing Operation Net Minority Interest": "604,000", "Total Unusual Items Excluding Goodwill": "-2,000", "Total Unusual Items": "-2,000", "Normalized EBITDA": "1,071,000", "Tax Rate for Calcs": "0", "Tax Effect of Unusual Items": "-420"}, "12/31/2018": {"Duration": "12/31/2018", "Total Revenue": "2,713,000", "Cost of Revenue": "1,291,000", "Gross Profit": "1,422,000", "Operating Expense": "495,000", "Operating Income": "927,000", "Net Non Operating Interest Income Expense": "-121,000", "Other Income Expense": "-1,000", "Pretax Income": "805,000", "Tax Provision": "166,000", "Net Income Common Stockholders": "639,000", "Diluted NI Available to Com Stockholders": "639,000", "Basic EPS": "4.81", "Diluted EPS": "4.78", "Basic Average Shares": "132,848", "Diluted Average Shares": "133,682", "Total Operating Income as Reported": "923,000", "Total Expenses": "1,786,000", "Net Income from Continuing & Discontinued Operation": "639,000", "Normalized Income": "645,320", "Interest Expense": "121,000", "Net Interest Income": "-121,000", "EBIT": "926,000", "EBITDA": "-", "Reconciled Cost of Revenue": "1,291,000", "Reconciled Depreciation": "164,000", "Net Income from Continuing Operation Net Minority Interest": "639,000", "Total Unusual Items Excluding Goodwill": "-8,000", "Total Unusual Items": "-8,000", "Normalized EBITDA": "1,098,000", "Tax Rate for Calcs": "0", "Tax Effect of Unusual Items": "-1,680"}}, "bs": {"12/31/2020": {"Duration": "12/31/2020", "Total Assets": "4,477,000", "Total Liabilities Net Minority Interest": "3,721,000", "Total Equity Gross Minority Interest": "756,000", "Total Capitalization": "3,263,000", "Common Stock Equity": "756,000", "Capital Lease Obligations": "4,000", "Net Tangible Assets": "-2,271,000", "Working Capital": "383,000", "Invested Capital": "3,269,000", "Tangible Book Value": "-2,271,000", "Total Debt": "2,517,000", "Net Debt": "2,203,000", "Share Issued": "112,033", "Ordinary Shares Number": "112,033"}, "12/31/2019": {"Duration": "12/31/2019", "Total Assets": "4,450,000", "Total Liabilities Net Minority Interest": "3,669,000", "Total Equity Gross Minority Interest": "781,000", "Total Capitalization": "3,293,000", "Common Stock Equity": "781,000", "Capital Lease Obligations": "5,000", "Net Tangible Assets": "-2,302,000", "Working Capital": "269,000", "Invested Capital": "3,299,000", "Tangible Book Value": "-2,302,000", "Total Debt": "2,523,000", "Net Debt": "2,326,000", "Share Issued": "118,200", "Ordinary Shares Number": "118,200"}, "12/31/2018": {"Duration": "12/31/2018", "Total Assets": "4,237,000", "Total Liabilities Net Minority Interest": "3,578,000", "Total Equity Gross Minority Interest": "659,000", "Total Capitalization": "3,182,000", "Common Stock Equity": "659,000", "Capital Lease Obligations": "-", "Net Tangible Assets": "-2,348,000", "Working Capital": "299,000", "Invested Capital": "3,182,000", "Tangible Book Value": "-2,348,000", "Total Debt": "2,523,000", "Net Debt": "2,292,000", "Share Issued": "126,251", "Ordinary Shares Number": "126,251"}}, "cf": {"TTM": {"Duration": "TTM", "Operating Cash Flow": "561,000", "Investing Cash Flow": "-111,000", "Financing Cash Flow": "-335,000", "End Cash Position": "310,000", "Income Tax Paid Supplemental Data": "26,000", "Interest Paid Supplemental Data": "136,000", "Issuance of Debt": "1,800,000", "Repayment of Debt": "-1,819,000", "Repurchase of Capital Stock": "-225,000", "Free Cash Flow": "561,000"}, "12/31/2020": {"Duration": "12/31/2020", "Operating Cash Flow": "561,000", "Investing Cash Flow": "-111,000", "Financing Cash Flow": "-335,000", "End Cash Position": "310,000", "Income Tax Paid Supplemental Data": "26,000", "Interest Paid Supplemental Data": "136,000", "Issuance of Debt": "1,800,000", "Repayment of Debt": "-1,819,000", "Repurchase of Capital Stock": "-225,000", "Free Cash Flow": "561,000"}, "12/31/2019": {"Duration": "12/31/2019", "Operating Cash Flow": "847,000", "Investing Cash Flow": "-405,000", "Financing Cash Flow": "-480,000", "End Cash Position": "192,000", "Income Tax Paid Supplemental Data": "89,000", "Interest Paid Supplemental Data": "125,000", "Issuance of Debt": "1,238,000", "Repayment of Debt": "-1,241,000", "Repurchase of Capital Stock": "-393,000", "Free Cash Flow": "847,000"}, "12/31/2018": {"Duration": "12/31/2018", "Operating Cash Flow": "837,000", "Investing Cash Flow": "-103,000", "Financing Cash Flow": "-700,000", "End Cash Position": "231,000", "Income Tax Paid Supplemental Data": "101,000", "Interest Paid Supplemental Data": "115,000", "Issuance of Debt": "0", "Repayment of Debt": "-28,000", "Repurchase of Capital Stock": "-609,000", "Free Cash Flow": "837,000"}}}}, {"ZX": {"quote": {"03/21/2021": {"value": "", "Net Assets": "N/A", "Beta (5Y Monthly)": "N/A", "Yield": "N/A", "5y Average Return": "N/A", "Holdings Turnover": "N/A", "Last Dividend": "N/A", "Average for Category": "N/A", "Inception Date": "N/A"}}, "fin": {}, "bs": {}, "cf": {}}}, {"AXL": {"quote": {"03/21/2021": {"value": "11.43", "Market Cap": "1.295B", "Beta (5Y Monthly)": "2.62", "PE Ratio (TTM)": "N/A", "EPS (TTM)": "-4.96", "Earnings Date": "May 06, 2021 - May 10, 2021", "Forward Dividend & Yield": "N/A (N/A)", "Ex-Dividend Date": "Dec 04, 2008", "1y Target Est": "10.50"}}, "fin": {"TTM": {"Duration": "TTM", "Total Revenue": "6,155,200", "Cost of Revenue": "5,279,500", "Gross Profit": "875,700", "Operating Expense": "456,500", "Operating Income": "419,200", "Net Non Operating Interest Income Expense": "-207,500", "Other Income Expense": "-1,281,300", "Pretax Income": "-1,069,600", "Tax Provision": "-42,600", "Net Income Common Stockholders": "-1,026,200", "Diluted NI Available to Com Stockholders": "-1,026,200", "Basic EPS": "-", "Diluted EPS": "-", "Basic Average Shares": "-", "Diluted Average Shares": "-", "Total Operating Income as Reported": "-841,400", "Total Expenses": "5,736,000", "Net Income from Continuing & Discontinued Operation": "-1,027,400", "Normalized Income": "182,129", "Interest Income": "7,900", "Interest Expense": "215,400", "Net Interest Income": "-207,500", "EBIT": "-854,200", "EBITDA": "-328,500", "Reconciled Cost of Revenue": "4,846,000", "Reconciled Depreciation": "525,700", "Net Income from Continuing Operation Net Minority Interest": "-1,027,400", "Total Unusual Items Excluding Goodwill": "-1,259,700", "Total Unusual Items": "-1,259,700", "Normalized EBITDA": "931,200", "Tax Rate for Calcs": "0", "Tax Effect of Unusual Items": "-50,171"}, "12/31/2020": {"Duration": "12/31/2020", "Total Revenue": "4,710,800", "Cost of Revenue": "4,128,100", "Gross Profit": "582,700", "Operating Expense": "400,500", "Operating Income": "182,200", "Net Non Operating Interest Income Expense": "-200,700", "Other Income Expense": "-591,800", "Pretax Income": "-610,300", "Tax Provision": "-49,200", "Net Income Common Stockholders": "-561,300", "Diluted NI Available to Com Stockholders": "-561,300", "Basic EPS": "-4.96", "Diluted EPS": "-4.96", "Basic Average Shares": "113,100", "Diluted Average Shares": "113,100", "Total Operating Income as Reported": "-396,000", "Total Expenses": "4,528,600", "Net Income from Continuing & Discontinued Operation": "-561,300", "Normalized Income": "-22,674", "Interest Income": "11,600", "Interest Expense": "212,300", "Net Interest Income": "-200,700", "EBIT": "-398,000", "EBITDA": "-", "Reconciled Cost of Revenue": "3,692,800", "Reconciled Depreciation": "521,900", "Net Income from Continuing Operation Net Minority Interest": "-561,300", "Total Unusual Items Excluding Goodwill": "-586,100", "Total Unusual Items": "-586,100", "Normalized EBITDA": "710,000", "Tax Rate for Calcs": "0", "Tax Effect of Unusual Items": "-47,474"}, "12/31/2019": {"Duration": "12/31/2019", "Total Revenue": "6,530,900", "Cost of Revenue": "5,628,300", "Gross Profit": "902,600", "Operating Expense": "460,100", "Operating Income": "442,500", "Net Non Operating Interest Income Expense": "-211,500", "Other Income Expense": "-764,000", "Pretax Income": "-533,000", "Tax Provision": "-48,900", "Net Income Common Stockholders": "-484,500", "Diluted NI Available to Com Stockholders": "-484,500", "Basic EPS": "-4.30", "Diluted EPS": "-4.31", "Basic Average Shares": "112,600", "Diluted Average Shares": "112,600", "Total Operating Income as Reported": "-301,600", "Total Expenses": "6,088,400", "Net Income from Continuing & Discontinued Operation": "-484,500", "Normalized Income": "188,964", "Interest Income": "5,800", "Interest Expense": "217,300", "Net Interest Income": "-211,500", "EBIT": "-315,700", "EBITDA": "-", "Reconciled Cost of Revenue": "5,186,800", "Reconciled Depreciation": "536,900", "Net Income from Continuing Operation Net Minority Interest": "-484,500", "Total Unusual Items Excluding Goodwill": "-741,700", "Total Unusual Items": "-741,700", "Normalized EBITDA": "962,900", "Tax Rate for Calcs": "0", "Tax Effect of Unusual Items": "-68,236"}, "12/31/2018": {"Duration": "12/31/2018", "Total Revenue": "7,270,400", "Cost of Revenue": "6,130,000", "Gross Profit": "1,140,400", "Operating Expense": "485,100", "Operating Income": "655,300", "Net Non Operating Interest Income Expense": "-216,300", "Other Income Expense": "-552,900", "Pretax Income": "-113,900", "Tax Provision": "-57,100", "Net Income Common Stockholders": "-57,500", "Diluted NI Available to Com Stockholders": "-57,500", "Basic EPS": "-0.51", "Diluted EPS": "-0.51", "Basic Average Shares": "111,700", "Diluted Average Shares": "112,745", "Total Operating Income as Reported": "106,400", "Total Expenses": "6,615,100", "Net Income from Continuing & Discontinued Operation": "-57,500", "Normalized Income": "344,511", "Interest Income": "-", "Interest Expense": "216,300", "Net Interest Income": "-216,300", "EBIT": "102,400", "EBITDA": "-", "Reconciled Cost of Revenue": "5,700,600", "Reconciled Depreciation": "528,800", "Net Income from Continuing Operation Net Minority Interest": "-57,500", "Total Unusual Items Excluding Goodwill": "-550,700", "Total Unusual Items": "-550,700", "Normalized EBITDA": "1,181,900", "Tax Rate for Calcs": "0", "Tax Effect of Unusual Items": "-148,689"}}, "bs": {"12/31/2020": {"Duration": "12/31/2020", "Total Assets": "5,916,300", "Total Liabilities Net Minority Interest": "5,543,100", "Total Equity Gross Minority Interest": "373,200", "Total Capitalization": "3,811,800", "Common Stock Equity": "370,500", "Capital Lease Obligations": "117,000", "Net Tangible Assets": "-595,900", "Working Capital": "897,700", "Invested Capital": "3,825,500", "Tangible Book Value": "-595,900", "Total Debt": "3,572,000", "Net Debt": "2,898,000", "Share Issued": "121,300", "Ordinary Shares Number": "113,300", "Treasury Shares Number": "8,000"}, "12/31/2019": {"Duration": "12/31/2019", "Total Assets": "6,644,600", "Total Liabilities Net Minority Interest": "5,664,200", "Total Equity Gross Minority Interest": "980,400", "Total Capitalization": "4,589,900", "Common Stock Equity": "977,600", "Capital Lease Obligations": "-", "Net Tangible Assets": "-586,000", "Working Capital": "831,400", "Invested Capital": "4,618,600", "Tangible Book Value": "-586,000", "Total Debt": "3,641,000", "Net Debt": "3,109,000", "Share Issued": "120,200", "Ordinary Shares Number": "112,600", "Treasury Shares Number": "7,600"}, "12/31/2018": {"Duration": "12/31/2018", "Total Assets": "7,510,700", "Total Liabilities Net Minority Interest": "6,024,400", "Total Equity Gross Minority Interest": "1,486,300", "Total Capitalization": "5,170,700", "Common Stock Equity": "1,483,900", "Capital Lease Obligations": "-", "Net Tangible Assets": "-769,000", "Working Capital": "673,000", "Invested Capital": "5,292,300", "Tangible Book Value": "-769,000", "Total Debt": "3,808,400", "Net Debt": "3,332,000", "Share Issued": "118,900", "Ordinary Shares Number": "111,700", "Treasury Shares Number": "7,200"}}, "cf": {"TTM": {"Duration": "TTM", "Operating Cash Flow": "779,200", "Investing Cash Flow": "-251,900", "Financing Cash Flow": "-90,900", "End Cash Position": "691,000", "Income Tax Paid Supplemental Data": "44,300", "Interest Paid Supplemental Data": "207,100", "Capital Expenditure": "-379,700", "Issuance of Debt": "553,400", "Repayment of Debt": "-639,400", "Repurchase of Capital Stock": "-2,600", "Free Cash Flow": "399,500"}, "12/31/2020": {"Duration": "12/31/2020", "Operating Cash Flow": "454,700", "Investing Cash Flow": "-218,400", "Financing Cash Flow": "-214,500", "End Cash Position": "557,000", "Income Tax Paid Supplemental Data": "2,100", "Interest Paid Supplemental Data": "192,400", "Capital Expenditure": "-215,700", "Issuance of Debt": "758,000", "Repayment of Debt": "-960,500", "Repurchase of Capital Stock": "-2,700", "Free Cash Flow": "239,000"}, "12/31/2019": {"Duration": "12/31/2019", "Operating Cash Flow": "559,600", "Investing Cash Flow": "-306,600", "Financing Cash Flow": "-200,000", "End Cash Position": "532,000", "Income Tax Paid Supplemental Data": "57,100", "Interest Paid Supplemental Data": "205,400", "Capital Expenditure": "-434,200", "Issuance of Debt": "356,300", "Repayment of Debt": "-545,500", "Repurchase of Capital Stock": "-7,500", "Free Cash Flow": "125,400"}, "12/31/2018": {"Duration": "12/31/2018", "Operating Cash Flow": "771,500", "Investing Cash Flow": "-478,200", "Financing Cash Flow": "-184,500", "End Cash Position": "478,900", "Income Tax Paid Supplemental Data": "46,000", "Interest Paid Supplemental Data": "199,700", "Capital Expenditure": "-525,200", "Issuance of Debt": "509,600", "Repayment of Debt": "-681,200", "Repurchase of Capital Stock": "-3,700", "Free Cash Flow": "246,300"}}}}, {"ALV": {"quote": {"03/21/2021": {"value": "93.62", "Market Cap": "8.179B", "Beta (5Y Monthly)": "1.84", "PE Ratio (TTM)": "43.75", "EPS (TTM)": "2.14", "Earnings Date": "Apr 23, 2021", "Forward Dividend & Yield": "N/A (N/A)", "Ex-Dividend Date": "May 18, 2020", "1y Target Est": "99.82"}}, "fin": {"TTM": {"Duration": "TTM", "Total Revenue": "7,447,400", "Cost of Revenue": "6,200,500", "Gross Profit": "1,246,900", "Operating Expense": "864,800", "Operating Income": "382,100", "Net Non Operating Interest Income Expense": "-68,400", "Other Income Expense": "-22,500", "Pretax Income": "291,200", "Tax Provision": "102,900", "Net Income Common Stockholders": "186,900", "Diluted NI Available to Com Stockholders": "186,900", "Basic EPS": "-", "Diluted EPS": "-", "Basic Average Shares": "-", "Diluted Average Shares": "-", "Total Operating Income as Reported": "382,100", "Total Expenses": "7,065,300", "Net Income from Continuing & Discontinued Operation": "186,900", "Normalized Income": "186,900", "Interest Income": "4,600", "Interest Expense": "73,000", "Net Interest Income": "-68,400", "EBIT": "364,200", "EBITDA": "735,100", "Reconciled Cost of Revenue": "5,839,600", "Reconciled Depreciation": "370,900", "Net Income from Continuing Operation Net Minority Interest": "186,900", "Total Unusual Items Excluding Goodwill": "-", "Total Unusual Items": "-", "Normalized EBITDA": "735,100", "Tax Rate for Calcs": "0", "Tax Effect of Unusual Items": "0"}, "12/31/2020": {"Duration": "12/31/2020", "Total Revenue": "7,447,400", "Cost of Revenue": "6,200,500", "Gross Profit": "1,246,900", "Operating Expense": "864,800", "Operating Income": "382,100", "Net Non Operating Interest Income Expense": "-68,400", "Other Income Expense": "-22,500", "Pretax Income": "291,200", "Tax Provision": "102,900", "Net Income Common Stockholders": "186,900", "Diluted NI Available to Com Stockholders": "186,900", "Basic EPS": "-", "Diluted EPS": "-", "Basic Average Shares": "-", "Diluted Average Shares": "-", "Total Operating Income as Reported": "382,100", "Total Expenses": "7,065,300", "Net Income from Continuing & Discontinued Operation": "186,900", "Normalized Income": "186,900", "Interest Income": "4,600", "Interest Expense": "73,000", "Net Interest Income": "-68,400", "EBIT": "364,200", "EBITDA": "-", "Reconciled Cost of Revenue": "5,839,600", "Reconciled Depreciation": "370,900", "Net Income from Continuing Operation Net Minority Interest": "186,900", "Total Unusual Items Excluding Goodwill": "-", "Total Unusual Items": "-", "Normalized EBITDA": "735,100", "Tax Rate for Calcs": "0", "Tax Effect of Unusual Items": "0"}, "12/31/2019": {"Duration": "12/31/2019", "Total Revenue": "8,547,600", "Cost of Revenue": "6,963,200", "Gross Profit": "1,584,400", "Operating Expense": "858,600", "Operating Income": "725,800", "Net Non Operating Interest Income Expense": "-65,900", "Other Income Expense": "-11,500", "Pretax Income": "648,400", "Tax Provision": "185,600", "Net Income Common Stockholders": "461,500", "Diluted NI Available to Com Stockholders": "461,500", "Basic EPS": "5.29", "Diluted EPS": "5.29", "Basic Average Shares": "87,300", "Diluted Average Shares": "87,300", "Total Operating Income as Reported": "725,800", "Total Expenses": "7,821,800", "Net Income from Continuing & Discontinued Operation": "461,500", "Normalized Income": "461,500", "Interest Income": "3,600", "Interest Expense": "69,500", "Net Interest Income": "-65,900", "EBIT": "717,900", "EBITDA": "-", "Reconciled Cost of Revenue": "6,624,100", "Reconciled Depreciation": "350,600", "Net Income from Continuing Operation Net Minority Interest": "461,500", "Total Unusual Items Excluding Goodwill": "-", "Total Unusual Items": "-", "Normalized EBITDA": "1,068,500", "Tax Rate for Calcs": "0", "Tax Effect of Unusual Items": "0"}, "12/31/2018": {"Duration": "12/31/2018", "Total Revenue": "8,678,200", "Cost of Revenue": "6,966,900", "Gross Profit": "1,711,300", "Operating Expense": "1,025,300", "Operating Income": "686,000", "Net Non Operating Interest Income Expense": "-59,200", "Other Income Expense": "-14,400", "Pretax Income": "612,400", "Tax Provision": "234,900", "Net Income Common Stockholders": "190,400", "Diluted NI Available to Com Stockholders": "190,400", "Basic EPS": "2.18", "Diluted EPS": "2.18", "Basic Average Shares": "87,100", "Diluted Average Shares": "87,700", "Total Operating Income as Reported": "686,000", "Total Expenses": "7,992,200", "Net Income from Continuing & Discontinued Operation": "190,400", "Normalized Income": "384,200", "Interest Income": "6,900", "Interest Expense": "66,100", "Net Interest Income": "-59,200", "EBIT": "678,500", "EBITDA": "-", "Reconciled Cost of Revenue": "6,581,100", "Reconciled Depreciation": "397,100", "Net Income from Continuing Operation Net Minority Interest": "384,200", "Total Unusual Items Excluding Goodwill": "-", "Total Unusual Items": "-", "Normalized EBITDA": "1,075,600", "Tax Rate for Calcs": "0", "Tax Effect of Unusual Items": "0"}}, "bs": {"12/31/2020": {"Duration": "12/31/2020", "Total Assets": "8,156,800", "Total Liabilities Net Minority Interest": "5,733,700", "Total Equity Gross Minority Interest": "2,423,100", "Total Capitalization": "4,518,500", "Common Stock Equity": "2,408,900", "Capital Lease Obligations": "140,600", "Net Tangible Assets": "997,200", "Working Capital": "1,122,100", "Invested Capital": "4,820,300", "Tangible Book Value": "997,200", "Total Debt": "2,552,000", "Net Debt": "1,233,200", "Share Issued": "102,800", "Ordinary Shares Number": "87,400", "Treasury Shares Number": "15,400"}, "12/31/2019": {"Duration": "12/31/2019", "Total Assets": "6,771,200", "Total Liabilities Net Minority Interest": "4,648,800", "Total Equity Gross Minority Interest": "2,122,400", "Total Capitalization": "3,835,300", "Common Stock Equity": "2,109,200", "Capital Lease Obligations": "157,200", "Net Tangible Assets": "699,000", "Working Capital": "591,900", "Invested Capital": "4,203,400", "Tangible Book Value": "699,000", "Total Debt": "2,251,400", "Net Debt": "1,649,500", "Share Issued": "102,800", "Ordinary Shares Number": "87,200", "Treasury Shares Number": "15,600"}, "12/31/2018": {"Duration": "12/31/2018", "Total Assets": "6,721,600", "Total Liabilities Net Minority Interest": "4,824,800", "Total Equity Gross Minority Interest": "1,896,800", "Total Capitalization": "3,492,700", "Common Stock Equity": "1,883,700", "Capital Lease Obligations": "-", "Net Tangible Assets": "461,100", "Working Capital": "419,900", "Invested Capital": "4,113,400", "Tangible Book Value": "461,100", "Total Debt": "2,229,700", "Net Debt": "1,613,900", "Share Issued": "102,800", "Ordinary Shares Number": "87,100", "Treasury Shares Number": "15,700"}}, "cf": {"TTM": {"Duration": "TTM", "Operating Cash Flow": "848,900", "Investing Cash Flow": "-339,600", "Financing Cash Flow": "160,100", "End Cash Position": "1,178,200", "Income Tax Paid Supplemental Data": "104,000", "Interest Paid Supplemental Data": "73,000", "Capital Expenditure": "-343,500", "Issuance of Debt": "1,177,100", "Repayment of Debt": "-722,500", "Repurchase of Capital Stock": "-", "Free Cash Flow": "505,400"}, "12/31/2020": {"Duration": "12/31/2020", "Operating Cash Flow": "848,900", "Investing Cash Flow": "-339,600", "Financing Cash Flow": "160,100", "End Cash Position": "1,178,200", "Income Tax Paid Supplemental Data": "104,000", "Interest Paid Supplemental Data": "73,000", "Capital Expenditure": "-343,500", "Issuance of Debt": "1,177,100", "Repayment of Debt": "-722,500", "Repurchase of Capital Stock": "-", "Free Cash Flow": "505,400"}, "12/31/2019": {"Duration": "12/31/2019", "Operating Cash Flow": "640,700", "Investing Cash Flow": "-476,100", "Financing Cash Flow": "-338,100", "End Cash Position": "444,700", "Income Tax Paid Supplemental Data": "-", "Interest Paid Supplemental Data": "-", "Capital Expenditure": "-483,400", "Issuance of Debt": "243,500", "Repayment of Debt": "-", "Repurchase of Capital Stock": "0", "Free Cash Flow": "157,300"}, "12/31/2018": {"Duration": "12/31/2018", "Operating Cash Flow": "590,600", "Investing Cash Flow": "-627,700", "Financing Cash Flow": "-245,000", "End Cash Position": "615,800", "Income Tax Paid Supplemental Data": "-", "Interest Paid Supplemental Data": "-", "Capital Expenditure": "-560,000", "Issuance of Debt": "582,200", "Repayment of Debt": "-", "Repurchase of Capital Stock": "0", "Free Cash Flow": "30,600"}}}}, {"CAAS": {"quote": {"03/21/2021": {"value": "5.98", "Market Cap": "186.421M", "Beta (5Y Monthly)": "3.25", "PE Ratio (TTM)": "N/A", "EPS (TTM)": "-0.00", "Earnings Date": "Mar 30, 2021", "Forward Dividend & Yield": "N/A (N/A)", "Ex-Dividend Date": "Jun 24, 2014", "1y Target Est": "4.00"}}, "fin": {"TTM": {"Duration": "TTM", "Total Revenue": "387,100", "Cost of Revenue": "337,738", "Gross Profit": "49,362", "Operating Expense": "53,310", "Operating Income": "-3,948", "Net Non Operating Interest Income Expense": "-1,294", "Other Income Expense": "-3,298", "Pretax Income": "-8,540", "Tax Provision": "-940", "Earnings from Equity Interest Net of Tax": "5,082", "Net Income Common Stockholders": "-39", "Diluted NI Available to Com Stockholders": "-39", "Basic EPS": "-", "Diluted EPS": "-", "Basic Average Shares": "-", "Diluted Average Shares": "-", "Total Operating Income as Reported": "-6,042", "Total Expenses": "391,048", "Net Income from Continuing & Discontinued Operation": "-39", "Normalized Income": "3,302", "Interest Income": "1,091", "Interest Expense": "2,162", "Net Interest Income": "-1,294", "EBIT": "-6,378", "EBITDA": "14,346", "Reconciled Cost of Revenue": "337,738", "Reconciled Depreciation": "20,724", "Net Income from Continuing Operation Net Minority Interest": "-39", "Total Unusual Items Excluding Goodwill": "-3,754", "Total Unusual Items": "-3,754", "Normalized EBITDA": "18,100", "Tax Rate for Calcs": "0", "Tax Effect of Unusual Items": "-413.2037"}, "12/31/2019": {"Duration": "12/31/2019", "Total Revenue": "431,427", "Cost of Revenue": "368,076", "Gross Profit": "63,351", "Operating Expense": "55,077", "Operating Income": "8,274", "Net Non Operating Interest Income Expense": "-1,330", "Other Income Expense": "615", "Pretax Income": "7,559", "Tax Provision": "586", "Earnings from Equity Interest Net of Tax": "1,406", "Net Income Common Stockholders": "9,959", "Diluted NI Available to Com Stockholders": "9,959", "Basic EPS": "0.32", "Diluted EPS": "0.32", "Basic Average Shares": "31,457", "Diluted Average Shares": "31,459", "Total Operating Income as Reported": "6,180", "Total Expenses": "423,153", "Net Income from Continuing & Discontinued Operation": "9,959", "Normalized Income": "9,392", "Interest Income": "2,087", "Interest Expense": "3,034", "Net Interest Income": "-1,330", "EBIT": "10,593", "EBITDA": "-", "Reconciled Cost of Revenue": "351,709", "Reconciled Depreciation": "17,841", "Net Income from Continuing Operation Net Minority Interest": "9,959", "Total Unusual Items Excluding Goodwill": "615", "Total Unusual Items": "615", "Normalized EBITDA": "27,819", "Tax Rate for Calcs": "0", "Tax Effect of Unusual Items": "47.6769"}, "12/31/2018": {"Duration": "12/31/2018", "Total Revenue": "496,158", "Cost of Revenue": "430,745", "Gross Profit": "65,413", "Operating Expense": "68,321", "Operating Income": "-2,908", "Net Non Operating Interest Income Expense": "-1,223", "Other Income Expense": "1,630", "Pretax Income": "-2,501", "Tax Provision": "-1,465", "Earnings from Equity Interest Net of Tax": "1,115", "Net Income Common Stockholders": "2,377", "Diluted NI Available to Com Stockholders": "2,377", "Basic EPS": "0.08", "Diluted EPS": "0.08", "Basic Average Shares": "31,644", "Diluted Average Shares": "31,646", "Total Operating Income as Reported": "-2,908", "Total Expenses": "499,066", "Net Income from Continuing & Discontinued Operation": "2,377", "Normalized Income": "2,034", "Interest Income": "2,275", "Interest Expense": "2,928", "Net Interest Income": "-1,223", "EBIT": "427", "EBITDA": "-", "Reconciled Cost of Revenue": "415,419", "Reconciled Depreciation": "16,816", "Net Income from Continuing Operation Net Minority Interest": "2,377", "Total Unusual Items Excluding Goodwill": "457", "Total Unusual Items": "457", "Normalized EBITDA": "16,786", "Tax Rate for Calcs": "0", "Tax Effect of Unusual Items": "114.25"}}, "bs": {"12/31/2019": {"Duration": "12/31/2019", "Total Assets": "659,964", "Total Liabilities Net Minority Interest": "350,592", "Total Equity Gross Minority Interest": "309,372", "Total Capitalization": "296,378", "Common Stock Equity": "289,211", "Capital Lease Obligations": "387", "Net Tangible Assets": "277,513", "Working Capital": "137,391", "Invested Capital": "412,943", "Tangible Book Value": "277,513", "Total Debt": "124,119", "Net Debt": "47,024", "Share Issued": "32,338", "Ordinary Shares Number": "31,174", "Treasury Shares Number": "1,164"}, "12/31/2018": {"Duration": "12/31/2018", "Total Assets": "690,499", "Total Liabilities Net Minority Interest": "385,672", "Total Equity Gross Minority Interest": "304,827", "Total Capitalization": "286,168", "Common Stock Equity": "285,877", "Capital Lease Obligations": "-", "Net Tangible Assets": "285,272", "Working Capital": "154,128", "Invested Capital": "428,153", "Tangible Book Value": "285,272", "Total Debt": "142,276", "Net Debt": "55,930", "Share Issued": "32,338", "Ordinary Shares Number": "31,627", "Treasury Shares Number": "711.698"}}, "cf": {"TTM": {"Duration": "TTM", "Operating Cash Flow": "78,946", "Investing Cash Flow": "-44,853", "Financing Cash Flow": "-27,039", "End Cash Position": "109,371", "Income Tax Paid Supplemental Data": "-", "Interest Paid Supplemental Data": "-", "Capital Expenditure": "-20,196", "Issuance of Debt": "42,012", "Repayment of Debt": "-67,739", "Repurchase of Capital Stock": "-1,865", "Free Cash Flow": "58,750"}, "12/31/2019": {"Duration": "12/31/2019", "Operating Cash Flow": "30,294", "Investing Cash Flow": "-27,316", "Financing Cash Flow": "-10,738", "End Cash Position": "106,396", "Income Tax Paid Supplemental Data": "4,607", "Interest Paid Supplemental Data": "3,390", "Capital Expenditure": "-35,901", "Issuance of Debt": "57,101", "Repayment of Debt": "-69,740", "Repurchase of Capital Stock": "-1,308", "Free Cash Flow": "-5,607"}, "12/31/2018": {"Duration": "12/31/2018", "Operating Cash Flow": "12,526", "Investing Cash Flow": "2,453", "Financing Cash Flow": "10,120", "End Cash Position": "115,969", "Income Tax Paid Supplemental Data": "3,717", "Interest Paid Supplemental Data": "3,803", "Capital Expenditure": "-25,953", "Issuance of Debt": "78,917", "Repayment of Debt": "-95,433", "Repurchase of Capital Stock": "-300", "Free Cash Flow": "-13,427"}}}}, {"MPAA": {"quote": {"03/21/2021": {"value": "23.46", "Market Cap": "447.061M", "Beta (5Y Monthly)": "1.89", "PE Ratio (TTM)": "36.09", "EPS (TTM)": "0.65", "Earnings Date": "Feb 09, 2021", "Forward Dividend & Yield": "N/A (N/A)", "Ex-Dividend Date": "N/A", "1y Target Est": "28.00"}}, "fin": {"TTM": {"Duration": "TTM", "Total Revenue": "523,389", "Cost of Revenue": "409,452", "Gross Profit": "113,937", "Operating Expense": "97,016", "Operating Income": "16,921", "Net Non Operating Interest Income Expense": "-17,538", "Pretax Income": "18,133", "Tax Provision": "5,685", "Net Income Common Stockholders": "12,448", "Diluted NI Available to Com Stockholders": "12,448", "Basic EPS": "-", "Diluted EPS": "-", "Basic Average Shares": "-", "Diluted Average Shares": "-", "Total Operating Income as Reported": "35,671", "Total Expenses": "506,468", "Net Income from Continuing & Discontinued Operation": "12,448", "Normalized Income": "12,448", "Interest Expense": "17,538", "Net Interest Income": "-17,538", "EBIT": "35,671", "EBITDA": "46,303", "Reconciled Cost of Revenue": "409,452", "Reconciled Depreciation": "10,632", "Net Income from Continuing Operation Net Minority Interest": "12,448", "Normalized EBITDA": "46,303", "Tax Rate for Calcs": "0", "Tax Effect of Unusual Items": "0"}, "3/31/2020": {"Duration": "3/31/2020", "Total Revenue": "535,831", "Cost of Revenue": "417,431", "Gross Profit": "118,400", "Operating Expense": "101,662", "Operating Income": "16,738", "Net Non Operating Interest Income Expense": "-25,039", "Pretax Income": "-8,301", "Tax Provision": "-1,011", "Net Income Common Stockholders": "-7,290", "Diluted NI Available to Com Stockholders": "-7,290", "Basic EPS": "-0.39", "Diluted EPS": "-0.39", "Basic Average Shares": "18,914", "Diluted Average Shares": "18,914", "Total Operating Income as Reported": "16,738", "Total Expenses": "519,093", "Net Income from Continuing & Discontinued Operation": "-7,290", "Normalized Income": "-7,290", "Interest Expense": "25,039", "Net Interest Income": "-25,039", "EBIT": "16,738", "EBITDA": "-", "Reconciled Cost of Revenue": "417,431", "Reconciled Depreciation": "9,561", "Net Income from Continuing Operation Net Minority Interest": "-7,290", "Normalized EBITDA": "26,299", "Tax Rate for Calcs": "0", "Tax Effect of Unusual Items": "0"}, "3/31/2019": {"Duration": "3/31/2019", "Total Revenue": "472,797", "Cost of Revenue": "383,623", "Gross Profit": "89,174", "Operating Expense": "73,528", "Operating Income": "15,646", "Net Non Operating Interest Income Expense": "-23,227", "Pretax Income": "-7,581", "Tax Provision": "268", "Net Income Common Stockholders": "-7,849", "Diluted NI Available to Com Stockholders": "-7,849", "Basic EPS": "-0.42", "Diluted EPS": "-0.42", "Basic Average Shares": "18,850", "Diluted Average Shares": "18,850", "Total Operating Income as Reported": "15,646", "Total Expenses": "457,151", "Net Income from Continuing & Discontinued Operation": "-7,849", "Normalized Income": "-7,849", "Interest Expense": "23,227", "Net Interest Income": "-23,227", "EBIT": "15,646", "EBITDA": "-", "Reconciled Cost of Revenue": "383,623", "Reconciled Depreciation": "7,329", "Net Income from Continuing Operation Net Minority Interest": "-7,849", "Normalized EBITDA": "22,975", "Tax Rate for Calcs": "0", "Tax Effect of Unusual Items": "0"}, "3/31/2018": {"Duration": "3/31/2018", "Total Revenue": "428,072", "Cost of Revenue": "322,199", "Gross Profit": "105,873", "Operating Expense": "56,249", "Operating Income": "49,624", "Net Non Operating Interest Income Expense": "-15,445", "Pretax Income": "34,179", "Tax Provision": "17,863", "Net Income Common Stockholders": "16,316", "Diluted NI Available to Com Stockholders": "16,316", "Basic EPS": "0.87", "Diluted EPS": "0.84", "Basic Average Shares": "18,855", "Diluted Average Shares": "19,515", "Total Operating Income as Reported": "49,624", "Total Expenses": "378,448", "Net Income from Continuing & Discontinued Operation": "16,316", "Normalized Income": "16,316", "Interest Expense": "15,445", "Net Interest Income": "-15,445", "EBIT": "49,624", "EBITDA": "-", "Reconciled Cost of Revenue": "322,199", "Reconciled Depreciation": "4,508", "Net Income from Continuing Operation Net Minority Interest": "16,316", "Normalized EBITDA": "54,132", "Tax Rate for Calcs": "0", "Tax Effect of Unusual Items": "0"}}, "bs": {"3/31/2020": {"Duration": "3/31/2020", "Total Assets": "777,029", "Total Liabilities Net Minority Interest": "501,509", "Total Equity Gross Minority Interest": "275,520", "Total Capitalization": "295,982", "Common Stock Equity": "275,520", "Capital Lease Obligations": "72,493", "Net Tangible Assets": "265,922", "Working Capital": "90,624", "Invested Capital": "451,660", "Tangible Book Value": "265,922", "Total Debt": "248,633", "Net Debt": "126,524", "Share Issued": "18,969", "Ordinary Shares Number": "18,969"}, "3/31/2019": {"Duration": "3/31/2019", "Total Assets": "632,362", "Total Liabilities Net Minority Interest": "352,607", "Total Equity Gross Minority Interest": "279,755", "Total Capitalization": "303,942", "Common Stock Equity": "279,755", "Capital Lease Obligations": "-", "Net Tangible Assets": "268,119", "Working Capital": "73,528", "Invested Capital": "418,027", "Tangible Book Value": "268,119", "Total Debt": "138,272", "Net Debt": "128,361", "Share Issued": "18,817", "Ordinary Shares Number": "18,817"}, "3/31/2018": {"Duration": "3/31/2018", "Total Assets": "494,497", "Total Liabilities Net Minority Interest": "219,521", "Total Equity Gross Minority Interest": "274,976", "Total Capitalization": "288,889", "Common Stock Equity": "274,976", "Capital Lease Obligations": "-", "Net Tangible Assets": "268,659", "Working Capital": "-46,267", "Invested Capital": "345,957", "Tangible Book Value": "268,659", "Total Debt": "70,981", "Net Debt": "57,932", "Share Issued": "18,893", "Ordinary Shares Number": "18,893"}}, "cf": {"TTM": {"Duration": "TTM", "Operating Cash Flow": "95,689", "Investing Cash Flow": "-14,239", "Financing Cash Flow": "-79,127", "End Cash Position": "11,781", "Income Tax Paid Supplemental Data": "3,548", "Interest Paid Supplemental Data": "16,405", "Capital Expenditure": "-15,353", "Issuance of Capital Stock": "-", "Issuance of Debt": "27,000", "Repayment of Debt": "-104,048", "Repurchase of Capital Stock": "-", "Free Cash Flow": "80,336"}, "3/31/2020": {"Duration": "3/31/2020", "Operating Cash Flow": "18,795", "Investing Cash Flow": "-11,594", "Financing Cash Flow": "32,153", "End Cash Position": "49,616", "Income Tax Paid Supplemental Data": "1,500", "Interest Paid Supplemental Data": "23,558", "Capital Expenditure": "-14,156", "Issuance of Capital Stock": "-", "Issuance of Debt": "75,000", "Repayment of Debt": "-39,314", "Repurchase of Capital Stock": "0", "Free Cash Flow": "4,639"}, "3/31/2019": {"Duration": "3/31/2019", "Operating Cash Flow": "-40,328", "Investing Cash Flow": "-22,610", "Financing Cash Flow": "59,936", "End Cash Position": "9,911", "Income Tax Paid Supplemental Data": "3,588", "Interest Paid Supplemental Data": "21,148", "Capital Expenditure": "-11,149", "Issuance of Capital Stock": "-", "Issuance of Debt": "116,494", "Repayment of Debt": "-50,616", "Repurchase of Capital Stock": "-4,062", "Free Cash Flow": "-51,477"}, "3/31/2018": {"Duration": "3/31/2018", "Operating Cash Flow": "-13,944", "Investing Cash Flow": "-15,278", "Financing Cash Flow": "33,142", "End Cash Position": "13,049", "Income Tax Paid Supplemental Data": "19,657", "Interest Paid Supplemental Data": "13,623", "Capital Expenditure": "-9,933", "Issuance of Capital Stock": "-", "Issuance of Debt": "84,000", "Repayment of Debt": "-45,030", "Repurchase of Capital Stock": "-9,251", "Free Cash Flow": "-23,877"}}}}, {"ATAR": {"quote": {"03/21/2021": {"value": "0.0002", "Market Cap": "20,600", "Beta (5Y Monthly)": "-14.24", "PE Ratio (TTM)": "N/A", "EPS (TTM)": "-0.0070", "Earnings Date": "N/A", "Forward Dividend & Yield": "N/A (N/A)", "Ex-Dividend Date": "N/A", "1y Target Est": "N/A"}}, "fin": {}, "bs": {}, "cf": {}}}, {"BWA": {"quote": {"03/21/2021": {"value": "49.03", "Market Cap": "11.719B", "Beta (5Y Monthly)": "1.63", "PE Ratio (TTM)": "20.95", "EPS (TTM)": "2.34", "Earnings Date": "May 04, 2021 - May 10, 2021", "Forward Dividend & Yield": "0.68 (1.39%)", "Ex-Dividend Date": "Feb 26, 2021", "1y Target Est": "48.25"}}, "fin": {"TTM": {"Duration": "TTM", "Total Revenue": "10,168,000", "Cost of Revenue": "8,067,000", "Gross Profit": "2,101,000", "Operating Expense": "871,000", "Operating Income": "1,230,000", "Net Non Operating Interest Income Expense": "-43,000", "Other Income Expense": "78,000", "Pretax Income": "1,265,000", "Tax Provision": "468,000", "Net Income Common Stockholders": "746,000", "Diluted NI Available to Com Stockholders": "746,000", "Basic EPS": "-", "Diluted EPS": "-", "Basic Average Shares": "-", "Diluted Average Shares": "-", "Total Operating Income as Reported": "1,303,000", "Total Expenses": "8,938,000", "Net Income from Continuing & Discontinued Operation": "746,000", "Normalized Income": "700,010", "Interest Income": "12,000", "Interest Expense": "55,000", "Net Interest Income": "-43,000", "EBIT": "1,320,000", "EBITDA": "1,759,000", "Reconciled Cost of Revenue": "8,067,000", "Reconciled Depreciation": "439,000", "Net Income from Continuing Operation Net Minority Interest": "746,000", "Total Unusual Items Excluding Goodwill": "73,000", "Total Unusual Items": "73,000", "Normalized EBITDA": "1,686,000", "Tax Rate for Calcs": "0", "Tax Effect of Unusual Items": "27,010"}, "12/31/2020": {"Duration": "12/31/2020", "Total Revenue": "10,165,000", "Cost of Revenue": "8,255,000", "Gross Profit": "1,910,000", "Operating Expense": "985,000", "Operating Income": "925,000", "Net Non Operating Interest Income Expense": "-61,000", "Other Income Expense": "100,000", "Pretax Income": "964,000", "Tax Provision": "397,000", "Net Income Common Stockholders": "500,000", "Diluted NI Available to Com Stockholders": "500,000", "Basic EPS": "-", "Diluted EPS": "-", "Basic Average Shares": "-", "Diluted Average Shares": "-", "Total Operating Income as Reported": "618,000", "Total Expenses": "9,240,000", "Net Income from Continuing & Discontinued Operation": "500,000", "Normalized Income": "445,250", "Interest Income": "12,000", "Interest Expense": "73,000", "Net Interest Income": "-61,000", "EBIT": "1,037,000", "EBITDA": "-", "Reconciled Cost of Revenue": "7,725,000", "Reconciled Depreciation": "568,000", "Net Income from Continuing Operation Net Minority Interest": "500,000", "Total Unusual Items Excluding Goodwill": "75,000", "Total Unusual Items": "75,000", "Normalized EBITDA": "1,530,000", "Tax Rate for Calcs": "0", "Tax Effect of Unusual Items": "20,250"}, "12/31/2019": {"Duration": "12/31/2019", "Total Revenue": "10,168,000", "Cost of Revenue": "8,067,000", "Gross Profit": "2,101,000", "Operating Expense": "873,000", "Operating Income": "1,228,000", "Net Non Operating Interest Income Expense": "-43,000", "Other Income Expense": "80,000", "Pretax Income": "1,265,000", "Tax Provision": "468,000", "Net Income Common Stockholders": "746,000", "Diluted NI Available to Com Stockholders": "746,000", "Basic EPS": "3.61", "Diluted EPS": "3.61", "Basic Average Shares": "206,408", "Diluted Average Shares": "206,800", "Total Operating Income as Reported": "1,303,000", "Total Expenses": "8,940,000", "Net Income from Continuing & Discontinued Operation": "746,000", "Normalized Income": "700,010", "Interest Income": "12,000", "Interest Expense": "55,000", "Net Interest Income": "-43,000", "EBIT": "1,320,000", "EBITDA": "-", "Reconciled Cost of Revenue": "8,067,000", "Reconciled Depreciation": "439,000", "Net Income from Continuing Operation Net Minority Interest": "746,000", "Total Unusual Items Excluding Goodwill": "73,000", "Total Unusual Items": "73,000", "Normalized EBITDA": "1,686,000", "Tax Rate for Calcs": "0", "Tax Effect of Unusual Items": "27,010"}, "12/31/2018": {"Duration": "12/31/2018", "Total Revenue": "10,529,600", "Cost of Revenue": "8,300,200", "Gross Profit": "2,229,400", "Operating Expense": "945,700", "Operating Income": "1,283,700", "Net Non Operating Interest Income Expense": "-52,300", "Other Income Expense": "-35,500", "Pretax Income": "1,195,900", "Tax Provision": "211,300", "Net Income Common Stockholders": "930,700", "Diluted NI Available to Com Stockholders": "930,700", "Basic EPS": "4.47", "Diluted EPS": "4.44", "Basic Average Shares": "208,200", "Diluted Average Shares": "209,500", "Total Operating Income as Reported": "1,189,900", "Total Expenses": "9,245,900", "Net Income from Continuing & Discontinued Operation": "930,700", "Normalized Income": "1,014,564", "Interest Income": "6,400", "Interest Expense": "58,700", "Net Interest Income": "-52,300", "EBIT": "1,254,600", "EBITDA": "-", "Reconciled Cost of Revenue": "8,300,200", "Reconciled Depreciation": "431,300", "Net Income from Continuing Operation Net Minority Interest": "930,700", "Total Unusual Items Excluding Goodwill": "-101,900", "Total Unusual Items": "-101,900", "Normalized EBITDA": "1,787,800", "Tax Rate for Calcs": "0", "Tax Effect of Unusual Items": "-18,036"}}, "bs": {"12/31/2020": {"Duration": "12/31/2020", "Total Assets": "16,029,000", "Total Liabilities Net Minority Interest": "9,305,000", "Total Equity Gross Minority Interest": "6,724,000", "Total Capitalization": "10,166,000", "Common Stock Equity": "6,428,000", "Capital Lease Obligations": "219,000", "Net Tangible Assets": "2,705,000", "Working Capital": "2,357,000", "Invested Capital": "10,215,000", "Tangible Book Value": "2,705,000", "Total Debt": "4,006,000", "Net Debt": "2,137,000", "Share Issued": "283,576", "Ordinary Shares Number": "238,931", "Treasury Shares Number": "44,645"}, "12/31/2019": {"Duration": "12/31/2019", "Total Assets": "9,702,000", "Total Liabilities Net Minority Interest": "4,858,000", "Total Equity Gross Minority Interest": "4,844,000", "Total Capitalization": "6,380,000", "Common Stock Equity": "4,706,000", "Capital Lease Obligations": "85,000", "Net Tangible Assets": "2,462,000", "Working Capital": "1,507,000", "Invested Capital": "6,666,000", "Tangible Book Value": "2,462,000", "Total Debt": "2,045,000", "Net Debt": "1,128,000", "Share Issued": "246,387", "Ordinary Shares Number": "206,408", "Treasury Shares Number": "39,980"}, "12/31/2018": {"Duration": "12/31/2018", "Total Assets": "10,095,300", "Total Liabilities Net Minority Interest": "5,750,500", "Total Equity Gross Minority Interest": "4,344,800", "Total Capitalization": "6,166,200", "Common Stock Equity": "4,225,500", "Capital Lease Obligations": "-", "Net Tangible Assets": "1,932,600", "Working Capital": "1,405,700", "Invested Capital": "6,338,800", "Tangible Book Value": "1,932,600", "Total Debt": "2,113,300", "Net Debt": "1,373,900", "Share Issued": "246,387", "Ordinary Shares Number": "208,215", "Treasury Shares Number": "38,172"}}, "cf": {"TTM": {"Duration": "TTM", "Operating Cash Flow": "1,008,000", "Investing Cash Flow": "-489,000", "Financing Cash Flow": "-420,000", "End Cash Position": "832,000", "Income Tax Paid Supplemental Data": "243,000", "Interest Paid Supplemental Data": "72,000", "Capital Expenditure": "-481,000", "Issuance of Debt": "63,000", "Repayment of Debt": "-204,000", "Repurchase of Capital Stock": "-100,000", "Free Cash Flow": "527,000"}, "12/31/2020": {"Duration": "12/31/2020", "Operating Cash Flow": "1,184,000", "Investing Cash Flow": "-866,000", "Financing Cash Flow": "437,000", "End Cash Position": "1,650,000", "Income Tax Paid Supplemental Data": "205,000", "Interest Paid Supplemental Data": "97,000", "Capital Expenditure": "-461,000", "Issuance of Debt": "1,178,000", "Repayment of Debt": "-331,000", "Repurchase of Capital Stock": "-216,000", "Free Cash Flow": "723,000"}, "12/31/2019": {"Duration": "12/31/2019", "Operating Cash Flow": "1,008,000", "Investing Cash Flow": "-489,000", "Financing Cash Flow": "-420,000", "End Cash Position": "832,000", "Income Tax Paid Supplemental Data": "243,000", "Interest Paid Supplemental Data": "72,000", "Capital Expenditure": "-481,000", "Issuance of Debt": "63,000", "Repayment of Debt": "-204,000", "Repurchase of Capital Stock": "-100,000", "Free Cash Flow": "527,000"}, "12/31/2018": {"Duration": "12/31/2018", "Operating Cash Flow": "1,126,500", "Investing Cash Flow": "-514,500", "Financing Cash Flow": "-383,400", "End Cash Position": "739,400", "Income Tax Paid Supplemental Data": "315,700", "Interest Paid Supplemental Data": "83,600", "Capital Expenditure": "-546,600", "Issuance of Debt": "58,700", "Repayment of Debt": "-99,900", "Repurchase of Capital Stock": "-150,000", "Free Cash Flow": "579,900"}}}}, {"MNRO": {"quote": {"03/21/2021": {"value": "67.33", "Market Cap": "2.251B", "Beta (5Y Monthly)": "1.12", "PE Ratio (TTM)": "122.64", "EPS (TTM)": "0.55", "Earnings Date": "May 26, 2021 - May 31, 2021", "Forward Dividend & Yield": "0.88 (1.31%)", "Ex-Dividend Date": "Mar 09, 2021", "1y Target Est": "52.75"}}, "fin": {"TTM": {"Duration": "TTM", "Total Revenue": "1,256,524", "Cost of Revenue": "779,866", "Gross Profit": "476,658", "Operating Expense": "374,956", "Operating Income": "101,702", "Net Non Operating Interest Income Expense": "-28,213", "Other Income Expense": "785", "Pretax Income": "74,274", "Tax Provision": "16,250", "Net Income Common Stockholders": "57,575", "Diluted NI Available to Com Stockholders": "57,575", "Basic EPS": "-", "Diluted EPS": "-", "Basic Average Shares": "-", "Diluted Average Shares": "-", "Total Operating Income as Reported": "101,702", "Total Expenses": "1,154,822", "Net Income from Continuing & Discontinued Operation": "58,024", "Normalized Income": "58,024", "Interest Expense": "28,213", "Net Interest Income": "-28,213", "EBIT": "101,702", "EBITDA": "166,688", "Reconciled Cost of Revenue": "779,866", "Reconciled Depreciation": "64,986", "Net Income from Continuing Operation Net Minority Interest": "58,024", "Normalized EBITDA": "166,688", "Tax Rate for Calcs": "0", "Tax Effect of Unusual Items": "0"}, "3/31/2020": {"Duration": "3/31/2020", "Total Revenue": "1,256,524", "Cost of Revenue": "779,866", "Gross Profit": "476,658", "Operating Expense": "374,956", "Operating Income": "101,702", "Net Non Operating Interest Income Expense": "-28,213", "Other Income Expense": "785", "Pretax Income": "74,274", "Tax Provision": "16,250", "Net Income Common Stockholders": "57,575", "Diluted NI Available to Com Stockholders": "57,575", "Basic EPS": "1.74", "Diluted EPS": "1.71", "Basic Average Shares": "33,284", "Diluted Average Shares": "33,953", "Total Operating Income as Reported": "101,702", "Total Expenses": "1,154,822", "Net Income from Continuing & Discontinued Operation": "58,024", "Normalized Income": "58,024", "Interest Expense": "28,213", "Net Interest Income": "-28,213", "EBIT": "101,702", "EBITDA": "-", "Reconciled Cost of Revenue": "779,866", "Reconciled Depreciation": "64,986", "Net Income from Continuing Operation Net Minority Interest": "58,024", "Normalized EBITDA": "166,688", "Tax Rate for Calcs": "0", "Tax Effect of Unusual Items": "0"}, "3/31/2019": {"Duration": "3/31/2019", "Total Revenue": "1,200,230", "Cost of Revenue": "735,002", "Gross Profit": "465,228", "Operating Expense": "338,485", "Operating Income": "126,743", "Net Non Operating Interest Income Expense": "-27,013", "Other Income Expense": "630", "Pretax Income": "100,360", "Tax Provision": "20,608", "Net Income Common Stockholders": "79,344", "Diluted NI Available to Com Stockholders": "79,344", "Basic EPS": "2.41", "Diluted EPS": "2.37", "Basic Average Shares": "33,151", "Diluted Average Shares": "33,675", "Total Operating Income as Reported": "126,743", "Total Expenses": "1,073,487", "Net Income from Continuing & Discontinued Operation": "79,752", "Normalized Income": "79,752", "Interest Expense": "-", "Net Interest Income": "-27,013", "EBIT": "126,743", "EBITDA": "-", "Reconciled Cost of Revenue": "735,002", "Reconciled Depreciation": "55,531", "Net Income from Continuing Operation Net Minority Interest": "79,752", "Normalized EBITDA": "182,274", "Tax Rate for Calcs": "0", "Tax Effect of Unusual Items": "0"}, "3/31/2018": {"Duration": "3/31/2018", "Total Revenue": "1,127,815", "Cost of Revenue": "692,241", "Gross Profit": "435,574", "Operating Expense": "308,278", "Operating Income": "127,296", "Net Non Operating Interest Income Expense": "-24,296", "Other Income Expense": "454", "Pretax Income": "103,454", "Tax Provision": "39,519", "Net Income Common Stockholders": "63,567", "Diluted NI Available to Com Stockholders": "63,567", "Basic EPS": "1.95", "Diluted EPS": "1.92", "Basic Average Shares": "32,836", "Diluted Average Shares": "33,341", "Total Operating Income as Reported": "127,296", "Total Expenses": "1,000,519", "Net Income from Continuing & Discontinued Operation": "63,935", "Normalized Income": "63,935", "Interest Expense": "-", "Net Interest Income": "-24,296", "EBIT": "127,296", "EBITDA": "-", "Reconciled Cost of Revenue": "692,241", "Reconciled Depreciation": "49,335", "Net Income from Continuing Operation Net Minority Interest": "63,935", "Normalized EBITDA": "176,631", "Tax Rate for Calcs": "0", "Tax Effect of Unusual Items": "0"}}, "bs": {"3/31/2020": {"Duration": "3/31/2020", "Total Assets": "2,049,457", "Total Liabilities Net Minority Interest": "1,315,017", "Total Equity Gross Minority Interest": "734,440", "Total Capitalization": "1,300,840", "Preferred Stock Equity": "33", "Common Stock Equity": "734,407", "Capital Lease Obligations": "499,508", "Net Tangible Assets": "32,816", "Working Capital": "341,084", "Invested Capital": "1,333,064", "Tangible Book Value": "32,783", "Total Debt": "1,098,165", "Net Debt": "253,181", "Share Issued": "39,644", "Ordinary Shares Number": "33,284", "Treasury Shares Number": "6,360"}, "3/31/2019": {"Duration": "3/31/2019", "Total Assets": "1,312,288", "Total Liabilities Net Minority Interest": "612,778", "Total Equity Gross Minority Interest": "699,510", "Total Capitalization": "837,192", "Preferred Stock Equity": "33", "Common Stock Equity": "699,477", "Capital Lease Obligations": "238,089", "Net Tangible Assets": "82,900", "Working Capital": "21,460", "Invested Capital": "859,388", "Tangible Book Value": "82,867", "Total Debt": "398,000", "Net Debt": "153,697", "Share Issued": "39,511", "Ordinary Shares Number": "33,151", "Treasury Shares Number": "6,360"}, "3/31/2018": {"Duration": "3/31/2018", "Total Assets": "1,218,432", "Total Liabilities Net Minority Interest": "589,956", "Total Equity Gross Minority Interest": "628,476", "Total Capitalization": "776,544", "Preferred Stock Equity": "33", "Common Stock Equity": "628,443", "Capital Lease Obligations": "246,169", "Net Tangible Assets": "56,441", "Working Capital": "13,251", "Invested Capital": "776,551", "Tangible Book Value": "56,408", "Total Debt": "394,277", "Net Debt": "146,199", "Share Issued": "39,166", "Ordinary Shares Number": "32,836", "Treasury Shares Number": "6,330"}}, "cf": {"TTM": {"Duration": "TTM", "Operating Cash Flow": "121,329", "Investing Cash Flow": "-158,811", "Financing Cash Flow": "376,744", "End Cash Position": "345,476", "Income Tax Paid Supplemental Data": "12,745", "Interest Paid Supplemental Data": "27,250", "Capital Expenditure": "-55,918", "Issuance of Debt": "814,181", "Repayment of Debt": "-412,725", "Free Cash Flow": "65,411"}, "3/31/2020": {"Duration": "3/31/2020", "Operating Cash Flow": "121,329", "Investing Cash Flow": "-158,811", "Financing Cash Flow": "376,744", "End Cash Position": "345,476", "Income Tax Paid Supplemental Data": "12,745", "Interest Paid Supplemental Data": "27,250", "Capital Expenditure": "-55,918", "Issuance of Debt": "814,181", "Repayment of Debt": "-412,725", "Free Cash Flow": "65,411"}, "3/31/2019": {"Duration": "3/31/2019", "Operating Cash Flow": "152,891", "Investing Cash Flow": "-105,883", "Financing Cash Flow": "-42,703", "End Cash Position": "6,214", "Income Tax Paid Supplemental Data": "-", "Interest Paid Supplemental Data": "-", "Capital Expenditure": "-44,468", "Issuance of Debt": "433,460", "Repayment of Debt": "-463,989", "Free Cash Flow": "108,423"}, "3/31/2018": {"Duration": "3/31/2018", "Operating Cash Flow": "121,235", "Investing Cash Flow": "-58,490", "Financing Cash Flow": "-69,831", "End Cash Position": "1,909", "Income Tax Paid Supplemental Data": "-", "Interest Paid Supplemental Data": "-", "Capital Expenditure": "-39,122", "Issuance of Debt": "344,843", "Repayment of Debt": "-395,521", "Free Cash Flow": "82,113"}}}}, {"JCI": {"quote": {"03/21/2021": {"value": "60.07", "Market Cap": "43.153B", "Beta (5Y Monthly)": "1.11", "PE Ratio (TTM)": "48.37", "EPS (TTM)": "1.24", "Earnings Date": "Apr 29, 2021 - May 03, 2021", "Forward Dividend & Yield": "1.08 (1.80%)", "Ex-Dividend Date": "Mar 19, 2021", "1y Target Est": "58.80"}}, "fin": {"TTM": {"Duration": "TTM", "Total Revenue": "22,082,000", "Cost of Revenue": "14,746,000", "Gross Profit": "7,336,000", "Operating Expense": "5,532,000", "Operating Income": "1,804,000", "Net Non Operating Interest Income Expense": "-253,000", "Other Income Expense": "-471,000", "Pretax Income": "1,080,000", "Tax Provision": "104,000", "Net Income Common Stockholders": "923,000", "Diluted NI Available to Com Stockholders": "923,000", "Basic EPS": "-", "Diluted EPS": "-", "Basic Average Shares": "-", "Diluted Average Shares": "-", "Total Expenses": "20,278,000", "Net Income from Continuing & Discontinued Operation": "923,000", "Normalized Income": "1,392,733", "Interest Income": "13,000", "Interest Expense": "237,000", "Net Interest Income": "-253,000", "EBIT": "1,317,000", "EBITDA": "2,139,000", "Reconciled Cost of Revenue": "14,746,000", "Reconciled Depreciation": "822,000", "Net Income from Continuing Operation Net Minority Interest": "799,000", "Total Unusual Items Excluding Goodwill": "-657,000", "Total Unusual Items": "-657,000", "Normalized EBITDA": "2,796,000", "Tax Rate for Calcs": "0", "Tax Effect of Unusual Items": "-63,267"}, "9/30/2020": {"Duration": "9/30/2020", "Total Revenue": "22,317,000", "Cost of Revenue": "14,906,000", "Gross Profit": "7,411,000", "Operating Expense": "5,665,000", "Operating Income": "1,746,000", "Net Non Operating Interest Income Expense": "-243,000", "Other Income Expense": "-600,000", "Pretax Income": "903,000", "Tax Provision": "108,000", "Net Income Common Stockholders": "631,000", "Diluted NI Available to Com Stockholders": "631,000", "Basic EPS": "0.84", "Diluted EPS": "0.84", "Basic Average Shares": "751,000", "Diluted Average Shares": "753,600", "Total Expenses": "20,571,000", "Net Income from Continuing & Discontinued Operation": "631,000", "Normalized Income": "1,309,480", "Interest Income": "23,000", "Interest Expense": "240,000", "Net Interest Income": "-243,000", "EBIT": "1,143,000", "EBITDA": "-", "Reconciled Cost of Revenue": "14,906,000", "Reconciled Depreciation": "822,000", "Net Income from Continuing Operation Net Minority Interest": "631,000", "Total Unusual Items Excluding Goodwill": "-771,000", "Total Unusual Items": "-771,000", "Normalized EBITDA": "2,736,000", "Tax Rate for Calcs": "0", "Tax Effect of Unusual Items": "-92,520"}, "9/30/2019": {"Duration": "9/30/2019", "Total Revenue": "23,968,000", "Cost of Revenue": "16,275,000", "Gross Profit": "7,693,000", "Operating Expense": "6,244,000", "Operating Income": "1,449,000", "Net Non Operating Interest Income Expense": "-302,000", "Other Income Expense": "-91,000", "Pretax Income": "1,056,000", "Tax Provision": "-233,000", "Net Income Common Stockholders": "5,674,000", "Diluted NI Available to Com Stockholders": "5,674,000", "Basic EPS": "7.30", "Diluted EPS": "6.49", "Basic Average Shares": "777,600", "Diluted Average Shares": "874,300", "Total Expenses": "22,519,000", "Net Income from Continuing & Discontinued Operation": "5,674,000", "Normalized Income": "1,282,590", "Interest Income": "61,000", "Interest Expense": "335,000", "Net Interest Income": "-302,000", "EBIT": "1,391,000", "EBITDA": "-", "Reconciled Cost of Revenue": "16,275,000", "Reconciled Depreciation": "825,000", "Net Income from Continuing Operation Net Minority Interest": "1,076,000", "Total Unusual Items Excluding Goodwill": "-283,000", "Total Unusual Items": "-283,000", "Normalized EBITDA": "2,499,000", "Tax Rate for Calcs": "0", "Tax Effect of Unusual Items": "-76,410"}, "9/30/2018": {"Duration": "9/30/2018", "Total Revenue": "31,400,000", "Cost of Revenue": "22,020,000", "Gross Profit": "9,380,000", "Operating Expense": "6,010,000", "Operating Income": "3,370,000", "Net Non Operating Interest Income Expense": "-466,000", "Other Income Expense": "-3,000", "Pretax Income": "2,901,000", "Tax Provision": "518,000", "Net Income Common Stockholders": "2,162,000", "Diluted NI Available to Com Stockholders": "2,162,000", "Basic EPS": "2.34", "Diluted EPS": "2.32", "Basic Average Shares": "925,700", "Diluted Average Shares": "931,700", "Total Expenses": "28,030,000", "Net Income from Continuing & Discontinued Operation": "2,162,000", "Normalized Income": "2,357,160", "Interest Income": "29,000", "Interest Expense": "437,000", "Net Interest Income": "-466,000", "EBIT": "3,338,000", "EBITDA": "-", "Reconciled Cost of Revenue": "22,020,000", "Reconciled Depreciation": "1,085,000", "Net Income from Continuing Operation Net Minority Interest": "2,162,000", "Total Unusual Items Excluding Goodwill": "-238,000", "Total Unusual Items": "-238,000", "Normalized EBITDA": "4,661,000", "Tax Rate for Calcs": "0", "Tax Effect of Unusual Items": "-42,840"}}, "bs": {"9/30/2020": {"Duration": "9/30/2020", "Total Assets": "40,815,000", "Total Liabilities Net Minority Interest": "22,282,000", "Total Equity Gross Minority Interest": "18,533,000", "Total Capitalization": "24,973,000", "Common Stock Equity": "17,447,000", "Net Tangible Assets": "-5,841,000", "Working Capital": "1,805,000", "Invested Capital": "25,266,000", "Tangible Book Value": "-5,841,000", "Total Debt": "7,819,000", "Net Debt": "5,868,000", "Share Issued": "814,772", "Ordinary Shares Number": "753,907", "Treasury Shares Number": "60,865"}, "9/30/2019": {"Duration": "9/30/2019", "Total Assets": "42,287,000", "Total Liabilities Net Minority Interest": "21,458,000", "Total Equity Gross Minority Interest": "20,829,000", "Total Capitalization": "26,474,000", "Common Stock Equity": "19,766,000", "Net Tangible Assets": "-4,044,000", "Working Capital": "3,323,000", "Invested Capital": "26,985,000", "Tangible Book Value": "-4,044,000", "Total Debt": "7,219,000", "Net Debt": "4,414,000", "Share Issued": "804,495", "Ordinary Shares Number": "777,631", "Treasury Shares Number": "26,865"}, "9/30/2018": {"Duration": "9/30/2018", "Total Assets": "48,797,000", "Total Liabilities Net Minority Interest": "26,339,000", "Total Equity Gross Minority Interest": "22,458,000", "Total Capitalization": "30,818,000", "Common Stock Equity": "21,164,000", "Net Tangible Assets": "-4,657,000", "Working Capital": "573,000", "Invested Capital": "32,159,000", "Tangible Book Value": "-4,657,000", "Total Debt": "10,995,000", "Net Debt": "10,795,000", "Share Issued": "950,970", "Ordinary Shares Number": "925,007", "Treasury Shares Number": "25,963"}}, "cf": {"TTM": {"Duration": "TTM", "Operating Cash Flow": "2,381,000", "Investing Cash Flow": "-122,000", "Financing Cash Flow": "-2,634,000", "Other Cash Adjustment Inside Change in Cash": "0", "End Cash Position": "1,785,000", "Capital Expenditure": "-408,000", "Issuance of Debt": "-", "Repayment of Debt": "-", "Repurchase of Capital Stock": "-1,899,000", "Free Cash Flow": "1,973,000"}, "9/30/2020": {"Duration": "9/30/2020", "Operating Cash Flow": "2,219,000", "Investing Cash Flow": "-258,000", "Financing Cash Flow": "-2,937,000", "Other Cash Adjustment Inside Change in Cash": "0", "End Cash Position": "1,951,000", "Capital Expenditure": "-443,000", "Issuance of Debt": "1,804,000", "Repayment of Debt": "-1,386,000", "Repurchase of Capital Stock": "-2,204,000", "Free Cash Flow": "1,776,000"}, "9/30/2019": {"Duration": "9/30/2019", "Operating Cash Flow": "1,202,000", "Investing Cash Flow": "12,078,000", "Financing Cash Flow": "-10,554,000", "Other Cash Adjustment Inside Change in Cash": "15,000", "End Cash Position": "2,805,000", "Capital Expenditure": "-586,000", "Issuance of Debt": "0", "Repayment of Debt": "-2,333,000", "Repurchase of Capital Stock": "-5,983,000", "Free Cash Flow": "616,000"}, "9/30/2018": {"Duration": "9/30/2018", "Operating Cash Flow": "2,513,000", "Investing Cash Flow": "1,215,000", "Financing Cash Flow": "-3,752,000", "Other Cash Adjustment Inside Change in Cash": "9,000", "End Cash Position": "200,000", "Capital Expenditure": "-1,030,000", "Issuance of Debt": "1,136,000", "Repayment of Debt": "-3,729,000", "Repurchase of Capital Stock": "-300,000", "Free Cash Flow": "1,483,000"}}}}, {"GNTX": {"quote": {"03/21/2021": {"value": "35.55", "Market Cap": "8.662B", "Beta (5Y Monthly)": "1.11", "PE Ratio (TTM)": "25.28", "EPS (TTM)": "1.41", "Earnings Date": "Apr 21, 2021 - Apr 26, 2021", "Forward Dividend & Yield": "0.48 (1.35%)", "Ex-Dividend Date": "Apr 08, 2021", "1y Target Est": "38.43"}}, "fin": {"TTM": {"Duration": "TTM", "Total Revenue": "1,688,189", "Cost of Revenue": "1,082,746", "Gross Profit": "605,444", "Operating Expense": "205,887", "Operating Income": "399,556", "Other Income Expense": "12,257", "Pretax Income": "411,813", "Tax Provision": "64,249", "Net Income Common Stockholders": "342,599", "Average Dilution Earnings": "14.232", "Diluted NI Available to Com Stockholders": "342,613", "Basic EPS": "-", "Diluted EPS": "-", "Basic Average Shares": "-", "Diluted Average Shares": "-", "Total Operating Income as Reported": "399,556", "Total Expenses": "1,288,633", "Net Income from Continuing & Discontinued Operation": "347,564", "Normalized Income": "341,667", "EBIT": "399,556", "EBITDA": "504,296", "Reconciled Cost of Revenue": "1,082,746", "Reconciled Depreciation": "104,740", "Net Income from Continuing Operation Net Minority Interest": "347,564", "Total Unusual Items Excluding Goodwill": "6,986", "Total Unusual Items": "6,986", "Normalized EBITDA": "497,310", "Tax Rate for Calcs": "0", "Tax Effect of Unusual Items": "1,090"}, "12/31/2020": {"Duration": "12/31/2020", "Total Revenue": "1,688,189", "Cost of Revenue": "1,082,746", "Gross Profit": "605,444", "Operating Expense": "205,887", "Operating Income": "399,556", "Other Income Expense": "12,257", "Pretax Income": "411,813", "Tax Provision": "64,249", "Net Income Common Stockholders": "342,599", "Average Dilution Earnings": "14.232", "Diluted NI Available to Com Stockholders": "342,613", "Basic EPS": "1.41", "Diluted EPS": "1.41", "Basic Average Shares": "242,600", "Diluted Average Shares": "243,682", "Total Operating Income as Reported": "399,556", "Total Expenses": "1,288,633", "Net Income from Continuing & Discontinued Operation": "347,564", "Normalized Income": "341,667", "EBIT": "399,556", "EBITDA": "-", "Reconciled Cost of Revenue": "1,082,746", "Reconciled Depreciation": "104,740", "Net Income from Continuing Operation Net Minority Interest": "347,564", "Total Unusual Items Excluding Goodwill": "6,986", "Total Unusual Items": "6,986", "Normalized EBITDA": "497,310", "Tax Rate for Calcs": "0", "Tax Effect of Unusual Items": "1,090"}, "12/31/2019": {"Duration": "12/31/2019", "Total Revenue": "1,858,897", "Cost of Revenue": "1,170,589", "Gross Profit": "688,308", "Operating Expense": "199,770", "Operating Income": "488,538", "Other Income Expense": "11,878", "Pretax Income": "500,415", "Tax Provision": "75,731", "Net Income Common Stockholders": "424,684", "Average Dilution Earnings": "-", "Diluted NI Available to Com Stockholders": "424,684", "Basic EPS": "1.67", "Diluted EPS": "1.66", "Basic Average Shares": "251,766", "Diluted Average Shares": "253,273", "Total Operating Income as Reported": "488,538", "Total Expenses": "1,370,360", "Net Income from Continuing & Discontinued Operation": "424,684", "Normalized Income": "415,149", "EBIT": "488,538", "EBITDA": "-", "Reconciled Cost of Revenue": "1,170,589", "Reconciled Depreciation": "104,703", "Net Income from Continuing Operation Net Minority Interest": "424,684", "Total Unusual Items Excluding Goodwill": "11,231", "Total Unusual Items": "11,231", "Normalized EBITDA": "582,010", "Tax Rate for Calcs": "0", "Tax Effect of Unusual Items": "1,696"}, "12/31/2018": {"Duration": "12/31/2018", "Total Revenue": "1,834,064", "Cost of Revenue": "1,143,597", "Gross Profit": "690,467", "Operating Expense": "182,341", "Operating Income": "508,126", "Other Income Expense": "13,921", "Pretax Income": "522,047", "Tax Provision": "84,164", "Net Income Common Stockholders": "437,883", "Average Dilution Earnings": "-", "Diluted NI Available to Com Stockholders": "437,883", "Basic EPS": "1.64", "Diluted EPS": "1.62", "Basic Average Shares": "267,795", "Diluted Average Shares": "269,877", "Total Operating Income as Reported": "508,126", "Total Expenses": "1,325,938", "Net Income from Continuing & Discontinued Operation": "437,883", "Normalized Income": "428,434", "EBIT": "508,126", "EBITDA": "-", "Reconciled Cost of Revenue": "1,143,597", "Reconciled Depreciation": "102,187", "Net Income from Continuing Operation Net Minority Interest": "437,883", "Total Unusual Items Excluding Goodwill": "11,262", "Total Unusual Items": "11,262", "Normalized EBITDA": "599,050", "Tax Rate for Calcs": "0", "Tax Effect of Unusual Items": "1,813"}}, "bs": {"12/31/2020": {"Duration": "12/31/2020", "Total Assets": "2,197,941", "Total Liabilities Net Minority Interest": "233,998", "Total Equity Gross Minority Interest": "1,963,943", "Total Capitalization": "1,963,943", "Common Stock Equity": "1,963,943", "Net Tangible Assets": "1,375,496", "Working Capital": "801,594", "Invested Capital": "1,963,943", "Tangible Book Value": "1,375,496", "Total Debt": "-", "Share Issued": "243,693", "Ordinary Shares Number": "243,693"}, "12/31/2019": {"Duration": "12/31/2019", "Total Assets": "2,168,803", "Total Liabilities Net Minority Interest": "230,715", "Total Equity Gross Minority Interest": "1,938,088", "Total Capitalization": "1,938,088", "Common Stock Equity": "1,938,088", "Net Tangible Assets": "1,357,887", "Working Capital": "778,530", "Invested Capital": "1,938,088", "Tangible Book Value": "1,357,887", "Total Debt": "-", "Share Issued": "251,278", "Ordinary Shares Number": "251,278"}, "12/31/2018": {"Duration": "12/31/2018", "Total Assets": "2,085,434", "Total Liabilities Net Minority Interest": "223,682", "Total Equity Gross Minority Interest": "1,861,752", "Total Capitalization": "1,861,752", "Common Stock Equity": "1,861,752", "Net Tangible Assets": "1,263,701", "Working Capital": "681,769", "Invested Capital": "1,861,752", "Tangible Book Value": "1,263,701", "Total Debt": "-", "Share Issued": "259,329", "Ordinary Shares Number": "259,329"}}, "cf": {"TTM": {"Duration": "TTM", "Operating Cash Flow": "464,492", "Investing Cash Flow": "26,416", "Financing Cash Flow": "-363,859", "End Cash Position": "423,371", "Capital Expenditure": "-51,707", "Issuance of Debt": "75,000", "Repayment of Debt": "-75,000", "Repurchase of Capital Stock": "-288,481", "Free Cash Flow": "412,785"}, "12/31/2020": {"Duration": "12/31/2020", "Operating Cash Flow": "464,492", "Investing Cash Flow": "26,416", "Financing Cash Flow": "-363,859", "End Cash Position": "423,371", "Capital Expenditure": "-51,707", "Issuance of Debt": "75,000", "Repayment of Debt": "-75,000", "Repurchase of Capital Stock": "-288,481", "Free Cash Flow": "412,785"}, "12/31/2019": {"Duration": "12/31/2019", "Operating Cash Flow": "505,967", "Investing Cash Flow": "-56,711", "Financing Cash Flow": "-369,959", "End Cash Position": "296,322", "Capital Expenditure": "-84,580", "Issuance of Debt": "-", "Repayment of Debt": "0", "Repurchase of Capital Stock": "-331,471", "Free Cash Flow": "421,387"}, "12/31/2018": {"Duration": "12/31/2018", "Operating Cash Flow": "552,419", "Investing Cash Flow": "-185,821", "Financing Cash Flow": "-719,307", "End Cash Position": "217,025", "Capital Expenditure": "-85,991", "Issuance of Debt": "-", "Repayment of Debt": "-78,000", "Repurchase of Capital Stock": "-591,578", "Free Cash Flow": "466,428"}}}}, {"MOD": {"quote": {"03/21/2021": {"value": "15.98", "Market Cap": "821.712M", "Beta (5Y Monthly)": "2.81", "PE Ratio (TTM)": "N/A", "EPS (TTM)": "-3.96", "Earnings Date": "May 26, 2021 - May 31, 2021", "Forward Dividend & Yield": "N/A (N/A)", "Ex-Dividend Date": "Nov 19, 2008", "1y Target Est": "18.00"}}, "fin": {"TTM": {"Duration": "TTM", "Total Revenue": "1,766,400", "Cost of Revenue": "1,481,900", "Gross Profit": "284,500", "Operating Expense": "210,000", "Operating Income": "74,500", "Net Non Operating Interest Income Expense": "-20,100", "Other Income Expense": "-156,300", "Pretax Income": "-101,900", "Tax Provision": "99,400", "Net Income Common Stockholders": "-202,400", "Average Dilution Earnings": "-", "Diluted NI Available to Com Stockholders": "-202,400", "Basic EPS": "-", "Diluted EPS": "-", "Basic Average Shares": "-", "Diluted Average Shares": "-", "Total Operating Income as Reported": "-77,800", "Total Expenses": "1,691,900", "Net Income from Continuing & Discontinued Operation": "-202,400", "Normalized Income": "-88,301", "Interest Income": "500", "Interest Expense": "20,600", "Net Interest Income": "-20,100", "EBIT": "-81,300", "EBITDA": "-7,800", "Reconciled Cost of Revenue": "1,481,900", "Reconciled Depreciation": "73,500", "Net Income from Continuing Operation Net Minority Interest": "-202,400", "Total Unusual Items Excluding Goodwill": "-156,300", "Total Unusual Items": "-156,300", "Normalized EBITDA": "148,500", "Tax Rate for Calcs": "0", "Tax Effect of Unusual Items": "-42,201"}, "3/31/2020": {"Duration": "3/31/2020", "Total Revenue": "1,975,500", "Cost of Revenue": "1,668,000", "Gross Profit": "307,500", "Operating Expense": "252,600", "Operating Income": "54,900", "Net Non Operating Interest Income Expense": "-22,300", "Other Income Expense": "-22,200", "Pretax Income": "10,400", "Tax Provision": "12,400", "Net Income Common Stockholders": "-2,200", "Average Dilution Earnings": "0", "Diluted NI Available to Com Stockholders": "-2,200", "Basic EPS": "-0.04", "Diluted EPS": "-0.04", "Basic Average Shares": "50,900", "Diluted Average Shares": "50,900", "Total Operating Income as Reported": "37,900", "Total Expenses": "1,920,600", "Net Income from Continuing & Discontinued Operation": "-2,200", "Normalized Income": "14,152", "Interest Income": "400", "Interest Expense": "22,700", "Net Interest Income": "-22,300", "EBIT": "33,100", "EBITDA": "-", "Reconciled Cost of Revenue": "1,668,000", "Reconciled Depreciation": "77,100", "Net Income from Continuing Operation Net Minority Interest": "-2,200", "Total Unusual Items Excluding Goodwill": "-22,400", "Total Unusual Items": "-22,400", "Normalized EBITDA": "132,600", "Tax Rate for Calcs": "0", "Tax Effect of Unusual Items": "-6,048"}, "3/31/2019": {"Duration": "3/31/2019", "Total Revenue": "2,212,700", "Cost of Revenue": "1,847,200", "Gross Profit": "365,500", "Operating Expense": "247,000", "Operating Income": "118,500", "Net Non Operating Interest Income Expense": "-24,400", "Other Income Expense": "-13,300", "Pretax Income": "80,800", "Tax Provision": "-5,100", "Net Income Common Stockholders": "84,400", "Average Dilution Earnings": "200", "Diluted NI Available to Com Stockholders": "84,600", "Basic EPS": "1.67", "Diluted EPS": "1.65", "Basic Average Shares": "50,700", "Diluted Average Shares": "51,300", "Total Operating Income as Reported": "109,700", "Total Expenses": "2,094,200", "Net Income from Continuing & Discontinued Operation": "84,800", "Normalized Income": "95,020", "Interest Income": "400", "Interest Expense": "24,800", "Net Interest Income": "-24,400", "EBIT": "105,600", "EBITDA": "-", "Reconciled Cost of Revenue": "1,847,200", "Reconciled Depreciation": "76,900", "Net Income from Continuing Operation Net Minority Interest": "84,800", "Total Unusual Items Excluding Goodwill": "-14,000", "Total Unusual Items": "-14,000", "Normalized EBITDA": "196,500", "Tax Rate for Calcs": "0", "Tax Effect of Unusual Items": "-3,780"}, "3/31/2018": {"Duration": "3/31/2018", "Total Revenue": "2,103,100", "Cost of Revenue": "1,746,600", "Gross Profit": "356,500", "Operating Expense": "249,100", "Operating Income": "107,400", "Net Non Operating Interest Income Expense": "-25,200", "Other Income Expense": "-18,900", "Pretax Income": "63,300", "Tax Provision": "39,500", "Net Income Common Stockholders": "22,000", "Average Dilution Earnings": "-", "Diluted NI Available to Com Stockholders": "22,000", "Basic EPS": "0.44", "Diluted EPS": "0.43", "Basic Average Shares": "50,500", "Diluted Average Shares": "50,900", "Total Operating Income as Reported": "92,200", "Total Expenses": "1,995,700", "Net Income from Continuing & Discontinued Operation": "22,200", "Normalized Income": "36,143", "Interest Income": "400", "Interest Expense": "25,600", "Net Interest Income": "-25,200", "EBIT": "88,900", "EBITDA": "-", "Reconciled Cost of Revenue": "1,746,600", "Reconciled Depreciation": "76,700", "Net Income from Continuing Operation Net Minority Interest": "22,200", "Total Unusual Items Excluding Goodwill": "-19,100", "Total Unusual Items": "-19,100", "Normalized EBITDA": "184,700", "Tax Rate for Calcs": "0", "Tax Effect of Unusual Items": "-5,157"}}, "bs": {"3/31/2020": {"Duration": "3/31/2020", "Total Assets": "1,536,100", "Total Liabilities Net Minority Interest": "1,042,500", "Total Equity Gross Minority Interest": "493,600", "Total Capitalization": "939,900", "Common Stock Equity": "487,900", "Net Tangible Assets": "215,500", "Working Capital": "261,300", "Invested Capital": "970,300", "Tangible Book Value": "215,500", "Total Debt": "482,400", "Net Debt": "411,500", "Share Issued": "53,400", "Ordinary Shares Number": "50,900", "Treasury Shares Number": "2,500"}, "3/31/2019": {"Duration": "3/31/2019", "Total Assets": "1,538,000", "Total Liabilities Net Minority Interest": "996,900", "Total Equity Gross Minority Interest": "541,100", "Total Capitalization": "869,000", "Common Stock Equity": "533,900", "Net Tangible Assets": "249,200", "Working Capital": "129,700", "Invested Capital": "983,600", "Tangible Book Value": "249,200", "Total Debt": "449,700", "Net Debt": "408,000", "Share Issued": "52,800", "Ordinary Shares Number": "50,700", "Treasury Shares Number": "2,100"}, "3/31/2018": {"Duration": "3/31/2018", "Total Assets": "1,573,400", "Total Liabilities Net Minority Interest": "1,074,900", "Total Equity Gross Minority Interest": "498,500", "Total Capitalization": "876,400", "Common Stock Equity": "490,100", "Net Tangible Assets": "186,400", "Working Capital": "127,600", "Invested Capital": "969,500", "Tangible Book Value": "186,400", "Total Debt": "479,400", "Net Debt": "440,100", "Share Issued": "52,300", "Ordinary Shares Number": "50,500", "Treasury Shares Number": "1,800"}}, "cf": {"TTM": {"Duration": "TTM", "Operating Cash Flow": "158,500", "Investing Cash Flow": "-35,800", "Financing Cash Flow": "-83,400", "End Cash Position": "75,900", "Income Tax Paid Supplemental Data": "-", "Interest Paid Supplemental Data": "-", "Capital Expenditure": "-36,800", "Issuance of Debt": "102,800", "Repayment of Debt": "-182,700", "Repurchase of Capital Stock": "0", "Free Cash Flow": "121,700"}, "3/31/2020": {"Duration": "3/31/2020", "Operating Cash Flow": "57,900", "Investing Cash Flow": "-60,500", "Financing Cash Flow": "33,300", "End Cash Position": "71,300", "Income Tax Paid Supplemental Data": "-", "Interest Paid Supplemental Data": "-", "Capital Expenditure": "-71,300", "Issuance of Debt": "692,400", "Repayment of Debt": "-649,500", "Repurchase of Capital Stock": "-2,400", "Free Cash Flow": "-13,400"}, "3/31/2019": {"Duration": "3/31/2019", "Operating Cash Flow": "103,300", "Investing Cash Flow": "-72,800", "Financing Cash Flow": "-25,900", "End Cash Position": "42,200", "Income Tax Paid Supplemental Data": "-", "Interest Paid Supplemental Data": "-", "Capital Expenditure": "-73,900", "Issuance of Debt": "231,200", "Repayment of Debt": "-251,900", "Repurchase of Capital Stock": "-", "Free Cash Flow": "29,400"}, "3/31/2018": {"Duration": "3/31/2018", "Operating Cash Flow": "123,800", "Investing Cash Flow": "-71,600", "Financing Cash Flow": "-50,100", "End Cash Position": "39,300", "Income Tax Paid Supplemental Data": "-20,100", "Interest Paid Supplemental Data": "-23,400", "Capital Expenditure": "-71,000", "Issuance of Debt": "171,000", "Repayment of Debt": "-222,900", "Repurchase of Capital Stock": "0", "Free Cash Flow": "52,800"}}}}, {"LKQ": {"quote": {"03/21/2021": {"value": "43.40", "Market Cap": "13.164B", "Beta (5Y Monthly)": "1.69", "PE Ratio (TTM)": "20.77", "EPS (TTM)": "2.09", "Earnings Date": "Apr 21, 2021 - Apr 26, 2021", "Forward Dividend & Yield": "N/A (N/A)", "Ex-Dividend Date": "N/A", "1y Target Est": "48.25"}}, "fin": {"TTM": {"Duration": "TTM", "Total Revenue": "11,628,830", "Cost of Revenue": "7,035,559", "Gross Profit": "4,593,271", "Operating Expense": "3,538,357", "Operating Income": "1,054,914", "Net Non Operating Interest Income Expense": "-89,992", "Other Income Expense": "-79,927", "Pretax Income": "884,995", "Tax Provision": "249,498", "Earnings from Equity Interest Net of Tax": "5,012", "Net Income Common Stockholders": "638,423", "Diluted NI Available to Com Stockholders": "638,423", "Basic EPS": "-", "Diluted EPS": "-", "Basic Average Shares": "-", "Diluted Average Shares": "-", "Total Operating Income as Reported": "985,577", "Total Expenses": "10,573,916", "Net Income from Continuing & Discontinued Operation": "638,423", "Normalized Income": "695,906", "Interest Income": "6,764", "Interest Expense": "96,756", "Net Interest Income": "-89,992", "EBIT": "981,751", "EBITDA": "1,281,248", "Reconciled Cost of Revenue": "7,008,354", "Reconciled Depreciation": "299,497", "Net Income from Continuing Operation Net Minority Interest": "638,518", "Total Unusual Items Excluding Goodwill": "-79,927", "Total Unusual Items": "-79,927", "Normalized EBITDA": "1,361,175", "Tax Rate for Calcs": "0", "Tax Effect of Unusual Items": "-22,539"}, "12/31/2020": {"Duration": "12/31/2020", "Total Revenue": "11,628,830", "Cost of Revenue": "7,035,559", "Gross Profit": "4,593,271", "Operating Expense": "3,538,357", "Operating Income": "1,054,914", "Net Non Operating Interest Income Expense": "-89,992", "Other Income Expense": "-79,927", "Pretax Income": "884,995", "Tax Provision": "249,498", "Earnings from Equity Interest Net of Tax": "5,012", "Net Income Common Stockholders": "638,423", "Diluted NI Available to Com Stockholders": "638,423", "Basic EPS": "-", "Diluted EPS": "-", "Basic Average Shares": "-", "Diluted Average Shares": "-", "Total Operating Income as Reported": "985,577", "Total Expenses": "10,573,916", "Net Income from Continuing & Discontinued Operation": "638,423", "Normalized Income": "695,906", "Interest Income": "6,764", "Interest Expense": "96,756", "Net Interest Income": "-89,992", "EBIT": "981,751", "EBITDA": "-", "Reconciled Cost of Revenue": "7,008,354", "Reconciled Depreciation": "299,497", "Net Income from Continuing Operation Net Minority Interest": "638,518", "Total Unusual Items Excluding Goodwill": "-79,927", "Total Unusual Items": "-79,927", "Normalized EBITDA": "1,361,175", "Tax Rate for Calcs": "0", "Tax Effect of Unusual Items": "-22,539"}, "12/31/2019": {"Duration": "12/31/2019", "Total Revenue": "12,506,109", "Cost of Revenue": "7,654,315", "Gross Profit": "4,851,794", "Operating Expense": "3,871,070", "Operating Income": "980,724", "Net Non Operating Interest Income Expense": "-105,749", "Other Income Expense": "-83,953", "Pretax Income": "791,022", "Tax Provision": "215,330", "Earnings from Equity Interest Net of Tax": "-32,277", "Net Income Common Stockholders": "541,260", "Diluted NI Available to Com Stockholders": "541,260", "Basic EPS": "1.76", "Diluted EPS": "1.75", "Basic Average Shares": "310,155", "Diluted Average Shares": "310,969", "Total Operating Income as Reported": "896,643", "Total Expenses": "11,525,385", "Net Income from Continuing & Discontinued Operation": "541,260", "Normalized Income": "600,759", "Interest Income": "32,755", "Interest Expense": "138,504", "Net Interest Income": "-105,749", "EBIT": "929,526", "EBITDA": "-", "Reconciled Cost of Revenue": "7,630,679", "Reconciled Depreciation": "314,406", "Net Income from Continuing Operation Net Minority Interest": "539,641", "Total Unusual Items Excluding Goodwill": "-83,953", "Total Unusual Items": "-83,953", "Normalized EBITDA": "1,327,885", "Tax Rate for Calcs": "0", "Tax Effect of Unusual Items": "-22,835"}, "12/31/2018": {"Duration": "12/31/2018", "Total Revenue": "11,876,674", "Cost of Revenue": "7,301,817", "Gross Profit": "4,574,857", "Operating Expense": "3,626,944", "Operating Income": "947,913", "Net Non Operating Interest Income Expense": "-139,878", "Other Income Expense": "-64,604", "Pretax Income": "743,431", "Tax Provision": "191,395", "Earnings from Equity Interest Net of Tax": "-64,471", "Net Income Common Stockholders": "480,118", "Diluted NI Available to Com Stockholders": "480,118", "Basic EPS": "1.54", "Diluted EPS": "1.53", "Basic Average Shares": "314,428", "Diluted Average Shares": "315,849", "Total Operating Income as Reported": "882,241", "Total Expenses": "10,928,761", "Net Income from Continuing & Discontinued Operation": "480,118", "Normalized Income": "532,516", "Interest Income": "6,499", "Interest Expense": "146,377", "Net Interest Income": "-139,878", "EBIT": "889,808", "EBITDA": "-", "Reconciled Cost of Revenue": "7,281,953", "Reconciled Depreciation": "294,077", "Net Income from Continuing Operation Net Minority Interest": "484,515", "Total Unusual Items Excluding Goodwill": "-64,604", "Total Unusual Items": "-64,604", "Normalized EBITDA": "1,248,489", "Tax Rate for Calcs": "0", "Tax Effect of Unusual Items": "-16,603"}}, "bs": {"12/31/2020": {"Duration": "12/31/2020", "Total Assets": "12,360,533", "Total Liabilities Net Minority Interest": "6,689,233", "Total Equity Gross Minority Interest": "5,671,300", "Total Capitalization": "8,468,359", "Common Stock Equity": "5,655,718", "Capital Lease Obligations": "1,419,774", "Net Tangible Assets": "249,930", "Working Capital": "2,045,541", "Invested Capital": "8,526,856", "Tangible Book Value": "249,930", "Total Debt": "4,290,912", "Net Debt": "2,558,984", "Share Issued": "320,868", "Ordinary Shares Number": "303,553", "Treasury Shares Number": "17,315"}, "12/31/2019": {"Duration": "12/31/2019", "Total Assets": "12,779,956", "Total Liabilities Net Minority Interest": "7,731,376", "Total Equity Gross Minority Interest": "5,048,580", "Total Capitalization": "8,724,265", "Common Stock Equity": "5,008,876", "Capital Lease Obligations": "1,359,124", "Net Tangible Assets": "-247,997", "Working Capital": "2,509,307", "Invested Capital": "9,050,632", "Tangible Book Value": "-247,997", "Total Debt": "5,400,880", "Net Debt": "3,518,736", "Share Issued": "319,927", "Ordinary Shares Number": "306,731", "Treasury Shares Number": "13,196"}, "12/31/2018": {"Duration": "12/31/2018", "Total Assets": "11,393,402", "Total Liabilities Net Minority Interest": "6,554,650", "Total Equity Gross Minority Interest": "4,838,752", "Total Capitalization": "8,970,972", "Common Stock Equity": "4,782,298", "Capital Lease Obligations": "-", "Net Tangible Assets": "-527,912", "Working Capital": "2,830,601", "Invested Capital": "9,092,798", "Tangible Book Value": "-527,912", "Total Debt": "4,310,500", "Net Debt": "3,978,739", "Share Issued": "318,418", "Ordinary Shares Number": "316,146", "Treasury Shares Number": "2,272"}}, "cf": {"TTM": {"Duration": "TTM", "Operating Cash Flow": "1,443,870", "Investing Cash Flow": "-165,887", "Financing Cash Flow": "-1,512,551", "End Cash Position": "312,154", "Income Tax Paid Supplemental Data": "248,083", "Interest Paid Supplemental Data": "106,866", "Capital Expenditure": "-172,695", "Issuance of Debt": "952,785", "Repayment of Debt": "-2,317,329", "Repurchase of Capital Stock": "-117,292", "Free Cash Flow": "1,271,175"}, "12/31/2020": {"Duration": "12/31/2020", "Operating Cash Flow": "1,443,870", "Investing Cash Flow": "-165,887", "Financing Cash Flow": "-1,512,551", "End Cash Position": "312,154", "Income Tax Paid Supplemental Data": "248,083", "Interest Paid Supplemental Data": "106,866", "Capital Expenditure": "-172,695", "Issuance of Debt": "952,785", "Repayment of Debt": "-2,317,329", "Repurchase of Capital Stock": "-117,292", "Free Cash Flow": "1,271,175"}, "12/31/2019": {"Duration": "12/31/2019", "Operating Cash Flow": "1,064,033", "Investing Cash Flow": "-264,853", "Financing Cash Flow": "-600,669", "End Cash Position": "528,387", "Income Tax Paid Supplemental Data": "181,306", "Interest Paid Supplemental Data": "143,121", "Capital Expenditure": "-265,730", "Issuance of Debt": "642,308", "Repayment of Debt": "-942,866", "Repurchase of Capital Stock": "-291,813", "Free Cash Flow": "798,303"}, "12/31/2018": {"Duration": "12/31/2018", "Operating Cash Flow": "710,739", "Investing Cash Flow": "-1,458,939", "Financing Cash Flow": "882,995", "End Cash Position": "337,250", "Income Tax Paid Supplemental Data": "200,098", "Interest Paid Supplemental Data": "137,866", "Capital Expenditure": "-250,027", "Issuance of Debt": "2,897,815", "Repayment of Debt": "-1,938,778", "Repurchase of Capital Stock": "-60,000", "Free Cash Flow": "460,712"}}}}, {"LEA": {"quote": {"03/21/2021": {"value": "183.40", "Market Cap": "11.025B", "Beta (5Y Monthly)": "1.61", "PE Ratio (TTM)": "70.00", "EPS (TTM)": "2.62", "Earnings Date": "May 06, 2021 - May 10, 2021", "Forward Dividend & Yield": "1.00 (0.55%)", "Ex-Dividend Date": "Mar 03, 2021", "1y Target Est": "183.40"}}, "fin": {"TTM": {"Duration": "TTM", "Total Revenue": "17,045,500", "Cost of Revenue": "15,936,600", "Gross Profit": "1,108,900", "Operating Expense": "654,800", "Operating Income": "454,100", "Net Non Operating Interest Income Expense": "-99,600", "Other Income Expense": "-55,200", "Pretax Income": "299,300", "Tax Provision": "93,900", "Earnings from Equity Interest Net of Tax": "28,500", "Net Income Common Stockholders": "158,500", "Diluted NI Available to Com Stockholders": "158,500", "Basic EPS": "-", "Diluted EPS": "-", "Basic Average Shares": "-", "Diluted Average Shares": "-", "Total Expenses": "16,591,400", "Net Income from Continuing & Discontinued Operation": "158,500", "Normalized Income": "158,500", "Interest Expense": "99,600", "Net Interest Income": "-99,600", "EBIT": "398,900", "EBITDA": "938,800", "Reconciled Cost of Revenue": "15,462,600", "Reconciled Depreciation": "539,900", "Net Income from Continuing Operation Net Minority Interest": "158,500", "Normalized EBITDA": "938,800", "Tax Rate for Calcs": "0", "Tax Effect of Unusual Items": "0"}, "12/31/2020": {"Duration": "12/31/2020", "Total Revenue": "17,045,500", "Cost of Revenue": "15,936,600", "Gross Profit": "1,108,900", "Operating Expense": "654,800", "Operating Income": "454,100", "Net Non Operating Interest Income Expense": "-99,600", "Other Income Expense": "-55,200", "Pretax Income": "299,300", "Tax Provision": "93,900", "Earnings from Equity Interest Net of Tax": "28,500", "Net Income Common Stockholders": "158,500", "Diluted NI Available to Com Stockholders": "158,500", "Basic EPS": "2.63", "Diluted EPS": "2.62", "Basic Average Shares": "60,254", "Diluted Average Shares": "60,427", "Total Expenses": "16,591,400", "Net Income from Continuing & Discontinued Operation": "158,500", "Normalized Income": "158,500", "Interest Expense": "99,600", "Net Interest Income": "-99,600", "EBIT": "398,900", "EBITDA": "-", "Reconciled Cost of Revenue": "15,462,600", "Reconciled Depreciation": "539,900", "Net Income from Continuing Operation Net Minority Interest": "158,500", "Normalized EBITDA": "938,800", "Tax Rate for Calcs": "0", "Tax Effect of Unusual Items": "0"}, "12/31/2019": {"Duration": "12/31/2019", "Total Revenue": "19,810,300", "Cost of Revenue": "18,072,800", "Gross Profit": "1,737,500", "Operating Expense": "667,300", "Operating Income": "1,070,200", "Net Non Operating Interest Income Expense": "-92,000", "Other Income Expense": "-24,600", "Pretax Income": "953,600", "Tax Provision": "146,100", "Earnings from Equity Interest Net of Tax": "23,200", "Net Income Common Stockholders": "789,500", "Diluted NI Available to Com Stockholders": "789,500", "Basic EPS": "12.47", "Diluted EPS": "12.47", "Basic Average Shares": "60,435", "Diluted Average Shares": "61,900", "Total Expenses": "18,740,100", "Net Income from Continuing & Discontinued Operation": "753,600", "Normalized Income": "753,600", "Interest Expense": "92,000", "Net Interest Income": "-92,000", "EBIT": "1,045,600", "EBITDA": "-", "Reconciled Cost of Revenue": "17,625,200", "Reconciled Depreciation": "509,900", "Net Income from Continuing Operation Net Minority Interest": "753,600", "Normalized EBITDA": "1,555,500", "Tax Rate for Calcs": "0", "Tax Effect of Unusual Items": "0"}, "12/31/2018": {"Duration": "12/31/2018", "Total Revenue": "21,148,500", "Cost of Revenue": "18,830,200", "Gross Profit": "2,318,300", "Operating Expense": "664,200", "Operating Income": "1,654,100", "Net Non Operating Interest Income Expense": "-84,100", "Other Income Expense": "-31,600", "Pretax Income": "1,538,400", "Tax Provision": "311,900", "Earnings from Equity Interest Net of Tax": "20,200", "Net Income Common Stockholders": "1,139,400", "Diluted NI Available to Com Stockholders": "1,139,400", "Basic EPS": "18.27", "Diluted EPS": "17.22", "Basic Average Shares": "62,940", "Diluted Average Shares": "66,200", "Total Expenses": "19,494,400", "Net Income from Continuing & Discontinued Operation": "1,149,800", "Normalized Income": "1,149,800", "Interest Expense": "84,100", "Net Interest Income": "-84,100", "EBIT": "1,622,500", "EBITDA": "-", "Reconciled Cost of Revenue": "18,397,200", "Reconciled Depreciation": "484,400", "Net Income from Continuing Operation Net Minority Interest": "1,149,800", "Normalized EBITDA": "2,106,900", "Tax Rate for Calcs": "0", "Tax Effect of Unusual Items": "0"}}, "bs": {"12/31/2020": {"Duration": "12/31/2020", "Total Assets": "13,198,600", "Total Liabilities Net Minority Interest": "8,583,700", "Total Equity Gross Minority Interest": "4,614,900", "Total Capitalization": "6,767,600", "Common Stock Equity": "4,467,300", "Capital Lease Obligations": "116,300", "Net Tangible Assets": "2,811,500", "Working Capital": "1,700,000", "Invested Capital": "6,781,800", "Tangible Book Value": "2,811,500", "Total Debt": "2,430,800", "Net Debt": "1,007,800", "Share Issued": "64,571", "Ordinary Shares Number": "60,052", "Preferred Shares Number": "10,896", "Treasury Shares Number": "4,520"}, "12/31/2019": {"Duration": "12/31/2019", "Total Assets": "12,680,700", "Total Liabilities Net Minority Interest": "8,179,600", "Total Equity Gross Minority Interest": "4,501,100", "Total Capitalization": "6,643,400", "Common Stock Equity": "4,349,700", "Capital Lease Obligations": "113,900", "Net Tangible Assets": "2,735,400", "Working Capital": "1,740,500", "Invested Capital": "6,676,700", "Tangible Book Value": "2,735,400", "Total Debt": "2,440,900", "Net Debt": "839,300", "Share Issued": "64,563", "Ordinary Shares Number": "60,435", "Preferred Shares Number": "10,896", "Treasury Shares Number": "4,128"}, "12/31/2018": {"Duration": "12/31/2018", "Total Assets": "11,600,700", "Total Liabilities Net Minority Interest": "7,240,100", "Total Equity Gross Minority Interest": "4,360,600", "Total Capitalization": "6,141,700", "Common Stock Equity": "4,200,700", "Capital Lease Obligations": "-", "Net Tangible Assets": "2,409,700", "Working Capital": "1,779,900", "Invested Capital": "6,164,500", "Tangible Book Value": "2,409,700", "Total Debt": "1,963,800", "Net Debt": "470,600", "Share Issued": "64,563", "Ordinary Shares Number": "62,940", "Preferred Shares Number": "10,896", "Treasury Shares Number": "1,624"}}, "cf": {"TTM": {"Duration": "TTM", "Operating Cash Flow": "663,100", "Investing Cash Flow": "-468,800", "Financing Cash Flow": "-411,700", "End Cash Position": "1,314,500", "Income Tax Paid Supplemental Data": "141,500", "Interest Paid Supplemental Data": "117,800", "Capital Expenditure": "-452,300", "Issuance of Debt": "1,669,100", "Repayment of Debt": "-1,681,200", "Repurchase of Capital Stock": "-70,000", "Free Cash Flow": "210,800"}, "12/31/2020": {"Duration": "12/31/2020", "Operating Cash Flow": "663,100", "Investing Cash Flow": "-468,800", "Financing Cash Flow": "-411,700", "End Cash Position": "1,314,500", "Income Tax Paid Supplemental Data": "141,500", "Interest Paid Supplemental Data": "117,800", "Capital Expenditure": "-452,300", "Issuance of Debt": "1,669,100", "Repayment of Debt": "-1,681,200", "Repurchase of Capital Stock": "-70,000", "Free Cash Flow": "210,800"}, "12/31/2019": {"Duration": "12/31/2019", "Operating Cash Flow": "1,284,300", "Investing Cash Flow": "-922,400", "Financing Cash Flow": "-361,900", "End Cash Position": "1,510,400", "Income Tax Paid Supplemental Data": "172,100", "Interest Paid Supplemental Data": "104,400", "Capital Expenditure": "-603,900", "Issuance of Debt": "693,300", "Repayment of Debt": "-341,500", "Repurchase of Capital Stock": "-384,700", "Free Cash Flow": "680,400"}, "12/31/2018": {"Duration": "12/31/2018", "Operating Cash Flow": "1,779,800", "Investing Cash Flow": "-693,500", "Financing Cash Flow": "-1,030,500", "End Cash Position": "1,519,800", "Income Tax Paid Supplemental Data": "279,200", "Interest Paid Supplemental Data": "97,100", "Capital Expenditure": "-677,000", "Issuance of Debt": "7,300", "Repayment of Debt": "-6,300", "Repurchase of Capital Stock": "-704,900", "Free Cash Flow": "1,102,800"}}}}, {"VC": {"quote": {"03/21/2021": {"value": "132.14", "Market Cap": "3.689B", "Beta (5Y Monthly)": "2.11", "PE Ratio (TTM)": "N/A", "EPS (TTM)": "-2.01", "Earnings Date": "Apr 28, 2021 - May 03, 2021", "Forward Dividend & Yield": "N/A (N/A)", "Ex-Dividend Date": "Jan 25, 2016", "1y Target Est": "134.38"}}, "fin": {"TTM": {"Duration": "TTM", "Total Revenue": "2,548,000", "Cost of Revenue": "2,303,000", "Gross Profit": "245,000", "Operating Expense": "193,000", "Operating Income": "52,000", "Net Non Operating Interest Income Expense": "-11,000", "Other Income Expense": "-61,000", "Pretax Income": "-20,000", "Tax Provision": "28,000", "Net Income Common Stockholders": "-56,000", "Diluted NI Available to Com Stockholders": "-56,000", "Basic EPS": "-", "Diluted EPS": "-", "Basic Average Shares": "-", "Diluted Average Shares": "-", "Total Expenses": "2,496,000", "Net Income from Continuing & Discontinued Operation": "-56,000", "Normalized Income": "-520", "Interest Income": "5,000", "Interest Expense": "16,000", "Net Interest Income": "-11,000", "EBIT": "-4,000", "EBITDA": "100,000", "Reconciled Cost of Revenue": "2,303,000", "Reconciled Depreciation": "104,000", "Net Income from Continuing Operation Net Minority Interest": "-56,000", "Total Unusual Items Excluding Goodwill": "-76,000", "Total Unusual Items": "-76,000", "Normalized EBITDA": "176,000", "Tax Rate for Calcs": "0", "Tax Effect of Unusual Items": "-20,520"}, "12/31/2020": {"Duration": "12/31/2020", "Total Revenue": "2,548,000", "Cost of Revenue": "2,303,000", "Gross Profit": "245,000", "Operating Expense": "193,000", "Operating Income": "52,000", "Net Non Operating Interest Income Expense": "-11,000", "Other Income Expense": "-61,000", "Pretax Income": "-20,000", "Tax Provision": "28,000", "Net Income Common Stockholders": "-56,000", "Diluted NI Available to Com Stockholders": "-56,000", "Basic EPS": "-2.01", "Diluted EPS": "-2.01", "Basic Average Shares": "27,900", "Diluted Average Shares": "27,900", "Total Expenses": "2,496,000", "Net Income from Continuing & Discontinued Operation": "-56,000", "Normalized Income": "-520", "Interest Income": "5,000", "Interest Expense": "16,000", "Net Interest Income": "-11,000", "EBIT": "-4,000", "EBITDA": "-", "Reconciled Cost of Revenue": "2,303,000", "Reconciled Depreciation": "104,000", "Net Income from Continuing Operation Net Minority Interest": "-56,000", "Total Unusual Items Excluding Goodwill": "-76,000", "Total Unusual Items": "-76,000", "Normalized EBITDA": "176,000", "Tax Rate for Calcs": "0", "Tax Effect of Unusual Items": "-20,520"}, "12/31/2019": {"Duration": "12/31/2019", "Total Revenue": "2,945,000", "Cost of Revenue": "2,621,000", "Gross Profit": "324,000", "Operating Expense": "221,000", "Operating Income": "103,000", "Net Non Operating Interest Income Expense": "-9,000", "Other Income Expense": "12,000", "Pretax Income": "106,000", "Tax Provision": "24,000", "Net Income Common Stockholders": "70,000", "Diluted NI Available to Com Stockholders": "70,000", "Basic EPS": "2.49", "Diluted EPS": "2.48", "Basic Average Shares": "28,100", "Diluted Average Shares": "28,200", "Total Expenses": "2,842,000", "Net Income from Continuing & Discontinued Operation": "70,000", "Normalized Income": "74,094", "Interest Income": "4,000", "Interest Expense": "13,000", "Net Interest Income": "-9,000", "EBIT": "119,000", "EBITDA": "-", "Reconciled Cost of Revenue": "2,621,000", "Reconciled Depreciation": "100,000", "Net Income from Continuing Operation Net Minority Interest": "71,000", "Total Unusual Items Excluding Goodwill": "-4,000", "Total Unusual Items": "-4,000", "Normalized EBITDA": "223,000", "Tax Rate for Calcs": "0", "Tax Effect of Unusual Items": "-905.6604"}, "12/31/2018": {"Duration": "12/31/2018", "Total Revenue": "2,984,000", "Cost of Revenue": "2,573,000", "Gross Profit": "411,000", "Operating Expense": "193,000", "Operating Income": "218,000", "Net Non Operating Interest Income Expense": "-7,000", "Other Income Expense": "5,000", "Pretax Income": "216,000", "Tax Provision": "43,000", "Net Income Common Stockholders": "164,000", "Diluted NI Available to Com Stockholders": "164,000", "Basic EPS": "5.56", "Diluted EPS": "5.52", "Basic Average Shares": "29,500", "Diluted Average Shares": "29,700", "Total Expenses": "2,766,000", "Net Income from Continuing & Discontinued Operation": "164,000", "Normalized Income": "179,819", "Interest Income": "7,000", "Interest Expense": "14,000", "Net Interest Income": "-7,000", "EBIT": "230,000", "EBITDA": "-", "Reconciled Cost of Revenue": "2,573,000", "Reconciled Depreciation": "91,000", "Net Income from Continuing Operation Net Minority Interest": "163,000", "Total Unusual Items Excluding Goodwill": "-21,000", "Total Unusual Items": "-21,000", "Normalized EBITDA": "342,000", "Tax Rate for Calcs": "0", "Tax Effect of Unusual Items": "-4,181"}}, "bs": {"12/31/2020": {"Duration": "12/31/2020", "Total Assets": "2,271,000", "Total Liabilities Net Minority Interest": "1,761,000", "Total Equity Gross Minority Interest": "510,000", "Total Capitalization": "736,000", "Common Stock Equity": "387,000", "Capital Lease Obligations": "178,000", "Net Tangible Assets": "260,000", "Working Capital": "517,000", "Invested Capital": "736,000", "Tangible Book Value": "260,000", "Total Debt": "527,000", "Share Issued": "55,000", "Ordinary Shares Number": "28,000", "Treasury Shares Number": "27,000"}, "12/31/2019": {"Duration": "12/31/2019", "Total Assets": "2,271,000", "Total Liabilities Net Minority Interest": "1,676,000", "Total Equity Gross Minority Interest": "595,000", "Total Capitalization": "828,000", "Common Stock Equity": "480,000", "Capital Lease Obligations": "169,000", "Net Tangible Assets": "353,000", "Working Capital": "547,000", "Invested Capital": "865,000", "Tangible Book Value": "353,000", "Total Debt": "554,000", "Share Issued": "55,000", "Ordinary Shares Number": "28,000", "Treasury Shares Number": "27,000"}, "12/31/2018": {"Duration": "12/31/2018", "Total Assets": "2,007,000", "Total Liabilities Net Minority Interest": "1,425,000", "Total Equity Gross Minority Interest": "582,000", "Total Capitalization": "813,000", "Common Stock Equity": "465,000", "Capital Lease Obligations": "-", "Net Tangible Assets": "336,000", "Working Capital": "575,000", "Invested Capital": "870,000", "Tangible Book Value": "336,000", "Total Debt": "405,000", "Share Issued": "55,000", "Ordinary Shares Number": "28,000", "Treasury Shares Number": "27,000"}}, "cf": {"TTM": {"Duration": "TTM", "Operating Cash Flow": "168,000", "Investing Cash Flow": "-98,000", "Financing Cash Flow": "-58,000", "End Cash Position": "500,000", "Income Tax Paid Supplemental Data": "19,000", "Interest Paid Supplemental Data": "18,000", "Capital Expenditure": "-104,000", "Issuance of Debt": "400,000", "Repayment of Debt": "-400,000", "Repurchase of Capital Stock": "-16,000", "Free Cash Flow": "64,000"}, "12/31/2020": {"Duration": "12/31/2020", "Operating Cash Flow": "168,000", "Investing Cash Flow": "-98,000", "Financing Cash Flow": "-58,000", "End Cash Position": "500,000", "Income Tax Paid Supplemental Data": "19,000", "Interest Paid Supplemental Data": "18,000", "Capital Expenditure": "-104,000", "Issuance of Debt": "400,000", "Repayment of Debt": "-400,000", "Repurchase of Capital Stock": "-16,000", "Free Cash Flow": "64,000"}, "12/31/2019": {"Duration": "12/31/2019", "Operating Cash Flow": "183,000", "Investing Cash Flow": "-128,000", "Financing Cash Flow": "-49,000", "End Cash Position": "469,000", "Income Tax Paid Supplemental Data": "40,000", "Interest Paid Supplemental Data": "14,000", "Capital Expenditure": "-142,000", "Issuance of Debt": "-", "Repayment of Debt": "-", "Repurchase of Capital Stock": "-20,000", "Free Cash Flow": "41,000"}, "12/31/2018": {"Duration": "12/31/2018", "Operating Cash Flow": "204,000", "Investing Cash Flow": "-98,000", "Financing Cash Flow": "-335,000", "End Cash Position": "467,000", "Income Tax Paid Supplemental Data": "47,000", "Interest Paid Supplemental Data": "15,000", "Capital Expenditure": "-127,000", "Issuance of Debt": "-", "Repayment of Debt": "0", "Repurchase of Capital Stock": "-300,000", "Free Cash Flow": "77,000"}}}}, {"VOXX": {"quote": {"03/21/2021": {"value": "23.05", "Market Cap": "551.538M", "Beta (5Y Monthly)": "1.52", "PE Ratio (TTM)": "N/A", "EPS (TTM)": "-0.19", "Earnings Date": "Jan 12, 2021", "Forward Dividend & Yield": "N/A (N/A)", "Ex-Dividend Date": "N/A", "1y Target Est": "N/A"}}, "fin": {"TTM": {"Duration": "TTM", "Total Revenue": "502,161", "Cost of Revenue": "357,448", "Gross Profit": "144,713", "Operating Expense": "129,842", "Operating Income": "14,871", "Net Non Operating Interest Income Expense": "-3,087", "Other Income Expense": "-24,131", "Pretax Income": "-12,347", "Tax Provision": "6,416", "Net Income Common Stockholders": "-4,476", "Diluted NI Available to Com Stockholders": "-4,476", "Basic EPS": "-", "Diluted EPS": "-", "Basic Average Shares": "-", "Diluted Average Shares": "-", "Total Operating Income as Reported": "-15,359", "Total Expenses": "487,290", "Net Income from Continuing & Discontinued Operation": "-4,476", "Normalized Income": "17,807", "Interest Income": "181", "Interest Expense": "3,268", "Net Interest Income": "-3,087", "EBIT": "-9,079", "EBITDA": "3,194", "Reconciled Cost of Revenue": "357,448", "Reconciled Depreciation": "12,273", "Net Income from Continuing Operation Net Minority Interest": "-4,476", "Total Unusual Items Excluding Goodwill": "-30,525", "Total Unusual Items": "-30,525", "Normalized EBITDA": "33,719", "Tax Rate for Calcs": "0", "Tax Effect of Unusual Items": "-8,242"}, "2/29/2020": {"Duration": "2/29/2020", "Total Revenue": "394,889", "Cost of Revenue": "285,113", "Gross Profit": "109,776", "Operating Expense": "129,001", "Operating Income": "-19,225", "Net Non Operating Interest Income Expense": "-2,651", "Other Income Expense": "-19,064", "Pretax Income": "-40,940", "Tax Provision": "882", "Net Income Common Stockholders": "-26,443", "Diluted NI Available to Com Stockholders": "-26,443", "Basic EPS": "-1.08", "Diluted EPS": "-1.08", "Basic Average Shares": "24,395", "Diluted Average Shares": "24,395", "Total Operating Income as Reported": "-49,455", "Total Expenses": "414,114", "Net Income from Continuing & Discontinued Operation": "-26,443", "Normalized Income": "-8,198", "Interest Income": "918", "Interest Expense": "3,569", "Net Interest Income": "-2,651", "EBIT": "-37,371", "EBITDA": "-", "Reconciled Cost of Revenue": "285,113", "Reconciled Depreciation": "13,278", "Net Income from Continuing Operation Net Minority Interest": "-26,443", "Total Unusual Items Excluding Goodwill": "-24,993", "Total Unusual Items": "-24,993", "Normalized EBITDA": "900", "Tax Rate for Calcs": "0", "Tax Effect of Unusual Items": "-6,748"}, "2/28/2019": {"Duration": "2/28/2019", "Total Revenue": "446,816", "Cost of Revenue": "325,399", "Gross Profit": "121,417", "Operating Expense": "132,237", "Operating Income": "-10,820", "Net Non Operating Interest Income Expense": "-3,455", "Other Income Expense": "-44,688", "Pretax Income": "-58,963", "Tax Provision": "-6,131", "Net Income Common Stockholders": "-46,091", "Diluted NI Available to Com Stockholders": "-46,091", "Basic EPS": "-1.89", "Diluted EPS": "-1.89", "Basic Average Shares": "24,356", "Diluted Average Shares": "24,356", "Total Operating Income as Reported": "-41,197", "Total Expenses": "457,636", "Net Income from Continuing & Discontinued Operation": "-46,091", "Normalized Income": "-691.576", "Interest Income": "994", "Interest Expense": "4,449", "Net Interest Income": "-3,455", "EBIT": "-54,514", "EBITDA": "-", "Reconciled Cost of Revenue": "325,399", "Reconciled Depreciation": "12,344", "Net Income from Continuing Operation Net Minority Interest": "-46,091", "Total Unusual Items Excluding Goodwill": "-50,669", "Total Unusual Items": "-50,669", "Normalized EBITDA": "8,499", "Tax Rate for Calcs": "0", "Tax Effect of Unusual Items": "-5,270"}}, "bs": {"2/29/2020": {"Duration": "2/29/2020", "Total Assets": "441,571", "Total Liabilities Net Minority Interest": "90,861", "Total Equity Gross Minority Interest": "350,710", "Total Capitalization": "384,759", "Common Stock Equity": "378,660", "Capital Lease Obligations": "3,111", "Net Tangible Assets": "235,372", "Working Capital": "146,798", "Invested Capital": "385,866", "Tangible Book Value": "235,372", "Total Debt": "10,317", "Share Issued": "26,567", "Ordinary Shares Number": "23,818", "Treasury Shares Number": "2,749"}, "2/28/2019": {"Duration": "2/28/2019", "Total Assets": "508,811", "Total Liabilities Net Minority Interest": "113,710", "Total Equity Gross Minority Interest": "395,101", "Total Capitalization": "413,448", "Common Stock Equity": "407,672", "Capital Lease Obligations": "516", "Net Tangible Assets": "233,438", "Working Capital": "151,169", "Invested Capital": "423,469", "Tangible Book Value": "233,438", "Total Debt": "16,313", "Share Issued": "26,367", "Ordinary Shares Number": "24,199", "Treasury Shares Number": "2,168"}}, "cf": {"TTM": {"Duration": "TTM", "Operating Cash Flow": "20,250", "Investing Cash Flow": "-30,978", "Financing Cash Flow": "-2,710", "End Cash Position": "18,718", "Income Tax Paid Supplemental Data": "-", "Interest Paid Supplemental Data": "-", "Capital Expenditure": "-4,232", "Issuance of Debt": "20,000", "Repayment of Debt": "-21,173", "Repurchase of Capital Stock": "-702", "Free Cash Flow": "16,018"}, "2/29/2020": {"Duration": "2/29/2020", "Operating Cash Flow": "-1,009", "Investing Cash Flow": "-6,709", "Financing Cash Flow": "-12,593", "End Cash Position": "37,425", "Income Tax Paid Supplemental Data": "1,551", "Interest Paid Supplemental Data": "1,034", "Capital Expenditure": "-2,914", "Issuance of Debt": "0", "Repayment of Debt": "-9,851", "Repurchase of Capital Stock": "-2,742", "Free Cash Flow": "-3,923"}, "2/28/2019": {"Duration": "2/28/2019", "Operating Cash Flow": "22,562", "Investing Cash Flow": "-11,037", "Financing Cash Flow": "-924", "End Cash Position": "58,236", "Income Tax Paid Supplemental Data": "3,212", "Interest Paid Supplemental Data": "1,728", "Capital Expenditure": "-4,761", "Issuance of Debt": "1,958", "Repayment of Debt": "-2,882", "Repurchase of Capital Stock": "-", "Free Cash Flow": "17,801"}}}}, {"DAN": {"quote": {"03/21/2021": {"value": "25.30", "Market Cap": "3.67B", "Beta (5Y Monthly)": "2.64", "PE Ratio (TTM)": "N/A", "EPS (TTM)": "-0.22", "Earnings Date": "Apr 28, 2021 - May 03, 2021", "Forward Dividend & Yield": "0.40 (1.56%)", "Ex-Dividend Date": "Mar 04, 2021", "1y Target Est": "24.75"}}, "fin": {"TTM": {"Duration": "TTM", "Total Revenue": "7,106,000", "Cost of Revenue": "6,485,000", "Gross Profit": "621,000", "Operating Expense": "420,000", "Operating Income": "201,000", "Net Non Operating Interest Income Expense": "-129,000", "Other Income Expense": "-85,000", "Pretax Income": "-13,000", "Tax Provision": "58,000", "Earnings from Equity Interest Net of Tax": "20,000", "Net Income Common Stockholders": "-31,000", "Diluted NI Available to Com Stockholders": "-31,000", "Basic EPS": "-", "Diluted EPS": "-", "Basic Average Shares": "-", "Diluted Average Shares": "-", "Total Expenses": "6,905,000", "Net Income from Continuing & Discontinued Operation": "-31,000", "Normalized Income": "6,960", "Interest Income": "9,000", "Interest Expense": "138,000", "Net Interest Income": "-129,000", "EBIT": "125,000", "EBITDA": "490,000", "Reconciled Cost of Revenue": "6,133,000", "Reconciled Depreciation": "365,000", "Net Income from Continuing Operation Net Minority Interest": "-31,000", "Total Unusual Items Excluding Goodwill": "-52,000", "Total Unusual Items": "-52,000", "Normalized EBITDA": "542,000", "Tax Rate for Calcs": "0", "Tax Effect of Unusual Items": "-14,040"}, "12/31/2020": {"Duration": "12/31/2020", "Total Revenue": "7,106,000", "Cost of Revenue": "6,485,000", "Gross Profit": "621,000", "Operating Expense": "420,000", "Operating Income": "201,000", "Net Non Operating Interest Income Expense": "-129,000", "Other Income Expense": "-85,000", "Pretax Income": "-13,000", "Tax Provision": "58,000", "Earnings from Equity Interest Net of Tax": "20,000", "Net Income Common Stockholders": "-31,000", "Diluted NI Available to Com Stockholders": "-31,000", "Basic EPS": "-", "Diluted EPS": "-", "Basic Average Shares": "-", "Diluted Average Shares": "-", "Total Expenses": "6,905,000", "Net Income from Continuing & Discontinued Operation": "-31,000", "Normalized Income": "6,960", "Interest Income": "9,000", "Interest Expense": "138,000", "Net Interest Income": "-129,000", "EBIT": "125,000", "EBITDA": "-", "Reconciled Cost of Revenue": "6,133,000", "Reconciled Depreciation": "365,000", "Net Income from Continuing Operation Net Minority Interest": "-31,000", "Total Unusual Items Excluding Goodwill": "-52,000", "Total Unusual Items": "-52,000", "Normalized EBITDA": "542,000", "Tax Rate for Calcs": "0", "Tax Effect of Unusual Items": "-14,040"}, "12/31/2019": {"Duration": "12/31/2019", "Total Revenue": "8,620,000", "Cost of Revenue": "7,489,000", "Gross Profit": "1,131,000", "Operating Expense": "764,000", "Operating Income": "367,000", "Net Non Operating Interest Income Expense": "-112,000", "Other Income Expense": "-84,000", "Pretax Income": "171,000", "Tax Provision": "-32,000", "Earnings from Equity Interest Net of Tax": "30,000", "Net Income Common Stockholders": "226,000", "Diluted NI Available to Com Stockholders": "226,000", "Basic EPS": "1.57", "Diluted EPS": "1.56", "Basic Average Shares": "144,000", "Diluted Average Shares": "145,100", "Total Expenses": "8,253,000", "Net Income from Continuing & Discontinued Operation": "226,000", "Normalized Income": "255,160", "Interest Income": "10,000", "Interest Expense": "122,000", "Net Interest Income": "-112,000", "EBIT": "293,000", "EBITDA": "-", "Reconciled Cost of Revenue": "7,162,000", "Reconciled Depreciation": "339,000", "Net Income from Continuing Operation Net Minority Interest": "226,000", "Total Unusual Items Excluding Goodwill": "-36,000", "Total Unusual Items": "-36,000", "Normalized EBITDA": "668,000", "Tax Rate for Calcs": "0", "Tax Effect of Unusual Items": "-6,840"}, "12/31/2018": {"Duration": "12/31/2018", "Total Revenue": "8,143,000", "Cost of Revenue": "6,986,000", "Gross Profit": "1,157,000", "Operating Expense": "495,000", "Operating Income": "662,000", "Net Non Operating Interest Income Expense": "-85,000", "Other Income Expense": "-83,000", "Pretax Income": "494,000", "Tax Provision": "78,000", "Earnings from Equity Interest Net of Tax": "24,000", "Net Income Common Stockholders": "427,000", "Diluted NI Available to Com Stockholders": "427,000", "Basic EPS": "2.94", "Diluted EPS": "2.91", "Basic Average Shares": "145,000", "Diluted Average Shares": "146,500", "Total Expenses": "7,481,000", "Net Income from Continuing & Discontinued Operation": "427,000", "Normalized Income": "472,360", "Interest Income": "11,000", "Interest Expense": "96,000", "Net Interest Income": "-85,000", "EBIT": "590,000", "EBITDA": "-", "Reconciled Cost of Revenue": "6,724,000", "Reconciled Depreciation": "270,000", "Net Income from Continuing Operation Net Minority Interest": "427,000", "Total Unusual Items Excluding Goodwill": "-54,000", "Total Unusual Items": "-54,000", "Normalized EBITDA": "914,000", "Tax Rate for Calcs": "0", "Tax Effect of Unusual Items": "-8,640"}}, "bs": {"12/31/2020": {"Duration": "12/31/2020", "Total Assets": "7,376,000", "Total Liabilities Net Minority Interest": "5,542,000", "Total Equity Gross Minority Interest": "1,834,000", "Total Capitalization": "4,178,000", "Common Stock Equity": "1,758,000", "Capital Lease Obligations": "197,000", "Net Tangible Assets": "1,043,000", "Working Capital": "1,347,000", "Invested Capital": "4,212,000", "Tangible Book Value": "1,043,000", "Total Debt": "2,651,000", "Net Debt": "1,895,000", "Share Issued": "154,958", "Ordinary Shares Number": "144,516", "Treasury Shares Number": "10,443"}, "12/31/2019": {"Duration": "12/31/2019", "Total Assets": "7,220,000", "Total Liabilities Net Minority Interest": "5,252,000", "Total Equity Gross Minority Interest": "1,968,000", "Total Capitalization": "4,209,000", "Common Stock Equity": "1,873,000", "Capital Lease Obligations": "182,000", "Net Tangible Assets": "1,140,000", "Working Capital": "1,317,000", "Invested Capital": "4,243,000", "Tangible Book Value": "1,140,000", "Total Debt": "2,552,000", "Net Debt": "1,862,000", "Share Issued": "154,054", "Ordinary Shares Number": "143,943", "Treasury Shares Number": "10,111"}, "12/31/2018": {"Duration": "12/31/2018", "Total Assets": "5,918,000", "Total Liabilities Net Minority Interest": "4,476,000", "Total Equity Gross Minority Interest": "1,442,000", "Total Capitalization": "3,100,000", "Common Stock Equity": "1,345,000", "Capital Lease Obligations": "-", "Net Tangible Assets": "917,000", "Working Capital": "1,160,000", "Invested Capital": "3,128,000", "Tangible Book Value": "917,000", "Total Debt": "1,783,000", "Net Debt": "1,273,000", "Share Issued": "153,006", "Ordinary Shares Number": "144,663", "Treasury Shares Number": "8,342"}}, "cf": {"TTM": {"Duration": "TTM", "Operating Cash Flow": "386,000", "Investing Cash Flow": "-327,000", "Financing Cash Flow": "-12,000", "End Cash Position": "567,000", "Income Tax Paid Supplemental Data": "98,000", "Interest Paid Supplemental Data": "129,000", "Capital Expenditure": "-326,000", "Issuance of Debt": "508,000", "Repayment of Debt": "-480,000", "Repurchase of Capital Stock": "-", "Free Cash Flow": "60,000"}, "12/31/2020": {"Duration": "12/31/2020", "Operating Cash Flow": "386,000", "Investing Cash Flow": "-327,000", "Financing Cash Flow": "-12,000", "End Cash Position": "567,000", "Income Tax Paid Supplemental Data": "98,000", "Interest Paid Supplemental Data": "129,000", "Capital Expenditure": "-326,000", "Issuance of Debt": "508,000", "Repayment of Debt": "-480,000", "Repurchase of Capital Stock": "-", "Free Cash Flow": "60,000"}, "12/31/2019": {"Duration": "12/31/2019", "Operating Cash Flow": "637,000", "Investing Cash Flow": "-1,123,000", "Financing Cash Flow": "479,000", "End Cash Position": "518,000", "Income Tax Paid Supplemental Data": "-", "Interest Paid Supplemental Data": "-", "Capital Expenditure": "-426,000", "Issuance of Debt": "975,000", "Repayment of Debt": "-423,000", "Repurchase of Capital Stock": "-25,000", "Free Cash Flow": "211,000"}, "12/31/2018": {"Duration": "12/31/2018", "Operating Cash Flow": "568,000", "Investing Cash Flow": "-462,000", "Financing Cash Flow": "-180,000", "End Cash Position": "520,000", "Income Tax Paid Supplemental Data": "145,000", "Interest Paid Supplemental Data": "90,000", "Capital Expenditure": "-325,000", "Issuance of Debt": "-", "Repayment of Debt": "-34,000", "Repurchase of Capital Stock": "-25,000", "Free Cash Flow": "243,000"}}}}, {"STRT": {"quote": {"03/21/2021": {"value": "47.06", "Market Cap": "182.077M", "Beta (5Y Monthly)": "1.43", "PE Ratio (TTM)": "23.44", "EPS (TTM)": "2.01", "Earnings Date": "Oct 22, 2020", "Forward Dividend & Yield": "N/A (N/A)", "Ex-Dividend Date": "Mar 12, 2020", "1y Target Est": "67.00"}}, "fin": {"TTM": {"Duration": "TTM", "Total Revenue": "412,649", "Cost of Revenue": "358,670", "Gross Profit": "53,979", "Operating Expense": "40,676", "Operating Income": "13,303", "Net Non Operating Interest Income Expense": "-528", "Other Income Expense": "831", "Pretax Income": "13,606", "Tax Provision": "1,402", "Net Income Common Stockholders": "7,613", "Diluted NI Available to Com Stockholders": "7,613", "Basic EPS": "-", "Diluted EPS": "-", "Basic Average Shares": "-", "Diluted Average Shares": "-", "Total Operating Income as Reported": "13,303", "Total Expenses": "399,346", "Net Income from Continuing & Discontinued Operation": "7,613", "Normalized Income": "7,696", "Interest Income": "-", "Interest Expense": "528", "Net Interest Income": "-528", "EBIT": "14,134", "EBITDA": "33,680", "Reconciled Cost of Revenue": "358,670", "Reconciled Depreciation": "19,546", "Net Income from Continuing Operation Net Minority Interest": "7,613", "Total Unusual Items Excluding Goodwill": "-93", "Total Unusual Items": "-93", "Normalized EBITDA": "33,773", "Tax Rate for Calcs": "0", "Tax Effect of Unusual Items": "-9.583"}, "6/30/2020": {"Duration": "6/30/2020", "Total Revenue": "385,300", "Cost of Revenue": "349,854", "Gross Profit": "35,446", "Operating Expense": "44,108", "Operating Income": "-8,662", "Net Non Operating Interest Income Expense": "-920", "Other Income Expense": "1,459", "Pretax Income": "-8,123", "Tax Provision": "-2,266", "Net Income Common Stockholders": "-7,605", "Diluted NI Available to Com Stockholders": "-7,605", "Basic EPS": "-2.04", "Diluted EPS": "-2.04", "Basic Average Shares": "3,737", "Diluted Average Shares": "3,737", "Total Operating Income as Reported": "-8,662", "Total Expenses": "393,962", "Net Income from Continuing & Discontinued Operation": "-7,605", "Normalized Income": "-8,385", "Interest Income": "-", "Interest Expense": "920", "Net Interest Income": "-920", "EBIT": "-7,203", "EBITDA": "-", "Reconciled Cost of Revenue": "349,854", "Reconciled Depreciation": "19,329", "Net Income from Continuing Operation Net Minority Interest": "-7,605", "Total Unusual Items Excluding Goodwill": "1,082", "Total Unusual Items": "1,082", "Normalized EBITDA": "11,044", "Tax Rate for Calcs": "0", "Tax Effect of Unusual Items": "301.878"}, "6/30/2019": {"Duration": "6/30/2019", "Total Revenue": "487,006", "Cost of Revenue": "429,206", "Gross Profit": "57,800", "Operating Expense": "47,186", "Operating Income": "10,614", "Net Non Operating Interest Income Expense": "-1,615", "Other Income Expense": "-29,432", "Pretax Income": "-20,433", "Tax Provision": "-7,740", "Net Income Common Stockholders": "-17,029", "Diluted NI Available to Com Stockholders": "-17,029", "Basic EPS": "-4.63", "Diluted EPS": "-4.63", "Basic Average Shares": "3,676", "Diluted Average Shares": "3,676", "Total Operating Income as Reported": "10,614", "Total Expenses": "476,392", "Net Income from Continuing & Discontinued Operation": "-17,029", "Normalized Income": "2,598", "Interest Income": "0", "Interest Expense": "1,615", "Net Interest Income": "-1,615", "EBIT": "-18,818", "EBITDA": "-", "Reconciled Cost of Revenue": "429,206", "Reconciled Depreciation": "17,159", "Net Income from Continuing Operation Net Minority Interest": "-17,029", "Total Unusual Items Excluding Goodwill": "-31,605", "Total Unusual Items": "-31,605", "Normalized EBITDA": "29,946", "Tax Rate for Calcs": "0", "Tax Effect of Unusual Items": "-11,978"}, "6/30/2018": {"Duration": "6/30/2018", "Total Revenue": "439,195", "Cost of Revenue": "384,752", "Gross Profit": "54,443", "Operating Expense": "41,168", "Operating Income": "13,275", "Net Non Operating Interest Income Expense": "-1,129", "Other Income Expense": "5,552", "Pretax Income": "17,698", "Tax Provision": "2,070", "Net Income Common Stockholders": "12,283", "Diluted NI Available to Com Stockholders": "12,283", "Basic EPS": "3.39", "Diluted EPS": "3.32", "Basic Average Shares": "3,628", "Diluted Average Shares": "3,703", "Total Operating Income as Reported": "13,275", "Total Expenses": "425,920", "Net Income from Continuing & Discontinued Operation": "12,283", "Normalized Income": "11,645", "Interest Income": "8", "Interest Expense": "1,137", "Net Interest Income": "-1,129", "EBIT": "18,835", "EBITDA": "-", "Reconciled Cost of Revenue": "384,752", "Reconciled Depreciation": "14,585", "Net Income from Continuing Operation Net Minority Interest": "12,283", "Total Unusual Items Excluding Goodwill": "722", "Total Unusual Items": "722", "Normalized EBITDA": "32,698", "Tax Rate for Calcs": "0", "Tax Effect of Unusual Items": "84.474"}}, "bs": {"6/30/2020": {"Duration": "6/30/2020", "Total Assets": "265,545", "Total Liabilities Net Minority Interest": "90,104", "Total Equity Gross Minority Interest": "175,441", "Total Capitalization": "187,222", "Common Stock Equity": "152,222", "Net Tangible Assets": "152,222", "Working Capital": "77,228", "Invested Capital": "187,222", "Tangible Book Value": "152,222", "Total Debt": "35,000", "Net Debt": "23,226", "Share Issued": "7,359", "Ordinary Shares Number": "3,750", "Treasury Shares Number": "3,609"}, "6/30/2019": {"Duration": "6/30/2019", "Total Assets": "312,736", "Total Liabilities Net Minority Interest": "124,920", "Total Equity Gross Minority Interest": "187,816", "Total Capitalization": "205,388", "Common Stock Equity": "163,388", "Net Tangible Assets": "163,388", "Working Capital": "77,369", "Invested Capital": "205,388", "Tangible Book Value": "163,388", "Total Debt": "42,000", "Net Debt": "34,191", "Share Issued": "7,305", "Ordinary Shares Number": "3,692", "Treasury Shares Number": "3,613"}, "6/30/2018": {"Duration": "6/30/2018", "Total Assets": "307,175", "Total Liabilities Net Minority Interest": "123,929", "Total Equity Gross Minority Interest": "183,246", "Total Capitalization": "213,158", "Common Stock Equity": "162,158", "Net Tangible Assets": "162,158", "Working Capital": "82,310", "Invested Capital": "213,158", "Tangible Book Value": "162,158", "Total Debt": "51,000", "Net Debt": "42,910", "Share Issued": "7,252", "Ordinary Shares Number": "3,635", "Treasury Shares Number": "3,617"}}, "cf": {"TTM": {"Duration": "TTM", "Operating Cash Flow": "21,872", "Investing Cash Flow": "-9,670", "Financing Cash Flow": "-10,934", "End Cash Position": "10,553", "Income Tax Paid Supplemental Data": "4,022", "Interest Paid Supplemental Data": "563", "Capital Expenditure": "-9,590", "Issuance of Debt": "-", "Repayment of Debt": "-18,000", "Free Cash Flow": "12,282"}, "6/30/2020": {"Duration": "6/30/2020", "Operating Cash Flow": "25,424", "Investing Cash Flow": "-12,349", "Financing Cash Flow": "-8,992", "End Cash Position": "11,774", "Income Tax Paid Supplemental Data": "2,113", "Interest Paid Supplemental Data": "976", "Capital Expenditure": "-12,381", "Issuance of Debt": "8,000", "Repayment of Debt": "-15,000", "Free Cash Flow": "13,043"}, "6/30/2019": {"Duration": "6/30/2019", "Operating Cash Flow": "29,941", "Investing Cash Flow": "-17,600", "Financing Cash Flow": "-12,176", "End Cash Position": "7,809", "Income Tax Paid Supplemental Data": "530", "Interest Paid Supplemental Data": "1,624", "Capital Expenditure": "-17,453", "Issuance of Debt": "5,000", "Repayment of Debt": "-14,000", "Free Cash Flow": "12,488"}, "6/30/2018": {"Duration": "6/30/2018", "Operating Cash Flow": "6,940", "Investing Cash Flow": "-23,918", "Financing Cash Flow": "16,391", "End Cash Position": "8,090", "Income Tax Paid Supplemental Data": "2,503", "Interest Paid Supplemental Data": "1,078", "Capital Expenditure": "-24,134", "Issuance of Debt": "24,000", "Repayment of Debt": "-3,000", "Free Cash Flow": "-17,194"}}}}, {"CPS": {"quote": {"03/21/2021": {"value": "41.42", "Market Cap": "699.878M", "Beta (5Y Monthly)": "3.30", "PE Ratio (TTM)": "N/A", "EPS (TTM)": "-15.82", "Earnings Date": "Feb 18, 2021", "Forward Dividend & Yield": "N/A (N/A)", "Ex-Dividend Date": "N/A", "1y Target Est": "46.00"}}, "fin": {"TTM": {"Duration": "TTM", "Total Revenue": "2,375,439", "Cost of Revenue": "2,227,892", "Gross Profit": "147,547", "Operating Expense": "275,406", "Operating Income": "-127,859", "Net Non Operating Interest Income Expense": "-59,943", "Other Income Expense": "-142,419", "Pretax Income": "-330,221", "Tax Provision": "-60,847", "Net Income Common Stockholders": "-267,605", "Average Dilution Earnings": "-", "Diluted NI Available to Com Stockholders": "-267,605", "Basic EPS": "-", "Diluted EPS": "-", "Basic Average Shares": "-", "Diluted Average Shares": "-", "Total Operating Income as Reported": "-268,686", "Total Expenses": "2,503,298", "Net Income from Continuing & Discontinued Operation": "-267,605", "Normalized Income": "-151,374", "Interest Expense": "59,167", "Net Interest Income": "-59,943", "EBIT": "-271,054", "EBITDA": "-116,825", "Reconciled Cost of Revenue": "2,085,274", "Reconciled Depreciation": "154,229", "Net Income from Continuing Operation Net Minority Interest": "-267,605", "Total Unusual Items Excluding Goodwill": "-142,440", "Total Unusual Items": "-142,440", "Normalized EBITDA": "25,615", "Tax Rate for Calcs": "0", "Tax Effect of Unusual Items": "-26,209"}, "12/31/2020": {"Duration": "12/31/2020", "Total Revenue": "2,375,439", "Cost of Revenue": "2,227,892", "Gross Profit": "147,547", "Operating Expense": "275,406", "Operating Income": "-127,859", "Net Non Operating Interest Income Expense": "-59,943", "Other Income Expense": "-142,419", "Pretax Income": "-330,221", "Tax Provision": "-60,847", "Net Income Common Stockholders": "-267,605", "Average Dilution Earnings": "-", "Diluted NI Available to Com Stockholders": "-267,605", "Basic EPS": "-", "Diluted EPS": "-", "Basic Average Shares": "-", "Diluted Average Shares": "-", "Total Operating Income as Reported": "-268,686", "Total Expenses": "2,503,298", "Net Income from Continuing & Discontinued Operation": "-267,605", "Normalized Income": "-151,374", "Interest Expense": "59,167", "Net Interest Income": "-59,943", "EBIT": "-271,054", "EBITDA": "-", "Reconciled Cost of Revenue": "2,085,274", "Reconciled Depreciation": "154,229", "Net Income from Continuing Operation Net Minority Interest": "-267,605", "Total Unusual Items Excluding Goodwill": "-142,440", "Total Unusual Items": "-142,440", "Normalized EBITDA": "25,615", "Tax Rate for Calcs": "0", "Tax Effect of Unusual Items": "-26,209"}, "12/31/2019": {"Duration": "12/31/2019", "Total Revenue": "3,108,400", "Cost of Revenue": "2,749,278", "Gross Profit": "359,122", "Operating Expense": "336,281", "Operating Income": "22,841", "Net Non Operating Interest Income Expense": "-44,113", "Other Income Expense": "119,574", "Pretax Income": "98,302", "Tax Provision": "36,089", "Net Income Common Stockholders": "67,529", "Average Dilution Earnings": "-", "Diluted NI Available to Com Stockholders": "67,529", "Basic EPS": "3.94", "Diluted EPS": "3.92", "Basic Average Shares": "17,146", "Diluted Average Shares": "17,209", "Total Operating Income as Reported": "155,990", "Total Expenses": "3,085,559", "Net Income from Continuing & Discontinued Operation": "67,529", "Normalized Income": "-4,191", "Interest Expense": "44,113", "Net Interest Income": "-44,113", "EBIT": "142,415", "EBITDA": "-", "Reconciled Cost of Revenue": "2,615,291", "Reconciled Depreciation": "151,953", "Net Income from Continuing Operation Net Minority Interest": "67,529", "Total Unusual Items Excluding Goodwill": "113,301", "Total Unusual Items": "113,301", "Normalized EBITDA": "181,067", "Tax Rate for Calcs": "0", "Tax Effect of Unusual Items": "41,581"}, "12/31/2018": {"Duration": "12/31/2018", "Total Revenue": "3,629,293", "Cost of Revenue": "3,075,737", "Gross Profit": "553,556", "Operating Expense": "329,649", "Operating Income": "223,907", "Net Non Operating Interest Income Expense": "-41,004", "Other Income Expense": "-107,997", "Pretax Income": "74,906", "Tax Provision": "-29,683", "Net Income Common Stockholders": "107,766", "Average Dilution Earnings": "-", "Diluted NI Available to Com Stockholders": "107,766", "Basic EPS": "6.02", "Diluted EPS": "5.89", "Basic Average Shares": "17,895", "Diluted Average Shares": "18,290", "Total Operating Income as Reported": "115,575", "Total Expenses": "3,405,386", "Net Income from Continuing & Discontinued Operation": "107,766", "Normalized Income": "190,636", "Interest Expense": "41,004", "Net Interest Income": "-41,004", "EBIT": "115,910", "EBITDA": "-", "Reconciled Cost of Revenue": "2,943,883", "Reconciled Depreciation": "146,698", "Net Income from Continuing Operation Net Minority Interest": "107,766", "Total Unusual Items Excluding Goodwill": "-113,520", "Total Unusual Items": "-113,520", "Normalized EBITDA": "376,128", "Tax Rate for Calcs": "0", "Tax Effect of Unusual Items": "-30,650"}}, "bs": {"12/31/2020": {"Duration": "12/31/2020", "Total Assets": "2,611,944", "Total Liabilities Net Minority Interest": "1,987,833", "Total Equity Gross Minority Interest": "624,111", "Total Capitalization": "1,589,870", "Common Stock Equity": "607,110", "Capital Lease Obligations": "112,228", "Net Tangible Assets": "397,181", "Working Capital": "588,449", "Invested Capital": "1,630,601", "Tangible Book Value": "397,181", "Total Debt": "1,135,719", "Net Debt": "585,053", "Share Issued": "18,963", "Ordinary Shares Number": "16,897", "Treasury Shares Number": "2,066"}, "12/31/2019": {"Duration": "12/31/2019", "Total Assets": "2,635,582", "Total Liabilities Net Minority Interest": "1,759,600", "Total Equity Gross Minority Interest": "875,982", "Total Capitalization": "1,602,354", "Common Stock Equity": "856,175", "Capital Lease Obligations": "84,328", "Net Tangible Assets": "629,619", "Working Capital": "482,345", "Invested Capital": "1,663,803", "Tangible Book Value": "629,619", "Total Debt": "891,956", "Net Debt": "448,092", "Share Issued": "18,909", "Ordinary Shares Number": "16,843", "Treasury Shares Number": "2,066"}, "12/31/2018": {"Duration": "12/31/2018", "Total Assets": "2,623,103", "Total Liabilities Net Minority Interest": "1,763,601", "Total Equity Gross Minority Interest": "859,502", "Total Capitalization": "1,561,270", "Common Stock Equity": "831,465", "Capital Lease Obligations": "-", "Net Tangible Assets": "588,182", "Working Capital": "433,375", "Invested Capital": "1,662,593", "Tangible Book Value": "588,182", "Total Debt": "831,128", "Net Debt": "566,148", "Share Issued": "19,621", "Ordinary Shares Number": "17,555", "Treasury Shares Number": "2,066"}}, "cf": {"TTM": {"Duration": "TTM", "Operating Cash Flow": "-15,934", "Investing Cash Flow": "-106,880", "Financing Cash Flow": "207,715", "End Cash Position": "443,578", "Income Tax Paid Supplemental Data": "1,679", "Interest Paid Supplemental Data": "55,685", "Capital Expenditure": "-91,794", "Issuance of Debt": "245,000", "Repayment of Debt": "-6,192", "Repurchase of Capital Stock": "0", "Free Cash Flow": "-107,728"}, "12/31/2020": {"Duration": "12/31/2020", "Operating Cash Flow": "-15,934", "Investing Cash Flow": "-106,880", "Financing Cash Flow": "207,715", "End Cash Position": "443,578", "Income Tax Paid Supplemental Data": "1,679", "Interest Paid Supplemental Data": "55,685", "Capital Expenditure": "-91,794", "Issuance of Debt": "245,000", "Repayment of Debt": "-6,192", "Repurchase of Capital Stock": "0", "Free Cash Flow": "-107,728"}, "12/31/2019": {"Duration": "12/31/2019", "Operating Cash Flow": "97,697", "Investing Cash Flow": "84,030", "Financing Cash Flow": "-83,992", "End Cash Position": "361,742", "Income Tax Paid Supplemental Data": "23,599", "Interest Paid Supplemental Data": "47,580", "Capital Expenditure": "-164,466", "Issuance of Debt": "-", "Repayment of Debt": "-4,494", "Repurchase of Capital Stock": "-36,550", "Free Cash Flow": "-66,769"}, "12/31/2018": {"Duration": "12/31/2018", "Operating Cash Flow": "149,388", "Investing Cash Flow": "-382,991", "Financing Cash Flow": "-14,440", "End Cash Position": "267,399", "Income Tax Paid Supplemental Data": "32,299", "Interest Paid Supplemental Data": "44,877", "Capital Expenditure": "-218,071", "Issuance of Debt": "0", "Repayment of Debt": "-3,437", "Repurchase of Capital Stock": "-59,955", "Free Cash Flow": "-68,683"}}}}, {"DORM": {"quote": {"03/21/2021": {"value": "106.46", "Market Cap": "3.426B", "Beta (5Y Monthly)": "0.83", "PE Ratio (TTM)": "32.26", "EPS (TTM)": "3.30", "Earnings Date": "Apr 26, 2021 - Apr 30, 2021", "Forward Dividend & Yield": "N/A (N/A)", "Ex-Dividend Date": "Dec 13, 2012", "1y Target Est": "111.67"}}, "fin": {"TTM": {"Duration": "TTM", "Total Revenue": "1,031,099", "Cost of Revenue": "681,091", "Gross Profit": "350,008", "Operating Expense": "240,648", "Operating Income": "109,360", "Other Income Expense": "2,206", "Pretax Income": "111,566", "Tax Provision": "23,098", "Net Income Common Stockholders": "88,468", "Diluted NI Available to Com Stockholders": "88,468", "Basic EPS": "-", "Diluted EPS": "-", "Basic Average Shares": "-", "Diluted Average Shares": "-", "Total Operating Income as Reported": "109,360", "Total Expenses": "921,739", "Net Income from Continuing & Discontinued Operation": "88,468", "Normalized Income": "88,468", "EBIT": "109,360", "EBITDA": "136,808", "Reconciled Cost of Revenue": "681,091", "Reconciled Depreciation": "27,448", "Net Income from Continuing Operation Net Minority Interest": "88,468", "Normalized EBITDA": "136,808", "Tax Rate for Calcs": "0", "Tax Effect of Unusual Items": "0"}, "12/31/2020": {"Duration": "12/31/2020", "Total Revenue": "1,092,748", "Cost of Revenue": "709,632", "Gross Profit": "383,116", "Operating Expense": "249,743", "Operating Income": "133,373", "Other Income Expense": "2,363", "Pretax Income": "135,736", "Tax Provision": "28,866", "Net Income Common Stockholders": "106,870", "Diluted NI Available to Com Stockholders": "106,870", "Basic EPS": "-", "Diluted EPS": "-", "Basic Average Shares": "-", "Diluted Average Shares": "-", "Total Operating Income as Reported": "133,373", "Total Expenses": "959,375", "Net Income from Continuing & Discontinued Operation": "106,870", "Normalized Income": "106,870", "EBIT": "133,373", "EBITDA": "-", "Reconciled Cost of Revenue": "709,632", "Reconciled Depreciation": "32,307", "Net Income from Continuing Operation Net Minority Interest": "106,870", "Normalized EBITDA": "165,680", "Tax Rate for Calcs": "0", "Tax Effect of Unusual Items": "0"}, "12/31/2019": {"Duration": "12/31/2019", "Total Revenue": "991,329", "Cost of Revenue": "651,504", "Gross Profit": "339,825", "Operating Expense": "233,997", "Operating Income": "105,828", "Other Income Expense": "-21", "Pretax Income": "105,807", "Tax Provision": "22,045", "Net Income Common Stockholders": "83,762", "Diluted NI Available to Com Stockholders": "83,762", "Basic EPS": "2.57", "Diluted EPS": "2.56", "Basic Average Shares": "32,558", "Diluted Average Shares": "32,688", "Total Operating Income as Reported": "105,828", "Total Expenses": "885,501", "Net Income from Continuing & Discontinued Operation": "83,762", "Normalized Income": "83,762", "EBIT": "105,828", "EBITDA": "-", "Reconciled Cost of Revenue": "651,504", "Reconciled Depreciation": "25,915", "Net Income from Continuing Operation Net Minority Interest": "83,762", "Normalized EBITDA": "131,743", "Tax Rate for Calcs": "0", "Tax Effect of Unusual Items": "0"}, "12/31/2018": {"Duration": "12/31/2018", "Total Revenue": "973,705", "Cost of Revenue": "600,424", "Gross Profit": "373,281", "Operating Expense": "202,138", "Operating Income": "171,143", "Other Income Expense": "-8", "Pretax Income": "171,135", "Tax Provision": "37,533", "Net Income Common Stockholders": "133,602", "Diluted NI Available to Com Stockholders": "133,602", "Basic EPS": "4.05", "Diluted EPS": "4.02", "Basic Average Shares": "33,005", "Diluted Average Shares": "33,207", "Total Operating Income as Reported": "171,143", "Total Expenses": "802,562", "Net Income from Continuing & Discontinued Operation": "133,602", "Normalized Income": "133,602", "EBIT": "171,143", "EBITDA": "-", "Reconciled Cost of Revenue": "600,424", "Reconciled Depreciation": "28,391", "Net Income from Continuing Operation Net Minority Interest": "133,602", "Normalized EBITDA": "199,534", "Tax Rate for Calcs": "0", "Tax Effect of Unusual Items": "0"}}, "bs": {"12/31/2020": {"Duration": "12/31/2020", "Total Assets": "1,220,661", "Total Liabilities Net Minority Interest": "367,102", "Total Equity Gross Minority Interest": "853,559", "Total Capitalization": "853,559", "Common Stock Equity": "853,559", "Capital Lease Obligations": "37,083", "Net Tangible Assets": "737,272", "Working Capital": "600,286", "Invested Capital": "853,559", "Tangible Book Value": "737,272", "Total Debt": "37,083", "Share Issued": "32,169", "Ordinary Shares Number": "32,169"}, "12/31/2019": {"Duration": "12/31/2019", "Total Assets": "1,041,072", "Total Liabilities Net Minority Interest": "267,488", "Total Equity Gross Minority Interest": "773,584", "Total Capitalization": "773,584", "Common Stock Equity": "773,584", "Capital Lease Obligations": "29,730", "Net Tangible Assets": "677,821", "Working Capital": "534,088", "Invested Capital": "773,584", "Tangible Book Value": "677,821", "Total Debt": "29,730", "Share Issued": "32,558", "Ordinary Shares Number": "32,558"}, "12/31/2018": {"Duration": "12/31/2018", "Total Assets": "887,557", "Total Liabilities Net Minority Interest": "159,934", "Total Equity Gross Minority Interest": "727,623", "Total Capitalization": "727,623", "Common Stock Equity": "727,623", "Capital Lease Obligations": "-", "Net Tangible Assets": "629,853", "Working Capital": "488,138", "Invested Capital": "727,623", "Tangible Book Value": "629,853", "Total Debt": "-", "Share Issued": "33,005", "Ordinary Shares Number": "33,005"}}, "cf": {"TTM": {"Duration": "TTM", "Operating Cash Flow": "181,375", "Investing Cash Flow": "-31,273", "Financing Cash Flow": "-33,770", "End Cash Position": "170,502", "Income Tax Paid Supplemental Data": "20,044", "Interest Paid Supplemental Data": "902", "Capital Expenditure": "-16,965", "Issuance of Debt": "99,000", "Repayment of Debt": "-99,000", "Repurchase of Capital Stock": "-34,313", "Free Cash Flow": "164,410"}, "12/31/2020": {"Duration": "12/31/2020", "Operating Cash Flow": "151,966", "Investing Cash Flow": "-30,258", "Financing Cash Flow": "-34,485", "End Cash Position": "155,576", "Income Tax Paid Supplemental Data": "28,341", "Interest Paid Supplemental Data": "753", "Capital Expenditure": "-15,450", "Issuance of Debt": "99,000", "Repayment of Debt": "-99,000", "Repurchase of Capital Stock": "-38,676", "Free Cash Flow": "136,516"}, "12/31/2019": {"Duration": "12/31/2019", "Operating Cash Flow": "95,306", "Investing Cash Flow": "-29,560", "Financing Cash Flow": "-40,851", "End Cash Position": "68,353", "Income Tax Paid Supplemental Data": "28,923", "Interest Paid Supplemental Data": "338", "Capital Expenditure": "-29,560", "Issuance of Debt": "-", "Repayment of Debt": "-", "Repurchase of Capital Stock": "-41,339", "Free Cash Flow": "65,746"}, "12/31/2018": {"Duration": "12/31/2018", "Operating Cash Flow": "78,112", "Investing Cash Flow": "-59,146", "Financing Cash Flow": "-46,938", "End Cash Position": "43,458", "Income Tax Paid Supplemental Data": "30,453", "Interest Paid Supplemental Data": "250", "Capital Expenditure": "-26,106", "Issuance of Debt": "-", "Repayment of Debt": "-", "Repurchase of Capital Stock": "-45,352", "Free Cash Flow": "52,006"}}}}, {"PLOW": {"quote": {"03/21/2021": {"value": "47.90", "Market Cap": "1.095B", "Beta (5Y Monthly)": "0.89", "PE Ratio (TTM)": "N/A", "EPS (TTM)": "-3.81", "Earnings Date": "May 03, 2021 - May 07, 2021", "Forward Dividend & Yield": "1.14 (2.34%)", "Ex-Dividend Date": "Mar 18, 2021", "1y Target Est": "53.33"}}, "fin": {"TTM": {"Duration": "TTM", "Total Revenue": "490,400", "Cost of Revenue": "360,357", "Gross Profit": "130,043", "Operating Expense": "77,837", "Operating Income": "52,206", "Net Non Operating Interest Income Expense": "-19,145", "Other Income Expense": "-138,120", "Pretax Income": "-105,059", "Tax Provision": "-15,103", "Net Income Common Stockholders": "-90,267", "Diluted NI Available to Com Stockholders": "-90,267", "Basic EPS": "-", "Diluted EPS": "-", "Basic Average Shares": "-", "Diluted Average Shares": "-", "Total Operating Income as Reported": "-75,666", "Total Expenses": "438,194", "Net Income from Continuing & Discontinued Operation": "-89,956", "Normalized Income": "27,754", "Interest Expense": "19,145", "Net Interest Income": "-19,145", "EBIT": "-85,914", "EBITDA": "-66,512", "Reconciled Cost of Revenue": "351,908", "Reconciled Depreciation": "19,402", "Net Income from Continuing Operation Net Minority Interest": "-89,956", "Total Unusual Items Excluding Goodwill": "-137,473", "Total Unusual Items": "-137,473", "Normalized EBITDA": "70,961", "Tax Rate for Calcs": "0", "Tax Effect of Unusual Items": "-19,763"}, "12/31/2020": {"Duration": "12/31/2020", "Total Revenue": "480,154", "Cost of Revenue": "351,874", "Gross Profit": "128,280", "Operating Expense": "75,548", "Operating Income": "52,732", "Net Non Operating Interest Income Expense": "-20,238", "Other Income Expense": "-131,323", "Pretax Income": "-98,829", "Tax Provision": "-12,276", "Net Income Common Stockholders": "-86,553", "Diluted NI Available to Com Stockholders": "-86,553", "Basic EPS": "-", "Diluted EPS": "-", "Basic Average Shares": "-", "Diluted Average Shares": "-", "Total Operating Income as Reported": "-75,140", "Total Expenses": "427,422", "Net Income from Continuing & Discontinued Operation": "-86,553", "Normalized Income": "28,566", "Interest Expense": "20,238", "Net Interest Income": "-20,238", "EBIT": "-78,591", "EBITDA": "-", "Reconciled Cost of Revenue": "343,068", "Reconciled Depreciation": "19,737", "Net Income from Continuing Operation Net Minority Interest": "-86,553", "Total Unusual Items Excluding Goodwill": "-131,414", "Total Unusual Items": "-131,414", "Normalized EBITDA": "72,560", "Tax Rate for Calcs": "0", "Tax Effect of Unusual Items": "-16,295"}, "12/31/2019": {"Duration": "12/31/2019", "Total Revenue": "571,710", "Cost of Revenue": "402,893", "Gross Profit": "168,817", "Operating Expense": "82,244", "Operating Income": "86,573", "Net Non Operating Interest Income Expense": "-16,782", "Other Income Expense": "-7,174", "Pretax Income": "62,617", "Tax Provision": "13,451", "Net Income Common Stockholders": "48,527", "Diluted NI Available to Com Stockholders": "48,527", "Basic EPS": "2.13", "Diluted EPS": "2.11", "Basic Average Shares": "22,779", "Diluted Average Shares": "22,814", "Total Operating Income as Reported": "86,573", "Total Expenses": "485,137", "Net Income from Continuing & Discontinued Operation": "49,166", "Normalized Income": "54,197", "Interest Expense": "16,782", "Net Interest Income": "-16,782", "EBIT": "79,399", "EBITDA": "-", "Reconciled Cost of Revenue": "394,637", "Reconciled Depreciation": "19,212", "Net Income from Continuing Operation Net Minority Interest": "49,166", "Total Unusual Items Excluding Goodwill": "-6,409", "Total Unusual Items": "-6,409", "Normalized EBITDA": "105,020", "Tax Rate for Calcs": "0", "Tax Effect of Unusual Items": "-1,378"}, "12/31/2018": {"Duration": "12/31/2018", "Total Revenue": "524,067", "Cost of Revenue": "369,177", "Gross Profit": "154,890", "Operating Expense": "81,430", "Operating Income": "73,460", "Net Non Operating Interest Income Expense": "-16,943", "Other Income Expense": "-758", "Pretax Income": "55,759", "Tax Provision": "11,854", "Net Income Common Stockholders": "43,321", "Diluted NI Available to Com Stockholders": "43,321", "Basic EPS": "1.91", "Diluted EPS": "1.89", "Basic Average Shares": "22,682", "Diluted Average Shares": "22,705", "Total Operating Income as Reported": "73,460", "Total Expenses": "450,607", "Net Income from Continuing & Discontinued Operation": "43,905", "Normalized Income": "43,905", "Interest Expense": "16,943", "Net Interest Income": "-16,943", "EBIT": "72,702", "EBITDA": "-", "Reconciled Cost of Revenue": "361,564", "Reconciled Depreciation": "19,085", "Net Income from Continuing Operation Net Minority Interest": "43,905", "Total Unusual Items Excluding Goodwill": "0", "Total Unusual Items": "0", "Normalized EBITDA": "91,787", "Tax Rate for Calcs": "0", "Tax Effect of Unusual Items": "0"}}, "bs": {"12/31/2020": {"Duration": "12/31/2020", "Total Assets": "579,202", "Total Liabilities Net Minority Interest": "378,998", "Total Equity Gross Minority Interest": "200,204", "Total Capitalization": "436,880", "Common Stock Equity": "200,204", "Capital Lease Obligations": "21,760", "Net Tangible Assets": "-65,721", "Working Capital": "150,981", "Invested Capital": "438,546", "Tangible Book Value": "-65,721", "Total Debt": "260,102", "Net Debt": "197,312", "Share Issued": "22,857", "Ordinary Shares Number": "22,857"}, "12/31/2019": {"Duration": "12/31/2019", "Total Assets": "705,695", "Total Liabilities Net Minority Interest": "392,532", "Total Equity Gross Minority Interest": "313,163", "Total Capitalization": "535,244", "Common Stock Equity": "313,163", "Capital Lease Obligations": "22,803", "Net Tangible Assets": "-91,565", "Working Capital": "133,425", "Invested Capital": "557,387", "Tangible Book Value": "-91,565", "Total Debt": "267,027", "Net Debt": "208,559", "Share Issued": "22,795", "Ordinary Shares Number": "22,795"}, "12/31/2018": {"Duration": "12/31/2018", "Total Assets": "676,193", "Total Liabilities Net Minority Interest": "393,437", "Total Equity Gross Minority Interest": "282,756", "Total Capitalization": "525,702", "Common Stock Equity": "282,756", "Capital Lease Obligations": "-", "Net Tangible Assets": "-132,928", "Working Capital": "120,027", "Invested Capital": "558,451", "Tangible Book Value": "-132,928", "Total Debt": "275,695", "Net Debt": "247,875", "Share Issued": "22,701", "Ordinary Shares Number": "22,701"}}, "cf": {"TTM": {"Duration": "TTM", "Operating Cash Flow": "71,592", "Investing Cash Flow": "-11,130", "Financing Cash Flow": "-30,541", "End Cash Position": "34,932", "Income Tax Paid Supplemental Data": "4,279", "Interest Paid Supplemental Data": "16,841", "Capital Expenditure": "-11,130", "Issuance of Debt": "270,875", "Repayment of Debt": "-247,813", "Repurchase of Capital Stock": "-", "Free Cash Flow": "60,462"}, "12/31/2020": {"Duration": "12/31/2020", "Operating Cash Flow": "53,366", "Investing Cash Flow": "-14,490", "Financing Cash Flow": "-33,511", "End Cash Position": "41,030", "Income Tax Paid Supplemental Data": "4,279", "Interest Paid Supplemental Data": "16,841", "Capital Expenditure": "-14,490", "Issuance of Debt": "270,875", "Repayment of Debt": "-277,255", "Repurchase of Capital Stock": "-", "Free Cash Flow": "38,876"}, "12/31/2019": {"Duration": "12/31/2019", "Operating Cash Flow": "77,296", "Investing Cash Flow": "-11,533", "Financing Cash Flow": "-57,918", "End Cash Position": "35,665", "Income Tax Paid Supplemental Data": "13,283", "Interest Paid Supplemental Data": "15,779", "Capital Expenditure": "-11,533", "Issuance of Debt": "-", "Repayment of Debt": "-32,685", "Repurchase of Capital Stock": "-50", "Free Cash Flow": "65,763"}, "12/31/2018": {"Duration": "12/31/2018", "Operating Cash Flow": "58,181", "Investing Cash Flow": "-9,690", "Financing Cash Flow": "-57,546", "End Cash Position": "27,820", "Income Tax Paid Supplemental Data": "8,465", "Interest Paid Supplemental Data": "15,878", "Capital Expenditure": "-9,690", "Issuance of Debt": "0", "Repayment of Debt": "-33,140", "Repurchase of Capital Stock": "-23", "Free Cash Flow": "48,491"}}}}, {"FDOC": {"quote": {"03/21/2021": {"value": "0.1200", "Market Cap": "220,984", "Beta (5Y Monthly)": "1.16", "PE Ratio (TTM)": "", "EPS (TTM)": "0.0000", "Earnings Date": "N/A", "Forward Dividend & Yield": "N/A (N/A)", "Ex-Dividend Date": "N/A", "1y Target Est": "N/A"}}, "fin": {}, "bs": {}, "cf": {}}}, {"ENPT": {"quote": {"03/21/2021": {"value": "", "Net Assets": "N/A", "Beta (5Y Monthly)": "N/A", "Yield": "N/A", "5y Average Return": "N/A", "Holdings Turnover": "N/A", "Last Dividend": "N/A", "Average for Category": "N/A", "Inception Date": "N/A"}}, "fin": {}, "bs": {}, "cf": {}}}, {"FENX": {"quote": {"03/21/2021": {"value": "", "Net Assets": "N/A", "Beta (5Y Monthly)": "N/A", "Yield": "N/A", "5y Average Return": "N/A", "Holdings Turnover": "N/A", "Last Dividend": "N/A", "Average for Category": "N/A", "Inception Date": "N/A"}}, "fin": {}, "bs": {}, "cf": {}}}, {"UFAB": {"quote": {"03/21/2021": {"value": "6.34", "Market Cap": "62M", "Beta (5Y Monthly)": "1.84", "PE Ratio (TTM)": "N/A", "EPS (TTM)": "-0.46", "Earnings Date": "Nov 12, 2020", "Forward Dividend & Yield": "N/A (N/A)", "Ex-Dividend Date": "Feb 27, 2019", "1y Target Est": "5.50"}}, "fin": {"TTM": {"Duration": "TTM", "Total Revenue": "120,870", "Cost of Revenue": "96,157", "Gross Profit": "24,713", "Operating Expense": "23,914", "Operating Income": "799", "Net Non Operating Interest Income Expense": "-3,707", "Other Income Expense": "-2,122", "Pretax Income": "-5,030", "Tax Provision": "-566", "Net Income Common Stockholders": "-4,464", "Diluted NI Available to Com Stockholders": "-4,464", "Basic EPS": "-", "Diluted EPS": "-", "Basic Average Shares": "-", "Diluted Average Shares": "-", "Total Operating Income as Reported": "-1,331", "Total Expenses": "120,071", "Net Income from Continuing & Discontinued Operation": "-4,464", "Normalized Income": "-2,574", "Interest Expense": "3,707", "Net Interest Income": "-3,707", "EBIT": "-1,323", "EBITDA": "5,611", "Reconciled Cost of Revenue": "96,157", "Reconciled Depreciation": "6,934", "Net Income from Continuing Operation Net Minority Interest": "-4,464", "Total Unusual Items Excluding Goodwill": "-2,130", "Total Unusual Items": "-2,130", "Normalized EBITDA": "7,741", "Tax Rate for Calcs": "0", "Tax Effect of Unusual Items": "-239.6779"}, "12/31/2019": {"Duration": "12/31/2019", "Total Revenue": "152,489", "Cost of Revenue": "120,981", "Gross Profit": "31,508", "Operating Expense": "26,751", "Operating Income": "4,757", "Net Non Operating Interest Income Expense": "-4,287", "Other Income Expense": "-9,501", "Pretax Income": "-9,031", "Tax Provision": "37", "Net Income Common Stockholders": "-9,068", "Diluted NI Available to Com Stockholders": "-9,068", "Basic EPS": "-0.93", "Diluted EPS": "-0.93", "Basic Average Shares": "9,751", "Diluted Average Shares": "9,751", "Total Operating Income as Reported": "-4,755", "Total Expenses": "147,732", "Net Income from Continuing & Discontinued Operation": "-9,068", "Normalized Income": "444", "Interest Expense": "4,287", "Net Interest Income": "-4,287", "EBIT": "-4,744", "EBITDA": "-", "Reconciled Cost of Revenue": "120,981", "Reconciled Depreciation": "6,863", "Net Income from Continuing Operation Net Minority Interest": "-9,068", "Total Unusual Items Excluding Goodwill": "-9,512", "Total Unusual Items": "-9,512", "Normalized EBITDA": "11,631", "Tax Rate for Calcs": "0", "Tax Effect of Unusual Items": "0"}, "12/31/2018": {"Duration": "12/31/2018", "Total Revenue": "174,910", "Cost of Revenue": "135,575", "Gross Profit": "39,335", "Operating Expense": "29,781", "Operating Income": "9,554", "Net Non Operating Interest Income Expense": "-3,778", "Other Income Expense": "-1,215", "Pretax Income": "4,561", "Tax Provision": "861.969", "Net Income Common Stockholders": "3,699", "Diluted NI Available to Com Stockholders": "3,699", "Basic EPS": "0.38", "Diluted EPS": "0.37", "Basic Average Shares": "9,770", "Diluted Average Shares": "9,909", "Total Operating Income as Reported": "8,398", "Total Expenses": "165,356", "Net Income from Continuing & Discontinued Operation": "3,699", "Normalized Income": "4,595", "Interest Expense": "3,778", "Net Interest Income": "-3,778", "EBIT": "8,339", "EBITDA": "-", "Reconciled Cost of Revenue": "135,575", "Reconciled Depreciation": "6,630", "Net Income from Continuing Operation Net Minority Interest": "3,699", "Total Unusual Items Excluding Goodwill": "-1,106", "Total Unusual Items": "-1,106", "Normalized EBITDA": "16,075", "Tax Rate for Calcs": "0", "Tax Effect of Unusual Items": "-208.9902"}}, "bs": {"12/31/2019": {"Duration": "12/31/2019", "Total Assets": "101,668", "Total Liabilities Net Minority Interest": "62,208", "Total Equity Gross Minority Interest": "39,460", "Total Capitalization": "84,098", "Common Stock Equity": "39,460", "Net Tangible Assets": "5,724", "Working Capital": "27,183", "Invested Capital": "86,945", "Tangible Book Value": "5,724", "Total Debt": "47,485", "Net Debt": "46,835", "Share Issued": "9,779", "Ordinary Shares Number": "9,779"}, "12/31/2018": {"Duration": "12/31/2018", "Total Assets": "123,287", "Total Liabilities Net Minority Interest": "74,399", "Total Equity Gross Minority Interest": "48,888", "Total Capitalization": "101,461", "Common Stock Equity": "48,888", "Net Tangible Assets": "4,449", "Working Capital": "32,885", "Invested Capital": "104,811", "Tangible Book Value": "4,449", "Total Debt": "55,923", "Net Debt": "54,513", "Share Issued": "9,779", "Ordinary Shares Number": "9,779"}}, "cf": {"TTM": {"Duration": "TTM", "Operating Cash Flow": "5,757", "Investing Cash Flow": "-1,202", "Financing Cash Flow": "-3,811", "End Cash Position": "2,271", "Income Tax Paid Supplemental Data": "410", "Interest Paid Supplemental Data": "3,696", "Capital Expenditure": "-2,163", "Issuance of Debt": "6,341", "Repayment of Debt": "-7,408", "Free Cash Flow": "3,594"}, "12/31/2019": {"Duration": "12/31/2019", "Operating Cash Flow": "12,021", "Investing Cash Flow": "-2,640", "Financing Cash Flow": "-10,141", "End Cash Position": "650", "Income Tax Paid Supplemental Data": "438", "Interest Paid Supplemental Data": "4,104", "Capital Expenditure": "-2,759", "Issuance of Debt": "1,300", "Repayment of Debt": "-10,951", "Free Cash Flow": "9,262"}, "12/31/2018": {"Duration": "12/31/2018", "Operating Cash Flow": "9,430", "Investing Cash Flow": "-4,490", "Financing Cash Flow": "-4,962", "End Cash Position": "1,410", "Income Tax Paid Supplemental Data": "1,339", "Interest Paid Supplemental Data": "3,575", "Capital Expenditure": "-5,394", "Issuance of Debt": "5,710", "Repayment of Debt": "-2,962", "Free Cash Flow": "4,036"}}}}, {"PFTI": {"quote": {"03/21/2021": {"value": "0.0150", "Market Cap": "1.035M", "Beta (5Y Monthly)": "1.70", "PE Ratio (TTM)": "N/A", "EPS (TTM)": "-0.0240", "Earnings Date": "Jun 29, 2020 - Jun 30, 2020", "Forward Dividend & Yield": "N/A (N/A)", "Ex-Dividend Date": "N/A", "1y Target Est": "N/A"}}, "fin": {"TTM": {"Duration": "TTM", "Total Revenue": "1,526", "Cost of Revenue": "1,308", "Gross Profit": "218.807", "Operating Expense": "1,432", "Operating Income": "-1,213", "Net Non Operating Interest Income Expense": "-407.234", "Other Income Expense": "-66.234", "Pretax Income": "-1,687", "Tax Provision": "0", "Net Income Common Stockholders": "-1,687", "Diluted NI Available to Com Stockholders": "-1,687", "Basic EPS": "-", "Diluted EPS": "-", "Basic Average Shares": "-", "Diluted Average Shares": "-", "Total Operating Income as Reported": "-1,279", "Total Expenses": "2,740", "Interest Expense": "407.234", "Net Interest Income": "-407.234", "Net Income from Continuing & Discontinued Operation": "-1,687", "Normalized Income": "-1,620", "EBIT": "-1,279", "EBITDA": "-1,084", "Reconciled Cost of Revenue": "1,308", "Reconciled Depreciation": "195.475", "Net Income from Continuing Operation Net Minority Interest": "-1,687", "Total Unusual Items Excluding Goodwill": "-66.234", "Total Unusual Items": "-66.234", "Normalized EBITDA": "-1,018", "Tax Rate for Calcs": "0", "Tax Effect of Unusual Items": "0"}, "12/31/2019": {"Duration": "12/31/2019", "Total Revenue": "1,526", "Cost of Revenue": "1,308", "Gross Profit": "218.807", "Operating Expense": "1,432", "Operating Income": "-1,213", "Net Non Operating Interest Income Expense": "-407.234", "Other Income Expense": "-66.234", "Pretax Income": "-1,687", "Tax Provision": "0", "Net Income Common Stockholders": "-1,687", "Diluted NI Available to Com Stockholders": "-1,687", "Basic EPS": "-", "Diluted EPS": "-", "Basic Average Shares": "-", "Diluted Average Shares": "-", "Total Operating Income as Reported": "-1,279", "Total Expenses": "2,740", "Interest Expense": "407.234", "Net Interest Income": "-407.234", "Net Income from Continuing & Discontinued Operation": "-1,687", "Normalized Income": "-1,620", "EBIT": "-1,279", "EBITDA": "-", "Reconciled Cost of Revenue": "1,308", "Reconciled Depreciation": "195.475", "Net Income from Continuing Operation Net Minority Interest": "-1,687", "Total Unusual Items Excluding Goodwill": "-66.234", "Total Unusual Items": "-66.234", "Normalized EBITDA": "-1,018", "Tax Rate for Calcs": "0", "Tax Effect of Unusual Items": "0"}, "12/31/2018": {"Duration": "12/31/2018", "Total Revenue": "4,204", "Cost of Revenue": "2,463", "Gross Profit": "1,740", "Operating Expense": "1,524", "Operating Income": "216.735", "Net Non Operating Interest Income Expense": "-327.452", "Other Income Expense": "-105.665", "Pretax Income": "-216.382", "Tax Provision": "0", "Net Income Common Stockholders": "-216.382", "Diluted NI Available to Com Stockholders": "-216.382", "Basic EPS": "-0.00", "Diluted EPS": "-0.00", "Basic Average Shares": "69,016", "Diluted Average Shares": "69,016", "Total Operating Income as Reported": "111.07", "Total Expenses": "3,987", "Interest Expense": "327.452", "Net Interest Income": "-327.452", "Net Income from Continuing & Discontinued Operation": "-216.382", "Normalized Income": "-110.717", "EBIT": "111.07", "EBITDA": "-", "Reconciled Cost of Revenue": "2,463", "Reconciled Depreciation": "47.947", "Net Income from Continuing Operation Net Minority Interest": "-216.382", "Total Unusual Items Excluding Goodwill": "-105.665", "Total Unusual Items": "-105.665", "Normalized EBITDA": "264.682", "Tax Rate for Calcs": "0", "Tax Effect of Unusual Items": "0"}}, "bs": {"12/31/2019": {"Duration": "12/31/2019", "Total Assets": "2,239", "Total Liabilities Net Minority Interest": "12,902", "Total Equity Gross Minority Interest": "-10,663", "Total Capitalization": "-2,278", "Common Stock Equity": "-10,663", "Capital Lease Obligations": "815.03", "Net Tangible Assets": "-10,663", "Working Capital": "-2,821", "Invested Capital": "-1,030", "Tangible Book Value": "-10,663", "Total Debt": "10,448", "Net Debt": "9,555", "Share Issued": "69,016", "Ordinary Shares Number": "69,016"}, "12/31/2018": {"Duration": "12/31/2018", "Total Assets": "1,870", "Total Liabilities Net Minority Interest": "10,901", "Total Equity Gross Minority Interest": "-9,031", "Total Capitalization": "-1,041", "Common Stock Equity": "-9,031", "Capital Lease Obligations": "0", "Net Tangible Assets": "-9,031", "Working Capital": "-1,604", "Invested Capital": "-716.023", "Tangible Book Value": "-9,031", "Total Debt": "8,315", "Net Debt": "8,202", "Share Issued": "69,016", "Ordinary Shares Number": "69,016"}}, "cf": {"TTM": {"Duration": "TTM", "Operating Cash Flow": "-945.916", "Investing Cash Flow": "-11.845", "Financing Cash Flow": "922.508", "End Cash Position": "77.516", "Income Tax Paid Supplemental Data": "0", "Interest Paid Supplemental Data": "0.647", "Capital Expenditure": "-11.845", "Issuance of Debt": "926.1", "Repayment of Debt": "-3.592", "Free Cash Flow": "-957.761"}, "12/31/2019": {"Duration": "12/31/2019", "Operating Cash Flow": "-945.916", "Investing Cash Flow": "-11.845", "Financing Cash Flow": "922.508", "End Cash Position": "77.516", "Income Tax Paid Supplemental Data": "0", "Interest Paid Supplemental Data": "0.647", "Capital Expenditure": "-11.845", "Issuance of Debt": "926.1", "Repayment of Debt": "-3.592", "Free Cash Flow": "-957.761"}, "12/31/2018": {"Duration": "12/31/2018", "Operating Cash Flow": "-187.222", "Investing Cash Flow": "-102.277", "Financing Cash Flow": "347.83", "End Cash Position": "112.769", "Income Tax Paid Supplemental Data": "0", "Interest Paid Supplemental Data": "109.167", "Capital Expenditure": "-107.277", "Issuance of Debt": "601.273", "Repayment of Debt": "-253.443", "Free Cash Flow": "-294.499"}}}}, {"THRM": {"quote": {"03/21/2021": {"value": "77.18", "Market Cap": "2.543B", "Beta (5Y Monthly)": "1.49", "PE Ratio (TTM)": "42.64", "EPS (TTM)": "1.81", "Earnings Date": "May 05, 2021 - May 10, 2021", "Forward Dividend & Yield": "N/A (N/A)", "Ex-Dividend Date": "N/A", "1y Target Est": "77.50"}}, "fin": {"TTM": {"Duration": "TTM", "Total Revenue": "971,684", "Cost of Revenue": "683,349", "Gross Profit": "288,335", "Operating Expense": "191,156", "Operating Income": "97,179", "Net Non Operating Interest Income Expense": "-4,763", "Other Income Expense": "-33,265", "Pretax Income": "59,151", "Tax Provision": "21,645", "Net Income Common Stockholders": "37,506", "Diluted NI Available to Com Stockholders": "37,506", "Basic EPS": "-", "Diluted EPS": "-", "Basic Average Shares": "-", "Diluted Average Shares": "-", "Total Operating Income as Reported": "84,260", "Total Expenses": "874,505", "Net Income from Continuing & Discontinued Operation": "37,506", "Normalized Income": "58,673", "Interest Expense": "4,763", "Net Interest Income": "-4,763", "EBIT": "63,914", "EBITDA": "108,160", "Reconciled Cost of Revenue": "683,349", "Reconciled Depreciation": "44,246", "Net Income from Continuing Operation Net Minority Interest": "37,506", "Total Unusual Items Excluding Goodwill": "-33,386", "Total Unusual Items": "-33,386", "Normalized EBITDA": "141,546", "Tax Rate for Calcs": "0", "Tax Effect of Unusual Items": "-12,219"}, "12/31/2020": {"Duration": "12/31/2020", "Total Revenue": "913,098", "Cost of Revenue": "644,994", "Gross Profit": "268,104", "Operating Expense": "173,084", "Operating Income": "95,020", "Net Non Operating Interest Income Expense": "-4,559", "Other Income Expense": "-8,905", "Pretax Income": "81,556", "Tax Provision": "21,866", "Net Income Common Stockholders": "59,690", "Diluted NI Available to Com Stockholders": "59,690", "Basic EPS": "1.83", "Diluted EPS": "1.81", "Basic Average Shares": "32,666", "Diluted Average Shares": "33,028", "Total Operating Income as Reported": "89,217", "Total Expenses": "818,078", "Net Income from Continuing & Discontinued Operation": "59,690", "Normalized Income": "67,919", "Interest Expense": "4,559", "Net Interest Income": "-4,559", "EBIT": "86,115", "EBITDA": "-", "Reconciled Cost of Revenue": "644,994", "Reconciled Depreciation": "41,114", "Net Income from Continuing Operation Net Minority Interest": "59,690", "Total Unusual Items Excluding Goodwill": "-11,242", "Total Unusual Items": "-11,242", "Normalized EBITDA": "138,471", "Tax Rate for Calcs": "0", "Tax Effect of Unusual Items": "-3,013"}, "12/31/2019": {"Duration": "12/31/2019", "Total Revenue": "971,684", "Cost of Revenue": "683,349", "Gross Profit": "288,335", "Operating Expense": "191,156", "Operating Income": "97,179", "Net Non Operating Interest Income Expense": "-4,763", "Other Income Expense": "-33,265", "Pretax Income": "59,151", "Tax Provision": "21,645", "Net Income Common Stockholders": "37,506", "Diluted NI Available to Com Stockholders": "37,506", "Basic EPS": "1.13", "Diluted EPS": "1.13", "Basic Average Shares": "33,120", "Diluted Average Shares": "33,298", "Total Operating Income as Reported": "84,260", "Total Expenses": "874,505", "Net Income from Continuing & Discontinued Operation": "37,506", "Normalized Income": "58,673", "Interest Expense": "4,763", "Net Interest Income": "-4,763", "EBIT": "63,914", "EBITDA": "-", "Reconciled Cost of Revenue": "683,349", "Reconciled Depreciation": "44,246", "Net Income from Continuing Operation Net Minority Interest": "37,506", "Total Unusual Items Excluding Goodwill": "-33,386", "Total Unusual Items": "-33,386", "Normalized EBITDA": "141,546", "Tax Rate for Calcs": "0", "Tax Effect of Unusual Items": "-12,219"}, "12/31/2018": {"Duration": "12/31/2018", "Total Revenue": "1,038,259", "Cost of Revenue": "743,647", "Gross Profit": "294,612", "Operating Expense": "207,052", "Operating Income": "87,560", "Net Non Operating Interest Income Expense": "-4,942", "Other Income Expense": "-24,499", "Pretax Income": "58,119", "Tax Provision": "16,220", "Net Income Common Stockholders": "41,899", "Diluted NI Available to Com Stockholders": "41,899", "Basic EPS": "1.17", "Diluted EPS": "1.16", "Basic Average Shares": "35,921", "Diluted Average Shares": "36,177", "Total Operating Income as Reported": "72,788", "Total Expenses": "950,699", "Net Income from Continuing & Discontinued Operation": "41,899", "Normalized Income": "60,375", "Interest Expense": "4,942", "Net Interest Income": "-4,942", "EBIT": "63,061", "EBITDA": "-", "Reconciled Cost of Revenue": "743,647", "Reconciled Depreciation": "50,638", "Net Income from Continuing Operation Net Minority Interest": "41,899", "Total Unusual Items Excluding Goodwill": "-25,626", "Total Unusual Items": "-25,626", "Normalized EBITDA": "139,325", "Tax Rate for Calcs": "0", "Tax Effect of Unusual Items": "-7,150"}}, "bs": {"12/31/2020": {"Duration": "12/31/2020", "Total Assets": "1,022,839", "Total Liabilities Net Minority Interest": "436,508", "Total Equity Gross Minority Interest": "586,331", "Total Capitalization": "776,265", "Common Stock Equity": "586,331", "Capital Lease Obligations": "30,265", "Net Tangible Assets": "471,886", "Working Capital": "437,622", "Invested Capital": "778,765", "Tangible Book Value": "471,886", "Total Debt": "222,699", "Net Debt": "-", "Share Issued": "32,921", "Ordinary Shares Number": "32,921"}, "12/31/2019": {"Duration": "12/31/2019", "Total Assets": "727,386", "Total Liabilities Net Minority Interest": "254,736", "Total Equity Gross Minority Interest": "472,650", "Total Capitalization": "550,774", "Common Stock Equity": "472,650", "Capital Lease Obligations": "11,337", "Net Tangible Assets": "358,295", "Working Capital": "217,159", "Invested Capital": "553,274", "Tangible Book Value": "358,295", "Total Debt": "91,961", "Net Debt": "30,181", "Share Issued": "32,674", "Ordinary Shares Number": "32,674"}, "12/31/2018": {"Duration": "12/31/2018", "Total Assets": "803,047", "Total Liabilities Net Minority Interest": "323,348", "Total Equity Gross Minority Interest": "479,699", "Total Capitalization": "616,176", "Common Stock Equity": "479,699", "Capital Lease Obligations": "-", "Net Tangible Assets": "368,003", "Working Capital": "267,679", "Invested Capital": "619,589", "Tangible Book Value": "368,003", "Total Debt": "139,890", "Net Debt": "100,270", "Share Issued": "33,857", "Ordinary Shares Number": "33,857"}}, "cf": {"TTM": {"Duration": "TTM", "Operating Cash Flow": "118,803", "Investing Cash Flow": "5,840", "Financing Cash Flow": "-108,593", "End Cash Position": "52,948", "Income Tax Paid Supplemental Data": "11,008", "Interest Paid Supplemental Data": "4,462", "Capital Expenditure": "-23,729", "Issuance of Debt": "37,812", "Repayment of Debt": "-96,999", "Repurchase of Capital Stock": "-64,685", "Free Cash Flow": "95,074"}, "12/31/2020": {"Duration": "12/31/2020", "Operating Cash Flow": "110,695", "Investing Cash Flow": "-18,220", "Financing Cash Flow": "115,480", "End Cash Position": "268,345", "Income Tax Paid Supplemental Data": "5,013", "Interest Paid Supplemental Data": "4,204", "Capital Expenditure": "-20,360", "Issuance of Debt": "201,194", "Repayment of Debt": "-91,439", "Repurchase of Capital Stock": "-9,092", "Free Cash Flow": "90,335"}, "12/31/2019": {"Duration": "12/31/2019", "Operating Cash Flow": "118,803", "Investing Cash Flow": "5,840", "Financing Cash Flow": "-108,593", "End Cash Position": "52,948", "Income Tax Paid Supplemental Data": "11,008", "Interest Paid Supplemental Data": "4,462", "Capital Expenditure": "-23,729", "Issuance of Debt": "37,812", "Repayment of Debt": "-96,999", "Repurchase of Capital Stock": "-63,283", "Free Cash Flow": "95,074"}, "12/31/2018": {"Duration": "12/31/2018", "Operating Cash Flow": "118,434", "Investing Cash Flow": "-40,757", "Financing Cash Flow": "-139,266", "End Cash Position": "39,620", "Income Tax Paid Supplemental Data": "23,159", "Interest Paid Supplemental Data": "5,027", "Capital Expenditure": "-41,541", "Issuance of Debt": "94,679", "Repayment of Debt": "-99,460", "Repurchase of Capital Stock": "-148,074", "Free Cash Flow": "76,893"}}}}, {"WPRT": {"quote": {"03/21/2021": {"value": "8.85", "Market Cap": "1.32B", "Beta (5Y Monthly)": "3.05", "PE Ratio (TTM)": "N/A", "EPS (TTM)": "-0.05", "Earnings Date": "N/A", "Forward Dividend & Yield": "N/A (N/A)", "Ex-Dividend Date": "N/A", "1y Target Est": "10.90"}}, "fin": {"TTM": {"Duration": "TTM", "Total Revenue": "252,497", "Cost of Revenue": "212,953", "Gross Profit": "39,544", "Operating Expense": "65,354", "Operating Income": "-25,810", "Net Non Operating Interest Income Expense": "-7,986", "Other Income Expense": "27,868", "Pretax Income": "-5,928", "Tax Provision": "1,431", "Net Income Common Stockholders": "-7,359", "Diluted NI Available to Com Stockholders": "-7,359", "Basic EPS": "-", "Diluted EPS": "-", "Basic Average Shares": "-", "Diluted Average Shares": "-", "Total Operating Income as Reported": "-21,989", "Total Expenses": "278,307", "Net Income from Continuing & Discontinued Operation": "-7,359", "Normalized Income": "-10,167", "Interest Income": "2", "Interest Expense": "7,988", "Net Interest Income": "-7,986", "EBIT": "2,060", "EBITDA": "16,094", "Reconciled Cost of Revenue": "205,158", "Reconciled Depreciation": "14,034", "Net Income from Continuing Operation Net Minority Interest": "-7,359", "Total Unusual Items Excluding Goodwill": "3,821", "Total Unusual Items": "3,821", "Normalized EBITDA": "12,273", "Tax Rate for Calcs": "0", "Tax Effect of Unusual Items": "1,013"}, "12/31/2020": {"Duration": "12/31/2020", "Total Revenue": "252,497", "Cost of Revenue": "212,953", "Gross Profit": "39,544", "Operating Expense": "65,354", "Operating Income": "-25,810", "Net Non Operating Interest Income Expense": "-7,986", "Other Income Expense": "27,868", "Pretax Income": "-5,928", "Tax Provision": "1,431", "Net Income Common Stockholders": "-7,359", "Diluted NI Available to Com Stockholders": "-7,359", "Basic EPS": "-", "Diluted EPS": "-", "Basic Average Shares": "-", "Diluted Average Shares": "-", "Total Operating Income as Reported": "-21,989", "Total Expenses": "278,307", "Net Income from Continuing & Discontinued Operation": "-7,359", "Normalized Income": "-10,167", "Interest Income": "2", "Interest Expense": "7,988", "Net Interest Income": "-7,986", "EBIT": "2,060", "EBITDA": "-", "Reconciled Cost of Revenue": "205,158", "Reconciled Depreciation": "14,034", "Net Income from Continuing Operation Net Minority Interest": "-7,359", "Total Unusual Items Excluding Goodwill": "3,821", "Total Unusual Items": "3,821", "Normalized EBITDA": "12,273", "Tax Rate for Calcs": "0", "Tax Effect of Unusual Items": "1,013"}, "12/31/2019": {"Duration": "12/31/2019", "Total Revenue": "305,338", "Cost of Revenue": "237,086", "Gross Profit": "68,252", "Operating Expense": "90,669", "Operating Income": "-22,417", "Net Non Operating Interest Income Expense": "-3,200", "Other Income Expense": "27,765", "Pretax Income": "2,148", "Tax Provision": "1,960", "Net Income Common Stockholders": "41", "Diluted NI Available to Com Stockholders": "41", "Basic EPS": "0.00", "Diluted EPS": "0.00", "Basic Average Shares": "134,225", "Diluted Average Shares": "134,225", "Total Operating Income as Reported": "-21,393", "Total Expenses": "327,755", "Net Income from Continuing & Discontinued Operation": "41", "Normalized Income": "-564.64", "Interest Income": "4,065", "Interest Expense": "7,265", "Net Interest Income": "-3,200", "EBIT": "9,413", "EBITDA": "-", "Reconciled Cost of Revenue": "228,524", "Reconciled Depreciation": "16,340", "Net Income from Continuing Operation Net Minority Interest": "188", "Total Unusual Items Excluding Goodwill": "1,024", "Total Unusual Items": "1,024", "Normalized EBITDA": "24,729", "Tax Rate for Calcs": "0", "Tax Effect of Unusual Items": "271.36"}, "12/31/2018": {"Duration": "12/31/2018", "Total Revenue": "270,283", "Cost of Revenue": "206,059", "Gross Profit": "64,224", "Operating Expense": "106,441", "Operating Income": "-42,217", "Net Non Operating Interest Income Expense": "-8,668", "Other Income Expense": "12,227", "Pretax Income": "-38,658", "Tax Provision": "2,112", "Net Income Common Stockholders": "-31,492", "Diluted NI Available to Com Stockholders": "-31,492", "Basic EPS": "-0.24", "Diluted EPS": "-0.24", "Basic Average Shares": "132,371", "Diluted Average Shares": "132,371", "Total Operating Income as Reported": "-52,718", "Total Expenses": "312,500", "Net Income from Continuing & Discontinued Operation": "-31,492", "Normalized Income": "-33,052", "Interest Income": "465", "Interest Expense": "9,133", "Net Interest Income": "-8,668", "EBIT": "-29,525", "EBITDA": "-", "Reconciled Cost of Revenue": "198,373", "Reconciled Depreciation": "16,510", "Net Income from Continuing Operation Net Minority Interest": "-40,770", "Total Unusual Items Excluding Goodwill": "-10,501", "Total Unusual Items": "-10,501", "Normalized EBITDA": "-2,514", "Tax Rate for Calcs": "0", "Tax Effect of Unusual Items": "-2,783"}}, "bs": {"12/31/2020": {"Duration": "12/31/2020", "Total Assets": "346,263", "Total Liabilities Net Minority Interest": "242,204", "Total Equity Gross Minority Interest": "104,059", "Total Capitalization": "148,000", "Common Stock Equity": "104,059", "Capital Lease Obligations": "30,497", "Net Tangible Assets": "88,878", "Working Capital": "70,876", "Invested Capital": "186,922", "Tangible Book Value": "88,878", "Total Debt": "113,360", "Net Debt": "18,601", "Share Issued": "144,070", "Ordinary Shares Number": "144,070"}, "12/31/2019": {"Duration": "12/31/2019", "Total Assets": "279,926", "Total Liabilities Net Minority Interest": "190,567", "Total Equity Gross Minority Interest": "89,359", "Total Capitalization": "123,629", "Common Stock Equity": "89,359", "Capital Lease Obligations": "19,156", "Net Tangible Assets": "73,174", "Working Capital": "53,591", "Invested Capital": "136,606", "Tangible Book Value": "73,174", "Total Debt": "66,403", "Net Debt": "3,514", "Share Issued": "136,417", "Ordinary Shares Number": "136,417"}, "12/31/2018": {"Duration": "12/31/2018", "Total Assets": "269,928", "Total Liabilities Net Minority Interest": "179,252", "Total Equity Gross Minority Interest": "90,676", "Total Capitalization": "135,659", "Common Stock Equity": "90,676", "Capital Lease Obligations": "-", "Net Tangible Assets": "70,677", "Working Capital": "63,144", "Invested Capital": "145,986", "Tangible Book Value": "70,677", "Total Debt": "55,310", "Net Debt": "-", "Share Issued": "133,381", "Ordinary Shares Number": "133,381"}}, "cf": {"TTM": {"Duration": "TTM", "Operating Cash Flow": "-35,149", "Investing Cash Flow": "13,842", "Financing Cash Flow": "39,691", "Cash Flow from Discontinued Operation": "0", "End Cash Position": "64,262", "Income Tax Paid Supplemental Data": "1,374", "Interest Paid Supplemental Data": "4,699", "Capital Expenditure": "-7,123", "Issuance of Capital Stock": "13,904", "Issuance of Debt": "85,258", "Repayment of Debt": "-59,471", "Free Cash Flow": "-42,272"}, "12/31/2020": {"Duration": "12/31/2020", "Operating Cash Flow": "-35,149", "Investing Cash Flow": "13,842", "Financing Cash Flow": "39,691", "Cash Flow from Discontinued Operation": "0", "End Cash Position": "64,262", "Income Tax Paid Supplemental Data": "1,374", "Interest Paid Supplemental Data": "4,699", "Capital Expenditure": "-7,123", "Issuance of Capital Stock": "13,904", "Issuance of Debt": "85,258", "Repayment of Debt": "-59,471", "Free Cash Flow": "-42,272"}, "12/31/2019": {"Duration": "12/31/2019", "Operating Cash Flow": "-15,685", "Investing Cash Flow": "16,185", "Financing Cash Flow": "-14,764", "Cash Flow from Discontinued Operation": "-147", "End Cash Position": "46,012", "Income Tax Paid Supplemental Data": "1,926", "Interest Paid Supplemental Data": "3,953", "Capital Expenditure": "-8,860", "Issuance of Capital Stock": "0", "Issuance of Debt": "25,081", "Repayment of Debt": "-39,845", "Free Cash Flow": "-24,545"}, "12/31/2018": {"Duration": "12/31/2018", "Operating Cash Flow": "-27,437", "Investing Cash Flow": "19,886", "Financing Cash Flow": "-8,142", "Cash Flow from Discontinued Operation": "12,615", "End Cash Position": "61,119", "Income Tax Paid Supplemental Data": "540", "Interest Paid Supplemental Data": "4,039", "Capital Expenditure": "-10,273", "Issuance of Capital Stock": "0", "Issuance of Debt": "12,612", "Repayment of Debt": "-20,754", "Free Cash Flow": "-37,710"}}}}, {"SUP": {"quote": {"03/21/2021": {"value": "6.24", "Market Cap": "159.693M", "Beta (5Y Monthly)": "4.92", "PE Ratio (TTM)": "N/A", "EPS (TTM)": "-10.81", "Earnings Date": "Mar 05, 2021", "Forward Dividend & Yield": "N/A (N/A)", "Ex-Dividend Date": "Jul 03, 2019", "1y Target Est": "12.50"}}, "fin": {"TTM": {"Duration": "TTM", "Total Revenue": "1,441,029", "Cost of Revenue": "1,315,561", "Gross Profit": "125,468", "Operating Expense": "63,828", "Operating Income": "61,640", "Net Non Operating Interest Income Expense": "-47,320", "Other Income Expense": "10,209", "Pretax Income": "23,637", "Tax Provision": "12,876", "Net Income Common Stockholders": "-370,253", "Diluted NI Available to Com Stockholders": "-5,886", "Basic EPS": "-", "Diluted EPS": "-", "Basic Average Shares": "-", "Diluted Average Shares": "-", "Total Operating Income as Reported": "61,640", "Total Expenses": "1,379,389", "Net Income from Continuing & Discontinued Operation": "10,761", "Normalized Income": "5,919", "Interest Expense": "45,418", "Net Interest Income": "-47,320", "EBIT": "61,640", "EBITDA": "162,264", "Reconciled Cost of Revenue": "1,064,977", "Reconciled Depreciation": "100,624", "Net Income from Continuing Operation Net Minority Interest": "10,761", "Total Unusual Items Excluding Goodwill": "6,633", "Total Unusual Items": "6,633", "Normalized EBITDA": "188,515", "Tax Rate for Calcs": "0", "Tax Effect of Unusual Items": "1,791"}, "12/31/2020": {"Duration": "12/31/2020", "Total Revenue": "1,100,760", "Cost of Revenue": "1,035,134", "Gross Profit": "65,626", "Operating Expense": "52,420", "Operating Income": "13,206", "Net Non Operating Interest Income Expense": "-45,418", "Other Income Expense": "-196,468", "Pretax Income": "-228,680", "Tax Provision": "14,881", "Net Income Common Stockholders": "-275,760", "Diluted NI Available to Com Stockholders": "-275,760", "Basic EPS": "-10.81", "Diluted EPS": "-10.81", "Basic Average Shares": "25,498", "Diluted Average Shares": "25,498", "Total Operating Income as Reported": "-180,435", "Total Expenses": "1,087,554", "Net Income from Continuing & Discontinued Operation": "-243,561", "Normalized Income": "-102,203", "Interest Expense": "45,418", "Net Interest Income": "-45,418", "EBIT": "-183,262", "EBITDA": "-", "Reconciled Cost of Revenue": "1,035,134", "Reconciled Depreciation": "98,178", "Net Income from Continuing Operation Net Minority Interest": "-243,561", "Total Unusual Items Excluding Goodwill": "-193,641", "Total Unusual Items": "-193,641", "Normalized EBITDA": "108,557", "Tax Rate for Calcs": "0", "Tax Effect of Unusual Items": "-52,283"}, "12/31/2019": {"Duration": "12/31/2019", "Total Revenue": "1,372,487", "Cost of Revenue": "1,256,425", "Gross Profit": "116,062", "Operating Expense": "63,883", "Operating Income": "52,179", "Net Non Operating Interest Income Expense": "-47,011", "Other Income Expense": "-98,205", "Pretax Income": "-93,037", "Tax Provision": "3,423", "Net Income Common Stockholders": "-128,003", "Diluted NI Available to Com Stockholders": "-128,003", "Basic EPS": "-5.10", "Diluted EPS": "-5.10", "Basic Average Shares": "25,099", "Diluted Average Shares": "25,099", "Total Operating Income as Reported": "-50,059", "Total Expenses": "1,320,308", "Net Income from Continuing & Discontinued Operation": "-96,460", "Normalized Income": "2,748", "Interest Expense": "-", "Net Interest Income": "-47,011", "EBIT": "52,179", "EBITDA": "-", "Reconciled Cost of Revenue": "1,256,425", "Reconciled Depreciation": "100,722", "Net Income from Continuing Operation Net Minority Interest": "-96,460", "Total Unusual Items Excluding Goodwill": "-103,020", "Total Unusual Items": "-103,020", "Normalized EBITDA": "255,921", "Tax Rate for Calcs": "0", "Tax Effect of Unusual Items": "-3,812"}, "12/31/2018": {"Duration": "12/31/2018", "Total Revenue": "1,501,827", "Cost of Revenue": "1,338,300", "Gross Profit": "163,527", "Operating Expense": "77,722", "Operating Income": "85,805", "Net Non Operating Interest Income Expense": "-50,097", "Other Income Expense": "-3,456", "Pretax Income": "32,252", "Tax Provision": "6,291", "Net Income Common Stockholders": "7,244", "Diluted NI Available to Com Stockholders": "7,244", "Basic EPS": "0.29", "Diluted EPS": "0.29", "Basic Average Shares": "24,994", "Diluted Average Shares": "25,155", "Total Operating Income as Reported": "85,805", "Total Expenses": "1,416,022", "Net Income from Continuing & Discontinued Operation": "25,961", "Normalized Income": "23,160", "Interest Expense": "-", "Net Interest Income": "-50,097", "EBIT": "85,805", "EBITDA": "-", "Reconciled Cost of Revenue": "1,338,300", "Reconciled Depreciation": "95,056", "Net Income from Continuing Operation Net Minority Interest": "25,961", "Total Unusual Items Excluding Goodwill": "3,480", "Total Unusual Items": "3,480", "Normalized EBITDA": "177,381", "Tax Rate for Calcs": "0", "Tax Effect of Unusual Items": "678.6"}}, "bs": {"12/31/2020": {"Duration": "12/31/2020", "Total Assets": "1,109,325", "Total Liabilities Net Minority Interest": "1,130,847", "Total Equity Gross Minority Interest": "-21,522", "Total Capitalization": "601,695", "Preferred Stock Equity": "-", "Common Stock Equity": "-21,522", "Capital Lease Obligations": "6,256", "Net Tangible Assets": "-132,318", "Working Capital": "152,519", "Invested Capital": "606,694", "Tangible Book Value": "-132,318", "Total Debt": "634,472", "Net Debt": "475,793", "Share Issued": "25,592", "Ordinary Shares Number": "25,592"}, "12/31/2019": {"Duration": "12/31/2019", "Total Assets": "1,311,867", "Total Liabilities Net Minority Interest": "1,060,177", "Total Equity Gross Minority Interest": "251,690", "Total Capitalization": "862,715", "Preferred Stock Equity": "160,980", "Common Stock Equity": "251,690", "Capital Lease Obligations": "-", "Net Tangible Assets": "-70,220", "Working Capital": "163,073", "Invested Capital": "866,725", "Tangible Book Value": "-70,220", "Total Debt": "615,035", "Net Debt": "537,108", "Share Issued": "25,128", "Ordinary Shares Number": "25,128"}, "12/31/2018": {"Duration": "12/31/2018", "Total Assets": "1,451,616", "Total Liabilities Net Minority Interest": "1,078,351", "Total Equity Gross Minority Interest": "373,265", "Total Capitalization": "1,034,691", "Preferred Stock Equity": "144,463", "Common Stock Equity": "373,265", "Capital Lease Obligations": "-", "Net Tangible Assets": "-86,538", "Working Capital": "191,958", "Invested Capital": "1,037,743", "Tangible Book Value": "-86,538", "Total Debt": "664,478", "Net Debt": "617,014", "Share Issued": "25,019", "Ordinary Shares Number": "25,019"}}, "cf": {"TTM": {"Duration": "TTM", "Operating Cash Flow": "194,127", "Investing Cash Flow": "-59,584", "Financing Cash Flow": "-93,126", "End Cash Position": "52,901", "Capital Expenditure": "-69,815", "Issuance of Capital Stock": "-", "Issuance of Debt": "159,350", "Repayment of Debt": "-215,511", "Repurchase of Capital Stock": "-", "Free Cash Flow": "124,312"}, "12/31/2020": {"Duration": "12/31/2020", "Operating Cash Flow": "150,121", "Investing Cash Flow": "-44,179", "Financing Cash Flow": "-37,060", "End Cash Position": "152,423", "Capital Expenditure": "-45,038", "Issuance of Capital Stock": "-", "Issuance of Debt": "325,515", "Repayment of Debt": "-342,582", "Repurchase of Capital Stock": "-", "Free Cash Flow": "105,083"}, "12/31/2019": {"Duration": "12/31/2019", "Operating Cash Flow": "162,842", "Investing Cash Flow": "-54,663", "Financing Cash Flow": "-76,599", "End Cash Position": "77,927", "Capital Expenditure": "-64,294", "Issuance of Capital Stock": "0", "Issuance of Debt": "114,040", "Repayment of Debt": "-160,064", "Repurchase of Capital Stock": "0", "Free Cash Flow": "98,548"}, "12/31/2018": {"Duration": "12/31/2018", "Operating Cash Flow": "156,116", "Investing Cash Flow": "-77,097", "Financing Cash Flow": "-76,338", "End Cash Position": "47,464", "Capital Expenditure": "-77,697", "Issuance of Capital Stock": "0", "Issuance of Debt": "324,450", "Repayment of Debt": "-332,386", "Repurchase of Capital Stock": "0", "Free Cash Flow": "78,419"}}}}, {"SYPR": {"quote": {"03/21/2021": {"value": "4.1700", "Market Cap": "89.392M", "Beta (5Y Monthly)": "1.58", "PE Ratio (TTM)": "52.78", "EPS (TTM)": "0.0790", "Earnings Date": "Mar 18, 2021", "Forward Dividend & Yield": "N/A (N/A)", "Ex-Dividend Date": "Dec 17, 2014", "1y Target Est": "N/A"}}, "fin": {"TTM": {"Duration": "TTM", "Total Revenue": "82,346", "Cost of Revenue": "70,781", "Gross Profit": "11,565", "Operating Expense": "11,351", "Operating Income": "214", "Net Non Operating Interest Income Expense": "-838", "Other Income Expense": "-668", "Pretax Income": "-1,292", "Tax Provision": "-2,960", "Net Income Common Stockholders": "1,668", "Diluted NI Available to Com Stockholders": "1,668", "Basic EPS": "-", "Diluted EPS": "-", "Basic Average Shares": "-", "Diluted Average Shares": "-", "Total Operating Income as Reported": "90", "Total Expenses": "82,132", "Net Income from Continuing & Discontinued Operation": "1,668", "Normalized Income": "1,759", "Interest Expense": "838", "Net Interest Income": "-838", "EBIT": "-454", "EBITDA": "2,049", "Reconciled Cost of Revenue": "70,781", "Reconciled Depreciation": "2,503", "Net Income from Continuing Operation Net Minority Interest": "1,668", "Total Unusual Items Excluding Goodwill": "-124", "Total Unusual Items": "-124", "Normalized EBITDA": "2,173", "Tax Rate for Calcs": "0", "Tax Effect of Unusual Items": "-33.48"}, "12/31/2020": {"Duration": "12/31/2020", "Total Revenue": "82,346", "Cost of Revenue": "70,781", "Gross Profit": "11,565", "Operating Expense": "11,351", "Operating Income": "214", "Net Non Operating Interest Income Expense": "-838", "Other Income Expense": "-668", "Pretax Income": "-1,292", "Tax Provision": "-2,960", "Net Income Common Stockholders": "1,668", "Diluted NI Available to Com Stockholders": "1,668", "Basic EPS": "-", "Diluted EPS": "-", "Basic Average Shares": "-", "Diluted Average Shares": "-", "Total Operating Income as Reported": "90", "Total Expenses": "82,132", "Net Income from Continuing & Discontinued Operation": "1,668", "Normalized Income": "1,759", "Interest Expense": "838", "Net Interest Income": "-838", "EBIT": "-454", "EBITDA": "-", "Reconciled Cost of Revenue": "70,781", "Reconciled Depreciation": "2,503", "Net Income from Continuing Operation Net Minority Interest": "1,668", "Total Unusual Items Excluding Goodwill": "-124", "Total Unusual Items": "-124", "Normalized EBITDA": "2,173", "Tax Rate for Calcs": "0", "Tax Effect of Unusual Items": "-33.48"}, "12/31/2019": {"Duration": "12/31/2019", "Total Revenue": "87,891", "Cost of Revenue": "78,008", "Gross Profit": "9,883", "Operating Expense": "13,680", "Operating Income": "-3,797", "Net Non Operating Interest Income Expense": "-903", "Other Income Expense": "747", "Pretax Income": "-3,953", "Tax Provision": "-4", "Net Income Common Stockholders": "-3,949", "Diluted NI Available to Com Stockholders": "-3,949", "Basic EPS": "-0.19", "Diluted EPS": "-0.19", "Basic Average Shares": "20,865", "Diluted Average Shares": "20,865", "Total Operating Income as Reported": "-4,306", "Total Expenses": "91,688", "Net Income from Continuing & Discontinued Operation": "-3,949", "Normalized Income": "-3,441", "Interest Expense": "903", "Net Interest Income": "-903", "EBIT": "-3,050", "EBITDA": "-", "Reconciled Cost of Revenue": "78,008", "Reconciled Depreciation": "2,671", "Net Income from Continuing Operation Net Minority Interest": "-3,949", "Total Unusual Items Excluding Goodwill": "-509", "Total Unusual Items": "-509", "Normalized EBITDA": "130", "Tax Rate for Calcs": "0", "Tax Effect of Unusual Items": "-0.5151"}, "12/31/2018": {"Duration": "12/31/2018", "Total Revenue": "87,969", "Cost of Revenue": "80,397", "Gross Profit": "7,572", "Operating Expense": "10,474", "Operating Income": "-2,902", "Net Non Operating Interest Income Expense": "-850", "Other Income Expense": "42", "Pretax Income": "-3,710", "Tax Provision": "-205", "Net Income Common Stockholders": "-3,505", "Diluted NI Available to Com Stockholders": "-3,505", "Basic EPS": "-0.17", "Diluted EPS": "-0.17", "Basic Average Shares": "20,512", "Diluted Average Shares": "20,512", "Total Operating Income as Reported": "-4,296", "Total Expenses": "90,871", "Net Income from Continuing & Discontinued Operation": "-3,505", "Normalized Income": "-2,188", "Interest Expense": "850", "Net Interest Income": "-850", "EBIT": "-2,860", "EBITDA": "-", "Reconciled Cost of Revenue": "80,397", "Reconciled Depreciation": "2,648", "Net Income from Continuing Operation Net Minority Interest": "-3,505", "Total Unusual Items Excluding Goodwill": "-1,394", "Total Unusual Items": "-1,394", "Normalized EBITDA": "1,182", "Tax Rate for Calcs": "0", "Tax Effect of Unusual Items": "-77.027"}}, "bs": {"12/31/2020": {"Duration": "12/31/2020", "Total Assets": "60,708", "Total Liabilities Net Minority Interest": "45,933", "Total Equity Gross Minority Interest": "14,775", "Total Capitalization": "23,624", "Common Stock Equity": "14,775", "Capital Lease Obligations": "9,226", "Net Tangible Assets": "14,775", "Working Capital": "16,749", "Invested Capital": "24,810", "Tangible Book Value": "14,775", "Total Debt": "19,261", "Net Debt": "-", "Share Issued": "21,302", "Ordinary Shares Number": "21,301", "Treasury Shares Number": "1.236"}, "12/31/2019": {"Duration": "12/31/2019", "Total Assets": "60,056", "Total Liabilities Net Minority Interest": "46,625", "Total Equity Gross Minority Interest": "13,431", "Total Capitalization": "19,894", "Common Stock Equity": "13,431", "Capital Lease Obligations": "10,782", "Net Tangible Assets": "13,431", "Working Capital": "16,472", "Invested Capital": "19,894", "Tangible Book Value": "13,431", "Total Debt": "17,245", "Net Debt": "1,368", "Share Issued": "21,325", "Ordinary Shares Number": "21,298", "Treasury Shares Number": "26.192"}, "12/31/2018": {"Duration": "12/31/2018", "Total Assets": "61,568", "Total Liabilities Net Minority Interest": "46,734", "Total Equity Gross Minority Interest": "14,834", "Total Capitalization": "21,283", "Common Stock Equity": "14,834", "Capital Lease Obligations": "3,397", "Net Tangible Assets": "14,834", "Working Capital": "16,413", "Invested Capital": "21,283", "Tangible Book Value": "14,834", "Total Debt": "9,846", "Net Debt": "-", "Share Issued": "21,414", "Ordinary Shares Number": "21,398", "Treasury Shares Number": "16.192"}}, "cf": {"TTM": {"Duration": "TTM", "Operating Cash Flow": "3,648", "Investing Cash Flow": "427", "Financing Cash Flow": "2,740", "End Cash Position": "11,606", "Capital Expenditure": "-1,542", "Issuance of Debt": "3,558", "Repayment of Debt": "-715", "Repurchase of Capital Stock": "-103", "Free Cash Flow": "2,106"}, "12/31/2020": {"Duration": "12/31/2020", "Operating Cash Flow": "3,648", "Investing Cash Flow": "427", "Financing Cash Flow": "2,740", "End Cash Position": "11,606", "Capital Expenditure": "-1,542", "Issuance of Debt": "3,558", "Repayment of Debt": "-715", "Repurchase of Capital Stock": "-103", "Free Cash Flow": "2,106"}, "12/31/2019": {"Duration": "12/31/2019", "Operating Cash Flow": "-5,820", "Investing Cash Flow": "999", "Financing Cash Flow": "-788", "End Cash Position": "5,095", "Capital Expenditure": "-859", "Issuance of Debt": "-", "Repayment of Debt": "-632", "Repurchase of Capital Stock": "-156", "Free Cash Flow": "-6,679"}, "12/31/2018": {"Duration": "12/31/2018", "Operating Cash Flow": "1,892", "Investing Cash Flow": "1,604", "Financing Cash Flow": "-936", "End Cash Position": "10,704", "Capital Expenditure": "-2,051", "Issuance of Debt": "-", "Repayment of Debt": "-829", "Repurchase of Capital Stock": "-107", "Free Cash Flow": "-159"}}}}, {"TEN": {"quote": {"03/21/2021": {"value": "11.27", "Market Cap": "923.517M", "Beta (5Y Monthly)": "2.73", "PE Ratio (TTM)": "N/A", "EPS (TTM)": "-18.69", "Earnings Date": "May 06, 2021 - May 10, 2021", "Forward Dividend & Yield": "N/A (N/A)", "Ex-Dividend Date": "Mar 04, 2019", "1y Target Est": "11.50"}}, "fin": {"TTM": {"Duration": "TTM", "Total Revenue": "15,379,000", "Cost of Revenue": "13,402,000", "Gross Profit": "1,977,000", "Operating Expense": "1,801,000", "Operating Income": "176,000", "Net Non Operating Interest Income Expense": "-277,000", "Other Income Expense": "-900,000", "Pretax Income": "-1,001,000", "Tax Provision": "459,000", "Net Income Common Stockholders": "-1,521,000", "Diluted NI Available to Com Stockholders": "-1,521,000", "Basic EPS": "-", "Diluted EPS": "-", "Basic Average Shares": "-", "Diluted Average Shares": "-", "Total Expenses": "15,203,000", "Net Income from Continuing & Discontinued Operation": "-1,521,000", "Normalized Income": "-788,810", "Interest Expense": "277,000", "Net Interest Income": "-277,000", "EBIT": "-724,000", "EBITDA": "-85,000", "Reconciled Cost of Revenue": "13,402,000", "Reconciled Depreciation": "639,000", "Net Income from Continuing Operation Net Minority Interest": "-1,521,000", "Total Unusual Items Excluding Goodwill": "-1,003,000", "Total Unusual Items": "-1,003,000", "Normalized EBITDA": "918,000", "Tax Rate for Calcs": "0", "Tax Effect of Unusual Items": "-270,810"}, "12/31/2020": {"Duration": "12/31/2020", "Total Revenue": "15,379,000", "Cost of Revenue": "13,402,000", "Gross Profit": "1,977,000", "Operating Expense": "1,801,000", "Operating Income": "176,000", "Net Non Operating Interest Income Expense": "-277,000", "Other Income Expense": "-900,000", "Pretax Income": "-1,001,000", "Tax Provision": "459,000", "Net Income Common Stockholders": "-1,521,000", "Diluted NI Available to Com Stockholders": "-1,521,000", "Basic EPS": "-18.69", "Diluted EPS": "-18.69", "Basic Average Shares": "81,378", "Diluted Average Shares": "81,378", "Total Expenses": "15,203,000", "Net Income from Continuing & Discontinued Operation": "-1,521,000", "Normalized Income": "-788,810", "Interest Expense": "277,000", "Net Interest Income": "-277,000", "EBIT": "-724,000", "EBITDA": "-", "Reconciled Cost of Revenue": "13,402,000", "Reconciled Depreciation": "639,000", "Net Income from Continuing Operation Net Minority Interest": "-1,521,000", "Total Unusual Items Excluding Goodwill": "-1,003,000", "Total Unusual Items": "-1,003,000", "Normalized EBITDA": "918,000", "Tax Rate for Calcs": "0", "Tax Effect of Unusual Items": "-270,810"}, "12/31/2019": {"Duration": "12/31/2019", "Total Revenue": "17,450,000", "Cost of Revenue": "14,912,000", "Gross Profit": "2,538,000", "Operating Expense": "2,135,000", "Operating Income": "403,000", "Net Non Operating Interest Income Expense": "-322,000", "Other Income Expense": "-282,000", "Pretax Income": "-201,000", "Tax Provision": "19,000", "Net Income Common Stockholders": "-334,000", "Diluted NI Available to Com Stockholders": "-334,000", "Basic EPS": "-3.88", "Diluted EPS": "-3.88", "Basic Average Shares": "80,900", "Diluted Average Shares": "80,900", "Total Expenses": "17,047,000", "Net Income from Continuing & Discontinued Operation": "-334,000", "Normalized Income": "-66,090", "Interest Expense": "322,000", "Net Interest Income": "-322,000", "EBIT": "121,000", "EBITDA": "-", "Reconciled Cost of Revenue": "14,912,000", "Reconciled Depreciation": "673,000", "Net Income from Continuing Operation Net Minority Interest": "-334,000", "Total Unusual Items Excluding Goodwill": "-367,000", "Total Unusual Items": "-367,000", "Normalized EBITDA": "1,161,000", "Tax Rate for Calcs": "0", "Tax Effect of Unusual Items": "-99,090"}, "12/31/2018": {"Duration": "12/31/2018", "Total Revenue": "11,763,000", "Cost of Revenue": "10,071,000", "Gross Profit": "1,692,000", "Operating Expense": "1,343,000", "Operating Income": "349,000", "Net Non Operating Interest Income Expense": "-132,000", "Other Income Expense": "-43,000", "Pretax Income": "174,000", "Tax Provision": "63,000", "Net Income Common Stockholders": "55,000", "Diluted NI Available to Com Stockholders": "55,000", "Basic EPS": "0.93", "Diluted EPS": "0.93", "Basic Average Shares": "58,600", "Diluted Average Shares": "58,800", "Total Expenses": "11,414,000", "Net Income from Continuing & Discontinued Operation": "55,000", "Normalized Income": "73,500", "Interest Expense": "132,000", "Net Interest Income": "-132,000", "EBIT": "306,000", "EBITDA": "-", "Reconciled Cost of Revenue": "10,071,000", "Reconciled Depreciation": "345,000", "Net Income from Continuing Operation Net Minority Interest": "55,000", "Total Unusual Items Excluding Goodwill": "-29,000", "Total Unusual Items": "-29,000", "Normalized EBITDA": "680,000", "Tax Rate for Calcs": "0", "Tax Effect of Unusual Items": "-10,500"}}, "bs": {"12/31/2020": {"Duration": "12/31/2020", "Total Assets": "11,852,000", "Total Liabilities Net Minority Interest": "11,671,000", "Total Equity Gross Minority Interest": "181,000", "Total Capitalization": "5,052,000", "Common Stock Equity": "-119,000", "Capital Lease Obligations": "95,000", "Net Tangible Assets": "-1,821,000", "Working Capital": "1,007,000", "Invested Capital": "5,214,000", "Tangible Book Value": "-1,821,000", "Total Debt": "5,428,000", "Net Debt": "4,535,000", "Share Issued": "96,023", "Ordinary Shares Number": "81,430", "Treasury Shares Number": "14,593"}, "12/31/2019": {"Duration": "12/31/2019", "Total Assets": "13,226,000", "Total Liabilities Net Minority Interest": "11,607,000", "Total Equity Gross Minority Interest": "1,619,000", "Total Capitalization": "6,796,000", "Common Stock Equity": "1,425,000", "Capital Lease Obligations": "96,000", "Net Tangible Assets": "-772,000", "Working Capital": "1,436,000", "Invested Capital": "6,981,000", "Tangible Book Value": "-772,000", "Total Debt": "5,652,000", "Net Debt": "4,992,000", "Share Issued": "95,521", "Ordinary Shares Number": "80,928", "Treasury Shares Number": "14,593"}, "12/31/2018": {"Duration": "12/31/2018", "Total Assets": "13,232,000", "Total Liabilities Net Minority Interest": "11,316,000", "Total Equity Gross Minority Interest": "1,916,000", "Total Capitalization": "7,066,000", "Common Stock Equity": "1,726,000", "Capital Lease Obligations": "-", "Net Tangible Assets": "-662,000", "Working Capital": "1,789,000", "Invested Capital": "7,219,000", "Tangible Book Value": "-662,000", "Total Debt": "5,493,000", "Net Debt": "4,796,000", "Share Issued": "95,469", "Ordinary Shares Number": "80,876", "Treasury Shares Number": "14,593"}}, "cf": {"TTM": {"Duration": "TTM", "Operating Cash Flow": "629,000", "Investing Cash Flow": "-57,000", "Financing Cash Flow": "-358,000", "End Cash Position": "803,000", "Income Tax Paid Supplemental Data": "154,000", "Interest Paid Supplemental Data": "246,000", "Capital Expenditure": "-394,000", "Issuance of Debt": "6,774,000", "Repayment of Debt": "-7,104,000", "Repurchase of Capital Stock": "-1,000", "Free Cash Flow": "235,000"}, "12/31/2020": {"Duration": "12/31/2020", "Operating Cash Flow": "629,000", "Investing Cash Flow": "-57,000", "Financing Cash Flow": "-358,000", "End Cash Position": "803,000", "Income Tax Paid Supplemental Data": "154,000", "Interest Paid Supplemental Data": "246,000", "Capital Expenditure": "-394,000", "Issuance of Debt": "6,774,000", "Repayment of Debt": "-7,104,000", "Repurchase of Capital Stock": "-1,000", "Free Cash Flow": "235,000"}, "12/31/2019": {"Duration": "12/31/2019", "Operating Cash Flow": "444,000", "Investing Cash Flow": "-606,000", "Financing Cash Flow": "3,000", "End Cash Position": "566,000", "Income Tax Paid Supplemental Data": "177,000", "Interest Paid Supplemental Data": "284,000", "Capital Expenditure": "-744,000", "Issuance of Debt": "9,320,000", "Repayment of Debt": "-9,238,000", "Repurchase of Capital Stock": "-2,000", "Free Cash Flow": "-300,000"}, "12/31/2018": {"Duration": "12/31/2018", "Operating Cash Flow": "439,000", "Investing Cash Flow": "-2,514,000", "Financing Cash Flow": "2,476,000", "End Cash Position": "702,000", "Income Tax Paid Supplemental Data": "113,000", "Interest Paid Supplemental Data": "143,000", "Capital Expenditure": "-507,000", "Issuance of Debt": "5,149,000", "Repayment of Debt": "-2,432,000", "Repurchase of Capital Stock": "-1,000", "Free Cash Flow": "-68,000"}}}}, {"SRI": {"quote": {"03/21/2021": {"value": "35.26", "Market Cap": "952.207M", "Beta (5Y Monthly)": "1.53", "PE Ratio (TTM)": "N/A", "EPS (TTM)": "-0.29", "Earnings Date": "May 04, 2021 - May 10, 2021", "Forward Dividend & Yield": "N/A (N/A)", "Ex-Dividend Date": "N/A", "1y Target Est": "41.00"}}, "fin": {"TTM": {"Duration": "TTM", "Total Revenue": "834,289", "Cost of Revenue": "620,556", "Gross Profit": "213,733", "Operating Expense": "142,452", "Operating Income": "71,281", "Net Non Operating Interest Income Expense": "-4,324", "Other Income Expense": "1,436", "Pretax Income": "68,393", "Tax Provision": "8,102", "Net Income Common Stockholders": "60,291", "Diluted NI Available to Com Stockholders": "60,291", "Basic EPS": "-", "Diluted EPS": "-", "Basic Average Shares": "-", "Diluted Average Shares": "-", "Total Operating Income as Reported": "71,281", "Total Expenses": "763,008", "Net Income from Continuing & Discontinued Operation": "60,291", "Normalized Income": "60,291", "Interest Expense": "6,124", "Net Interest Income": "-4,324", "EBIT": "71,281", "EBITDA": "102,764", "Reconciled Cost of Revenue": "620,556", "Reconciled Depreciation": "31,483", "Net Income from Continuing Operation Net Minority Interest": "60,291", "Total Unusual Items": "-", "Normalized EBITDA": "102,764", "Tax Rate for Calcs": "0", "Tax Effect of Unusual Items": "0"}, "12/31/2020": {"Duration": "12/31/2020", "Total Revenue": "648,006", "Cost of Revenue": "493,810", "Gross Profit": "154,196", "Operating Expense": "161,860", "Operating Income": "-7,664", "Net Non Operating Interest Income Expense": "-6,124", "Other Income Expense": "3,064", "Pretax Income": "-10,724", "Tax Provision": "-2,774", "Net Income Common Stockholders": "-7,950", "Diluted NI Available to Com Stockholders": "-7,950", "Basic EPS": "-", "Diluted EPS": "-", "Basic Average Shares": "-", "Diluted Average Shares": "-", "Total Operating Income as Reported": "-7,664", "Total Expenses": "655,670", "Net Income from Continuing & Discontinued Operation": "-7,950", "Normalized Income": "-7,950", "Interest Expense": "6,124", "Net Interest Income": "-6,124", "EBIT": "-4,600", "EBITDA": "-", "Reconciled Cost of Revenue": "493,810", "Reconciled Depreciation": "33,235", "Net Income from Continuing Operation Net Minority Interest": "-7,950", "Total Unusual Items": "-", "Normalized EBITDA": "28,635", "Tax Rate for Calcs": "0", "Tax Effect of Unusual Items": "0"}, "12/31/2019": {"Duration": "12/31/2019", "Total Revenue": "834,289", "Cost of Revenue": "620,556", "Gross Profit": "213,733", "Operating Expense": "142,452", "Operating Income": "71,281", "Net Non Operating Interest Income Expense": "-4,324", "Other Income Expense": "1,436", "Pretax Income": "68,393", "Tax Provision": "8,102", "Net Income Common Stockholders": "60,291", "Diluted NI Available to Com Stockholders": "60,291", "Basic EPS": "2.17", "Diluted EPS": "2.13", "Basic Average Shares": "27,792", "Diluted Average Shares": "28,270", "Total Operating Income as Reported": "71,281", "Total Expenses": "763,008", "Net Income from Continuing & Discontinued Operation": "60,291", "Normalized Income": "60,291", "Interest Expense": "4,324", "Net Interest Income": "-4,324", "EBIT": "72,717", "EBITDA": "-", "Reconciled Cost of Revenue": "620,556", "Reconciled Depreciation": "31,483", "Net Income from Continuing Operation Net Minority Interest": "60,291", "Total Unusual Items": "-", "Normalized EBITDA": "104,200", "Tax Rate for Calcs": "0", "Tax Effect of Unusual Items": "0"}, "12/31/2018": {"Duration": "12/31/2018", "Total Revenue": "866,199", "Cost of Revenue": "609,568", "Gross Profit": "256,631", "Operating Expense": "189,627", "Operating Income": "67,004", "Net Non Operating Interest Income Expense": "-4,720", "Other Income Expense": "2,774", "Pretax Income": "65,058", "Tax Provision": "11,210", "Net Income Common Stockholders": "53,848", "Diluted NI Available to Com Stockholders": "53,848", "Basic EPS": "1.90", "Diluted EPS": "1.85", "Basic Average Shares": "28,402", "Diluted Average Shares": "29,080", "Total Operating Income as Reported": "67,004", "Total Expenses": "799,195", "Net Income from Continuing & Discontinued Operation": "53,848", "Normalized Income": "53,848", "Interest Expense": "4,720", "Net Interest Income": "-4,720", "EBIT": "69,778", "EBITDA": "-", "Reconciled Cost of Revenue": "609,568", "Reconciled Depreciation": "29,517", "Net Income from Continuing Operation Net Minority Interest": "53,848", "Total Unusual Items": "-", "Normalized EBITDA": "99,295", "Tax Rate for Calcs": "0", "Tax Effect of Unusual Items": "0"}}, "bs": {"12/31/2020": {"Duration": "12/31/2020", "Total Assets": "621,408", "Total Liabilities Net Minority Interest": "324,774", "Total Equity Gross Minority Interest": "296,634", "Total Capitalization": "432,634", "Common Stock Equity": "296,634", "Capital Lease Obligations": "15,434", "Net Tangible Assets": "202,136", "Working Capital": "188,616", "Invested Capital": "440,307", "Tangible Book Value": "202,136", "Total Debt": "159,107", "Net Debt": "69,754", "Share Issued": "28,966", "Ordinary Shares Number": "27,006", "Treasury Shares Number": "1,960"}, "12/31/2019": {"Duration": "12/31/2019", "Total Assets": "602,209", "Total Liabilities Net Minority Interest": "312,305", "Total Equity Gross Minority Interest": "289,904", "Total Capitalization": "416,358", "Common Stock Equity": "289,904", "Capital Lease Obligations": "17,971", "Net Tangible Assets": "195,908", "Working Capital": "192,670", "Invested Capital": "419,030", "Tangible Book Value": "195,908", "Total Debt": "147,097", "Net Debt": "59,723", "Share Issued": "28,966", "Ordinary Shares Number": "27,408", "Treasury Shares Number": "1,558"}, "12/31/2018": {"Duration": "12/31/2018", "Total Assets": "559,519", "Total Liabilities Net Minority Interest": "276,253", "Total Equity Gross Minority Interest": "283,266", "Total Capitalization": "380,249", "Common Stock Equity": "283,266", "Capital Lease Obligations": "-", "Net Tangible Assets": "184,517", "Working Capital": "172,870", "Invested Capital": "381,782", "Tangible Book Value": "184,517", "Total Debt": "98,516", "Net Debt": "17,424", "Share Issued": "28,966", "Ordinary Shares Number": "28,488", "Treasury Shares Number": "478"}}, "cf": {"TTM": {"Duration": "TTM", "Operating Cash Flow": "24,505", "Investing Cash Flow": "-6,299", "Financing Cash Flow": "-28,258", "End Cash Position": "69,403", "Income Tax Paid Supplemental Data": "12,222", "Interest Paid Supplemental Data": "4,401", "Capital Expenditure": "-39,467", "Issuance of Debt": "114,208", "Repayment of Debt": "-83,587", "Repurchase of Capital Stock": "-54,119", "Free Cash Flow": "-14,962"}, "12/31/2020": {"Duration": "12/31/2020", "Operating Cash Flow": "28,641", "Investing Cash Flow": "-33,885", "Financing Cash Flow": "6,513", "End Cash Position": "73,919", "Income Tax Paid Supplemental Data": "-", "Interest Paid Supplemental Data": "5,620", "Capital Expenditure": "-32,462", "Issuance of Debt": "112,604", "Repayment of Debt": "-98,249", "Repurchase of Capital Stock": "-6,768", "Free Cash Flow": "-3,821"}, "12/31/2019": {"Duration": "12/31/2019", "Operating Cash Flow": "24,505", "Investing Cash Flow": "-6,299", "Financing Cash Flow": "-28,258", "End Cash Position": "69,403", "Income Tax Paid Supplemental Data": "12,222", "Interest Paid Supplemental Data": "4,401", "Capital Expenditure": "-39,467", "Issuance of Debt": "114,208", "Repayment of Debt": "-83,587", "Repurchase of Capital Stock": "-54,119", "Free Cash Flow": "-14,962"}, "12/31/2018": {"Duration": "12/31/2018", "Operating Cash Flow": "80,772", "Investing Cash Flow": "-27,950", "Financing Cash Flow": "-33,870", "End Cash Position": "81,092", "Income Tax Paid Supplemental Data": "13,213", "Interest Paid Supplemental Data": "4,997", "Capital Expenditure": "-29,027", "Issuance of Debt": "27,915", "Repayment of Debt": "-57,571", "Repurchase of Capital Stock": "-4,214", "Free Cash Flow": "51,745"}}}}, {"MTOR": {"quote": {"03/21/2021": {"value": "31.39", "Market Cap": "2.277B", "Beta (5Y Monthly)": "2.19", "PE Ratio (TTM)": "9.70", "EPS (TTM)": "3.24", "Earnings Date": "Apr 28, 2021 - May 03, 2021", "Forward Dividend & Yield": "N/A (N/A)", "Ex-Dividend Date": "Nov 20, 2008", "1y Target Est": "33.00"}}, "fin": {"TTM": {"Duration": "TTM", "Total Revenue": "3,032,000", "Cost of Revenue": "2,716,000", "Gross Profit": "316,000", "Operating Expense": "-7,000", "Operating Income": "323,000", "Net Non Operating Interest Income Expense": "-80,000", "Other Income Expense": "69,000", "Pretax Income": "312,000", "Tax Provision": "72,000", "Net Income Common Stockholders": "238,000", "Diluted NI Available to Com Stockholders": "238,000", "Basic EPS": "-", "Diluted EPS": "-", "Basic Average Shares": "-", "Diluted Average Shares": "-", "Total Operating Income as Reported": "323,000", "Total Expenses": "2,709,000", "Net Income from Continuing & Discontinued Operation": "238,000", "Normalized Income": "237,000", "Interest Expense": "80,000", "Net Interest Income": "-80,000", "EBIT": "392,000", "EBITDA": "496,000", "Reconciled Cost of Revenue": "2,716,000", "Reconciled Depreciation": "104,000", "Net Income from Continuing Operation Net Minority Interest": "237,000", "Total Unusual Items Excluding Goodwill": "-", "Total Unusual Items": "-", "Normalized EBITDA": "496,000", "Tax Rate for Calcs": "0", "Tax Effect of Unusual Items": "0"}, "9/30/2020": {"Duration": "9/30/2020", "Total Revenue": "3,044,000", "Cost of Revenue": "2,716,000", "Gross Profit": "328,000", "Operating Expense": "-4,000", "Operating Income": "332,000", "Net Non Operating Interest Income Expense": "-66,000", "Other Income Expense": "60,000", "Pretax Income": "326,000", "Tax Provision": "78,000", "Net Income Common Stockholders": "245,000", "Diluted NI Available to Com Stockholders": "245,000", "Basic EPS": "3.31", "Diluted EPS": "3.24", "Basic Average Shares": "74,000", "Diluted Average Shares": "75,600", "Total Operating Income as Reported": "332,000", "Total Expenses": "2,712,000", "Net Income from Continuing & Discontinued Operation": "245,000", "Normalized Income": "244,000", "Interest Expense": "66,000", "Net Interest Income": "-66,000", "EBIT": "392,000", "EBITDA": "-", "Reconciled Cost of Revenue": "2,716,000", "Reconciled Depreciation": "101,000", "Net Income from Continuing Operation Net Minority Interest": "244,000", "Total Unusual Items Excluding Goodwill": "-", "Total Unusual Items": "-", "Normalized EBITDA": "493,000", "Tax Rate for Calcs": "0", "Tax Effect of Unusual Items": "0"}, "9/30/2019": {"Duration": "9/30/2019", "Total Revenue": "4,388,000", "Cost of Revenue": "3,748,000", "Gross Profit": "640,000", "Operating Expense": "263,000", "Operating Income": "377,000", "Net Non Operating Interest Income Expense": "-57,000", "Other Income Expense": "57,000", "Pretax Income": "377,000", "Tax Provision": "82,000", "Net Income Common Stockholders": "291,000", "Diluted NI Available to Com Stockholders": "291,000", "Basic EPS": "3.57", "Diluted EPS": "3.37", "Basic Average Shares": "81,400", "Diluted Average Shares": "86,300", "Total Operating Income as Reported": "363,000", "Total Expenses": "4,011,000", "Net Income from Continuing & Discontinued Operation": "291,000", "Normalized Income": "300,955", "Interest Expense": "57,000", "Net Interest Income": "-57,000", "EBIT": "434,000", "EBITDA": "-", "Reconciled Cost of Revenue": "3,748,000", "Reconciled Depreciation": "87,000", "Net Income from Continuing Operation Net Minority Interest": "290,000", "Total Unusual Items Excluding Goodwill": "-14,000", "Total Unusual Items": "-14,000", "Normalized EBITDA": "535,000", "Tax Rate for Calcs": "0", "Tax Effect of Unusual Items": "-3,045"}, "9/30/2018": {"Duration": "9/30/2018", "Total Revenue": "4,178,000", "Cost of Revenue": "3,524,000", "Gross Profit": "654,000", "Operating Expense": "326,000", "Operating Income": "328,000", "Net Non Operating Interest Income Expense": "-67,000", "Other Income Expense": "17,000", "Pretax Income": "278,000", "Tax Provision": "149,000", "Net Income Common Stockholders": "117,000", "Diluted NI Available to Com Stockholders": "117,000", "Basic EPS": "1.38", "Diluted EPS": "1.28", "Basic Average Shares": "84,900", "Diluted Average Shares": "91,200", "Total Operating Income as Reported": "317,000", "Total Expenses": "3,850,000", "Net Income from Continuing & Discontinued Operation": "117,000", "Normalized Income": "128,030", "Interest Expense": "67,000", "Net Interest Income": "-67,000", "EBIT": "345,000", "EBITDA": "-", "Reconciled Cost of Revenue": "3,524,000", "Reconciled Depreciation": "84,000", "Net Income from Continuing Operation Net Minority Interest": "120,000", "Total Unusual Items Excluding Goodwill": "-11,000", "Total Unusual Items": "-11,000", "Normalized EBITDA": "440,000", "Tax Rate for Calcs": "0", "Tax Effect of Unusual Items": "-2,970"}}, "bs": {"9/30/2020": {"Duration": "9/30/2020", "Total Assets": "2,884,000", "Total Liabilities Net Minority Interest": "2,389,000", "Total Equity Gross Minority Interest": "495,000", "Total Capitalization": "1,650,000", "Common Stock Equity": "462,000", "Net Tangible Assets": "-39,000", "Working Capital": "557,000", "Invested Capital": "1,689,000", "Tangible Book Value": "-39,000", "Total Debt": "1,227,000", "Net Debt": "912,000", "Share Issued": "103,700", "Ordinary Shares Number": "72,300", "Treasury Shares Number": "31,400"}, "9/30/2019": {"Duration": "9/30/2019", "Total Assets": "2,815,000", "Total Liabilities Net Minority Interest": "2,400,000", "Total Equity Gross Minority Interest": "415,000", "Total Capitalization": "1,287,000", "Common Stock Equity": "385,000", "Net Tangible Assets": "-163,000", "Working Capital": "280,000", "Invested Capital": "1,328,000", "Tangible Book Value": "-163,000", "Total Debt": "943,000", "Net Debt": "835,000", "Share Issued": "104,100", "Ordinary Shares Number": "81,400", "Treasury Shares Number": "22,700"}, "9/30/2018": {"Duration": "9/30/2018", "Total Assets": "2,726,000", "Total Liabilities Net Minority Interest": "2,408,000", "Total Equity Gross Minority Interest": "318,000", "Total Capitalization": "1,018,000", "Common Stock Equity": "288,000", "Net Tangible Assets": "-177,000", "Working Capital": "142,000", "Invested Capital": "1,112,000", "Tangible Book Value": "-177,000", "Total Debt": "824,000", "Net Debt": "709,000", "Share Issued": "102,200", "Ordinary Shares Number": "84,900", "Treasury Shares Number": "17,300"}}, "cf": {"TTM": {"Duration": "TTM", "Operating Cash Flow": "328,000", "Investing Cash Flow": "-86,000", "Financing Cash Flow": "-65,000", "End Cash Position": "285,000", "Capital Expenditure": "-79,000", "Issuance of Debt": "742,000", "Repayment of Debt": "-655,000", "Repurchase of Capital Stock": "-", "Free Cash Flow": "249,000"}, "9/30/2020": {"Duration": "9/30/2020", "Operating Cash Flow": "265,000", "Investing Cash Flow": "-89,000", "Financing Cash Flow": "36,000", "End Cash Position": "315,000", "Capital Expenditure": "-85,000", "Issuance of Debt": "604,000", "Repayment of Debt": "-320,000", "Repurchase of Capital Stock": "-241,000", "Free Cash Flow": "180,000"}, "9/30/2019": {"Duration": "9/30/2019", "Operating Cash Flow": "256,000", "Investing Cash Flow": "-271,000", "Financing Cash Flow": "11,000", "End Cash Position": "108,000", "Capital Expenditure": "-103,000", "Issuance of Debt": "175,000", "Repayment of Debt": "-62,000", "Repurchase of Capital Stock": "-96,000", "Free Cash Flow": "153,000"}, "9/30/2018": {"Duration": "9/30/2018", "Operating Cash Flow": "251,000", "Investing Cash Flow": "111,000", "Financing Cash Flow": "-329,000", "End Cash Position": "115,000", "Capital Expenditure": "-104,000", "Issuance of Debt": "0", "Repayment of Debt": "-224,000", "Repurchase of Capital Stock": "-100,000", "Free Cash Flow": "147,000"}}}}, {"LDL": {"quote": {"03/21/2021": {"value": "35.42", "Market Cap": "638.41M", "Beta (5Y Monthly)": "3.07", "PE Ratio (TTM)": "N/A", "EPS (TTM)": "-4.24", "Earnings Date": "Feb 24, 2021", "Forward Dividend & Yield": "N/A (N/A)", "Ex-Dividend Date": "Feb 27, 1984", "1y Target Est": "30.00"}}, "fin": {"TTM": {"Duration": "TTM", "Total Revenue": "764,041", "Cost of Revenue": "619,166", "Gross Profit": "144,875", "Operating Expense": "129,928", "Operating Income": "14,947", "Net Non Operating Interest Income Expense": "-15,979", "Other Income Expense": "-79,563", "Pretax Income": "-80,595", "Tax Provision": "-6,833", "Earnings from Equity Interest Net of Tax": "37", "Net Income Common Stockholders": "-73,725", "Diluted NI Available to Com Stockholders": "-73,725", "Basic EPS": "-", "Diluted EPS": "-", "Basic Average Shares": "-", "Diluted Average Shares": "-", "Total Operating Income as Reported": "-62,065", "Total Expenses": "749,094", "Net Income from Continuing & Discontinued Operation": "-73,725", "Normalized Income": "-2,907", "Interest Expense": "15,979", "Net Interest Income": "-15,979", "EBIT": "-64,616", "EBITDA": "-9,629", "Reconciled Cost of Revenue": "619,166", "Reconciled Depreciation": "54,987", "Net Income from Continuing Operation Net Minority Interest": "-73,725", "Total Unusual Items Excluding Goodwill": "-77,397", "Total Unusual Items": "-77,397", "Normalized EBITDA": "67,768", "Tax Rate for Calcs": "0", "Tax Effect of Unusual Items": "-6,579"}, "12/31/2020": {"Duration": "12/31/2020", "Total Revenue": "764,041", "Cost of Revenue": "619,166", "Gross Profit": "144,875", "Operating Expense": "129,928", "Operating Income": "14,947", "Net Non Operating Interest Income Expense": "-15,979", "Other Income Expense": "-79,563", "Pretax Income": "-80,595", "Tax Provision": "-6,833", "Earnings from Equity Interest Net of Tax": "37", "Net Income Common Stockholders": "-73,725", "Diluted NI Available to Com Stockholders": "-73,725", "Basic EPS": "-", "Diluted EPS": "-", "Basic Average Shares": "-", "Diluted Average Shares": "-", "Total Operating Income as Reported": "-62,065", "Total Expenses": "749,094", "Net Income from Continuing & Discontinued Operation": "-73,725", "Normalized Income": "-2,907", "Interest Expense": "15,979", "Net Interest Income": "-15,979", "EBIT": "-64,616", "EBITDA": "-", "Reconciled Cost of Revenue": "619,166", "Reconciled Depreciation": "54,987", "Net Income from Continuing Operation Net Minority Interest": "-73,725", "Total Unusual Items Excluding Goodwill": "-77,397", "Total Unusual Items": "-77,397", "Normalized EBITDA": "67,768", "Tax Rate for Calcs": "0", "Tax Effect of Unusual Items": "-6,579"}, "12/31/2019": {"Duration": "12/31/2019", "Total Revenue": "837,398", "Cost of Revenue": "685,608", "Gross Profit": "151,790", "Operating Expense": "126,409", "Operating Income": "25,381", "Net Non Operating Interest Income Expense": "-14,262", "Other Income Expense": "-88,196", "Pretax Income": "-77,077", "Tax Provision": "-6,416", "Earnings from Equity Interest Net of Tax": "148", "Net Income Common Stockholders": "-70,513", "Diluted NI Available to Com Stockholders": "-70,513", "Basic EPS": "-4.08", "Diluted EPS": "-4.08", "Basic Average Shares": "17,271", "Diluted Average Shares": "17,271", "Total Operating Income as Reported": "-38,825", "Total Expenses": "812,017", "Net Income from Continuing & Discontinued Operation": "-70,513", "Normalized Income": "11,515", "Interest Expense": "14,262", "Net Interest Income": "-14,262", "EBIT": "-62,815", "EBITDA": "-", "Reconciled Cost of Revenue": "685,608", "Reconciled Depreciation": "49,000", "Net Income from Continuing Operation Net Minority Interest": "-70,513", "Total Unusual Items Excluding Goodwill": "-89,453", "Total Unusual Items": "-89,453", "Normalized EBITDA": "75,638", "Tax Rate for Calcs": "0", "Tax Effect of Unusual Items": "-7,425"}, "12/31/2018": {"Duration": "12/31/2018", "Total Revenue": "785,897", "Cost of Revenue": "633,252", "Gross Profit": "152,645", "Operating Expense": "103,457", "Operating Income": "49,188", "Net Non Operating Interest Income Expense": "-6,212", "Other Income Expense": "289", "Pretax Income": "43,265", "Tax Provision": "8,453", "Earnings from Equity Interest Net of Tax": "132", "Net Income Common Stockholders": "34,944", "Diluted NI Available to Com Stockholders": "34,944", "Basic EPS": "2.03", "Diluted EPS": "2.02", "Basic Average Shares": "17,204", "Diluted Average Shares": "17,330", "Total Operating Income as Reported": "49,188", "Total Expenses": "736,709", "Net Income from Continuing & Discontinued Operation": "34,944", "Normalized Income": "34,944", "Interest Expense": "6,212", "Net Interest Income": "-6,212", "EBIT": "49,477", "EBITDA": "-", "Reconciled Cost of Revenue": "633,252", "Reconciled Depreciation": "33,162", "Net Income from Continuing Operation Net Minority Interest": "34,944", "Total Unusual Items Excluding Goodwill": "-", "Total Unusual Items": "-", "Normalized EBITDA": "82,639", "Tax Rate for Calcs": "0", "Tax Effect of Unusual Items": "0"}}, "bs": {"12/31/2020": {"Duration": "12/31/2020", "Total Assets": "775,462", "Total Liabilities Net Minority Interest": "517,766", "Total Equity Gross Minority Interest": "257,696", "Total Capitalization": "518,345", "Common Stock Equity": "257,696", "Capital Lease Obligations": "17,947", "Net Tangible Assets": "74,980", "Working Capital": "161,763", "Invested Capital": "528,134", "Tangible Book Value": "74,980", "Total Debt": "288,385", "Net Debt": "168,262", "Share Issued": "25,555", "Ordinary Shares Number": "17,838", "Treasury Shares Number": "7,717"}, "12/31/2019": {"Duration": "12/31/2019", "Total Assets": "785,937", "Total Liabilities Net Minority Interest": "467,517", "Total Equity Gross Minority Interest": "318,420", "Total Capitalization": "581,133", "Common Stock Equity": "318,420", "Capital Lease Obligations": "18,424", "Net Tangible Assets": "68,931", "Working Capital": "153,739", "Invested Capital": "591,061", "Tangible Book Value": "68,931", "Total Debt": "291,065", "Net Debt": "221,310", "Share Issued": "25,328", "Ordinary Shares Number": "17,623", "Treasury Shares Number": "7,705"}, "12/31/2018": {"Duration": "12/31/2018", "Total Assets": "872,686", "Total Liabilities Net Minority Interest": "503,411", "Total Equity Gross Minority Interest": "369,275", "Total Capitalization": "683,916", "Common Stock Equity": "369,275", "Capital Lease Obligations": "-", "Net Tangible Assets": "35,708", "Working Capital": "195,732", "Invested Capital": "694,088", "Tangible Book Value": "35,708", "Total Debt": "324,813", "Net Debt": "275,576", "Share Issued": "25,254", "Ordinary Shares Number": "17,556", "Treasury Shares Number": "7,698"}}, "cf": {"TTM": {"Duration": "TTM", "Operating Cash Flow": "74,167", "Investing Cash Flow": "-27,633", "Financing Cash Flow": "-95", "End Cash Position": "102,176", "Income Tax Paid Supplemental Data": "3,031", "Interest Paid Supplemental Data": "14,890", "Capital Expenditure": "-33,449", "Issuance of Capital Stock": "2,174", "Issuance of Debt": "20,000", "Repayment of Debt": "-22,000", "Repurchase of Capital Stock": "-269", "Free Cash Flow": "40,718"}, "12/31/2020": {"Duration": "12/31/2020", "Operating Cash Flow": "74,167", "Investing Cash Flow": "-27,633", "Financing Cash Flow": "-95", "End Cash Position": "102,176", "Income Tax Paid Supplemental Data": "3,031", "Interest Paid Supplemental Data": "14,890", "Capital Expenditure": "-33,449", "Issuance of Capital Stock": "2,174", "Issuance of Debt": "20,000", "Repayment of Debt": "-22,000", "Repurchase of Capital Stock": "-269", "Free Cash Flow": "40,718"}, "12/31/2019": {"Duration": "12/31/2019", "Operating Cash Flow": "86,862", "Investing Cash Flow": "-32,385", "Financing Cash Flow": "-51,927", "End Cash Position": "51,331", "Income Tax Paid Supplemental Data": "5,863", "Interest Paid Supplemental Data": "14,064", "Capital Expenditure": "-35,850", "Issuance of Capital Stock": "448", "Issuance of Debt": "-", "Repayment of Debt": "-52,233", "Repurchase of Capital Stock": "-142", "Free Cash Flow": "51,012"}, "12/31/2018": {"Duration": "12/31/2018", "Operating Cash Flow": "44,739", "Investing Cash Flow": "-300,965", "Financing Cash Flow": "247,476", "End Cash Position": "49,237", "Income Tax Paid Supplemental Data": "4,606", "Interest Paid Supplemental Data": "5,960", "Capital Expenditure": "-31,291", "Issuance of Capital Stock": "850", "Issuance of Debt": "338,000", "Repayment of Debt": "-89,862", "Repurchase of Capital Stock": "-974", "Free Cash Flow": "13,448"}}}}, {"TXIC": {"quote": {"03/21/2021": {"value": "0.0378", "Market Cap": "363,213", "Beta (5Y Monthly)": "2.31", "PE Ratio (TTM)": "N/A", "EPS (TTM)": "-0.5630", "Earnings Date": "N/A", "Forward Dividend & Yield": "N/A (N/A)", "Ex-Dividend Date": "N/A", "1y Target Est": "17.00"}}, "fin": {}, "bs": {}, "cf": {}}}, {"MLR": {"quote": {"03/21/2021": {"value": "46.20", "Market Cap": "527.174M", "Beta (5Y Monthly)": "1.01", "PE Ratio (TTM)": "17.66", "EPS (TTM)": "2.62", "Earnings Date": "Mar 04, 2021", "Forward Dividend & Yield": "0.72 (1.56%)", "Ex-Dividend Date": "Mar 12, 2021", "1y Target Est": "N/A"}}, "fin": {"TTM": {"Duration": "TTM", "Total Revenue": "651,286", "Cost of Revenue": "572,928", "Gross Profit": "78,358", "Operating Expense": "39,714", "Operating Income": "38,644", "Net Non Operating Interest Income Expense": "-1,215", "Other Income Expense": "668", "Pretax Income": "38,097", "Tax Provision": "8,267", "Net Income Common Stockholders": "29,830", "Diluted NI Available to Com Stockholders": "29,830", "Basic EPS": "-", "Diluted EPS": "-", "Basic Average Shares": "-", "Diluted Average Shares": "-", "Total Operating Income as Reported": "-", "Total Expenses": "612,642", "Net Income from Continuing & Discontinued Operation": "29,830", "Normalized Income": "29,830", "Interest Expense": "1,215", "Net Interest Income": "-1,215", "EBIT": "39,312", "EBITDA": "48,910", "Reconciled Cost of Revenue": "572,928", "Reconciled Depreciation": "9,598", "Net Income from Continuing Operation Net Minority Interest": "29,830", "Total Unusual Items Excluding Goodwill": "-", "Total Unusual Items": "-", "Normalized EBITDA": "48,910", "Tax Rate for Calcs": "0", "Tax Effect of Unusual Items": "0"}, "12/31/2020": {"Duration": "12/31/2020", "Total Revenue": "651,286", "Cost of Revenue": "572,928", "Gross Profit": "78,358", "Operating Expense": "39,714", "Operating Income": "38,644", "Net Non Operating Interest Income Expense": "-1,215", "Other Income Expense": "668", "Pretax Income": "38,097", "Tax Provision": "8,267", "Net Income Common Stockholders": "29,830", "Diluted NI Available to Com Stockholders": "29,830", "Basic EPS": "2.62", "Diluted EPS": "2.62", "Basic Average Shares": "11,405", "Diluted Average Shares": "11,405", "Total Operating Income as Reported": "-", "Total Expenses": "612,642", "Net Income from Continuing & Discontinued Operation": "29,830", "Normalized Income": "29,830", "Interest Expense": "1,215", "Net Interest Income": "-1,215", "EBIT": "39,312", "EBITDA": "-", "Reconciled Cost of Revenue": "572,928", "Reconciled Depreciation": "9,598", "Net Income from Continuing Operation Net Minority Interest": "29,830", "Total Unusual Items Excluding Goodwill": "-", "Total Unusual Items": "-", "Normalized EBITDA": "48,910", "Tax Rate for Calcs": "0", "Tax Effect of Unusual Items": "0"}, "12/31/2019": {"Duration": "12/31/2019", "Total Revenue": "818,166", "Cost of Revenue": "721,678", "Gross Profit": "96,488", "Operating Expense": "43,394", "Operating Income": "53,094", "Net Non Operating Interest Income Expense": "-2,378", "Other Income Expense": "-331", "Pretax Income": "50,385", "Tax Provision": "11,274", "Net Income Common Stockholders": "39,111", "Diluted NI Available to Com Stockholders": "39,111", "Basic EPS": "3.43", "Diluted EPS": "3.43", "Basic Average Shares": "11,400", "Diluted Average Shares": "11,400", "Total Operating Income as Reported": "-", "Total Expenses": "765,072", "Net Income from Continuing & Discontinued Operation": "39,111", "Normalized Income": "39,111", "Interest Expense": "2,378", "Net Interest Income": "-2,378", "EBIT": "52,763", "EBITDA": "-", "Reconciled Cost of Revenue": "721,678", "Reconciled Depreciation": "9,127", "Net Income from Continuing Operation Net Minority Interest": "39,111", "Total Unusual Items Excluding Goodwill": "-", "Total Unusual Items": "-", "Normalized EBITDA": "61,890", "Tax Rate for Calcs": "0", "Tax Effect of Unusual Items": "0"}, "12/31/2018": {"Duration": "12/31/2018", "Total Revenue": "711,706", "Cost of Revenue": "628,370", "Gross Profit": "83,336", "Operating Expense": "39,542", "Operating Income": "43,794", "Net Non Operating Interest Income Expense": "-1,878", "Other Income Expense": "-253", "Pretax Income": "41,663", "Tax Provision": "7,917", "Net Income Common Stockholders": "33,746", "Diluted NI Available to Com Stockholders": "33,746", "Basic EPS": "2.96", "Diluted EPS": "2.96", "Basic Average Shares": "11,388", "Diluted Average Shares": "11,393", "Total Operating Income as Reported": "-", "Total Expenses": "667,912", "Net Income from Continuing & Discontinued Operation": "33,746", "Normalized Income": "33,746", "Interest Expense": "1,878", "Net Interest Income": "-1,878", "EBIT": "43,541", "EBITDA": "-", "Reconciled Cost of Revenue": "628,370", "Reconciled Depreciation": "7,745", "Net Income from Continuing Operation Net Minority Interest": "33,746", "Total Unusual Items Excluding Goodwill": "-", "Total Unusual Items": "-", "Normalized EBITDA": "51,286", "Tax Rate for Calcs": "0", "Tax Effect of Unusual Items": "0"}}, "bs": {"12/31/2020": {"Duration": "12/31/2020", "Total Assets": "398,410", "Total Liabilities Net Minority Interest": "115,957", "Total Equity Gross Minority Interest": "282,453", "Total Capitalization": "282,453", "Common Stock Equity": "282,453", "Capital Lease Obligations": "1,506", "Net Tangible Assets": "270,834", "Working Capital": "175,587", "Invested Capital": "282,453", "Tangible Book Value": "270,834", "Total Debt": "1,506", "Share Issued": "11,405", "Ordinary Shares Number": "11,405"}, "12/31/2019": {"Duration": "12/31/2019", "Total Assets": "391,967", "Total Liabilities Net Minority Interest": "134,040", "Total Equity Gross Minority Interest": "257,927", "Total Capitalization": "262,925", "Common Stock Equity": "257,927", "Capital Lease Obligations": "1,695", "Net Tangible Assets": "246,308", "Working Capital": "163,170", "Invested Capital": "263,293", "Tangible Book Value": "246,308", "Total Debt": "7,061", "Share Issued": "11,400", "Ordinary Shares Number": "11,400"}, "12/31/2018": {"Duration": "12/31/2018", "Total Assets": "368,184", "Total Liabilities Net Minority Interest": "140,621", "Total Equity Gross Minority Interest": "227,563", "Total Capitalization": "243,096", "Common Stock Equity": "227,563", "Capital Lease Obligations": "-", "Net Tangible Assets": "215,944", "Working Capital": "149,830", "Invested Capital": "243,401", "Tangible Book Value": "215,944", "Total Debt": "15,838", "Share Issued": "11,395", "Ordinary Shares Number": "11,395"}}, "cf": {"TTM": {"Duration": "TTM", "Operating Cash Flow": "60,709", "Investing Cash Flow": "-17,224", "Financing Cash Flow": "-13,631", "End Cash Position": "57,521", "Income Tax Paid Supplemental Data": "6,721", "Interest Paid Supplemental Data": "2,052", "Capital Expenditure": "-17,500", "Issuance of Debt": "-", "Repayment of Debt": "-5,419", "Free Cash Flow": "43,209"}, "12/31/2020": {"Duration": "12/31/2020", "Operating Cash Flow": "60,709", "Investing Cash Flow": "-17,224", "Financing Cash Flow": "-13,631", "End Cash Position": "57,521", "Income Tax Paid Supplemental Data": "6,721", "Interest Paid Supplemental Data": "2,052", "Capital Expenditure": "-17,500", "Issuance of Debt": "-", "Repayment of Debt": "-5,419", "Free Cash Flow": "43,209"}, "12/31/2019": {"Duration": "12/31/2019", "Operating Cash Flow": "35,132", "Investing Cash Flow": "-17,063", "Financing Cash Flow": "-18,597", "End Cash Position": "26,072", "Income Tax Paid Supplemental Data": "10,067", "Interest Paid Supplemental Data": "3,249", "Capital Expenditure": "-17,391", "Issuance of Debt": "-", "Repayment of Debt": "-10,389", "Free Cash Flow": "17,741"}, "12/31/2018": {"Duration": "12/31/2018", "Operating Cash Flow": "21,897", "Investing Cash Flow": "-13,201", "Financing Cash Flow": "-2,965", "End Cash Position": "27,037", "Income Tax Paid Supplemental Data": "7,457", "Interest Paid Supplemental Data": "2,437", "Capital Expenditure": "-13,342", "Issuance of Debt": "5,179", "Repayment of Debt": "-", "Free Cash Flow": "8,555"}}}}, {"SMP": {"quote": {"03/21/2021": {"value": "43.92", "Market Cap": "981.937M", "Beta (5Y Monthly)": "0.47", "PE Ratio (TTM)": "17.49", "EPS (TTM)": "2.51", "Earnings Date": "Feb 23, 2021", "Forward Dividend & Yield": "1.00 (2.28%)", "Ex-Dividend Date": "Feb 12, 2021", "1y Target Est": "48.33"}}, "fin": {"TTM": {"Duration": "TTM", "Total Revenue": "1,128,588", "Cost of Revenue": "791,933", "Gross Profit": "336,655", "Operating Expense": "224,696", "Operating Income": "111,959", "Net Non Operating Interest Income Expense": "-2,219", "Other Income Expense": "-2,361", "Pretax Income": "107,379", "Tax Provision": "26,962", "Net Income Common Stockholders": "57,393", "Diluted NI Available to Com Stockholders": "57,393", "Basic EPS": "-", "Diluted EPS": "-", "Basic Average Shares": "-", "Diluted Average Shares": "-", "Total Operating Income as Reported": "108,895", "Total Expenses": "1,016,629", "Net Income from Continuing & Discontinued Operation": "57,393", "Normalized Income": "82,974", "Interest Income": "109", "Interest Expense": "2,328", "Net Interest Income": "-2,219", "EBIT": "109,707", "EBITDA": "136,030", "Reconciled Cost of Revenue": "791,933", "Reconciled Depreciation": "26,323", "Net Income from Continuing Operation Net Minority Interest": "80,417", "Total Unusual Items Excluding Goodwill": "-3,414", "Total Unusual Items": "-3,414", "Normalized EBITDA": "139,444", "Tax Rate for Calcs": "0", "Tax Effect of Unusual Items": "-856.914"}, "12/31/2020": {"Duration": "12/31/2020", "Total Revenue": "1,128,588", "Cost of Revenue": "791,933", "Gross Profit": "336,655", "Operating Expense": "224,696", "Operating Income": "111,959", "Net Non Operating Interest Income Expense": "-2,219", "Other Income Expense": "-2,361", "Pretax Income": "107,379", "Tax Provision": "26,962", "Net Income Common Stockholders": "57,393", "Diluted NI Available to Com Stockholders": "57,393", "Basic EPS": "-", "Diluted EPS": "-", "Basic Average Shares": "-", "Diluted Average Shares": "-", "Total Operating Income as Reported": "108,895", "Total Expenses": "1,016,629", "Net Income from Continuing & Discontinued Operation": "57,393", "Normalized Income": "82,974", "Interest Income": "109", "Interest Expense": "2,328", "Net Interest Income": "-2,219", "EBIT": "109,707", "EBITDA": "-", "Reconciled Cost of Revenue": "791,933", "Reconciled Depreciation": "26,323", "Net Income from Continuing Operation Net Minority Interest": "80,417", "Total Unusual Items Excluding Goodwill": "-3,414", "Total Unusual Items": "-3,414", "Normalized EBITDA": "139,444", "Tax Rate for Calcs": "0", "Tax Effect of Unusual Items": "-856.914"}, "12/31/2019": {"Duration": "12/31/2019", "Total Revenue": "1,137,913", "Cost of Revenue": "806,113", "Gross Profit": "331,800", "Operating Expense": "234,720", "Operating Income": "97,080", "Net Non Operating Interest Income Expense": "-5,189", "Other Income Expense": "-95", "Pretax Income": "91,796", "Tax Provision": "22,745", "Net Income Common Stockholders": "57,917", "Diluted NI Available to Com Stockholders": "57,917", "Basic EPS": "2.59", "Diluted EPS": "2.54", "Basic Average Shares": "22,378", "Diluted Average Shares": "22,818", "Total Operating Income as Reported": "94,495", "Total Expenses": "1,040,833", "Net Income from Continuing & Discontinued Operation": "57,917", "Normalized Income": "71,372", "Interest Income": "97", "Interest Expense": "5,286", "Net Interest Income": "-5,189", "EBIT": "97,082", "EBITDA": "-", "Reconciled Cost of Revenue": "806,113", "Reconciled Depreciation": "25,809", "Net Income from Continuing Operation Net Minority Interest": "69,051", "Total Unusual Items Excluding Goodwill": "-3,087", "Total Unusual Items": "-3,087", "Normalized EBITDA": "125,978", "Tax Rate for Calcs": "0", "Tax Effect of Unusual Items": "-765.576"}, "12/31/2018": {"Duration": "12/31/2018", "Total Revenue": "1,092,051", "Cost of Revenue": "779,264", "Gross Profit": "312,787", "Operating Expense": "227,009", "Operating Income": "85,778", "Net Non Operating Interest Income Expense": "-3,946", "Other Income Expense": "-5,001", "Pretax Income": "76,831", "Tax Provision": "19,977", "Net Income Common Stockholders": "43,003", "Diluted NI Available to Com Stockholders": "43,003", "Basic EPS": "1.91", "Diluted EPS": "1.88", "Basic Average Shares": "22,456", "Diluted Average Shares": "22,932", "Total Operating Income as Reported": "81,268", "Total Expenses": "1,006,273", "Net Income from Continuing & Discontinued Operation": "43,003", "Normalized Income": "60,280", "Interest Income": "80", "Interest Expense": "4,026", "Net Interest Income": "-3,946", "EBIT": "80,857", "EBITDA": "-", "Reconciled Cost of Revenue": "779,264", "Reconciled Depreciation": "24,104", "Net Income from Continuing Operation Net Minority Interest": "56,854", "Total Unusual Items Excluding Goodwill": "-4,630", "Total Unusual Items": "-4,630", "Normalized EBITDA": "109,591", "Tax Rate for Calcs": "0", "Tax Effect of Unusual Items": "-1,204"}}, "bs": {"12/31/2020": {"Duration": "12/31/2020", "Total Assets": "956,540", "Total Liabilities Net Minority Interest": "406,304", "Total Equity Gross Minority Interest": "550,236", "Total Capitalization": "550,333", "Common Stock Equity": "550,236", "Capital Lease Obligations": "22,450", "Net Tangible Assets": "418,384", "Working Capital": "295,934", "Invested Capital": "560,468", "Tangible Book Value": "418,384", "Total Debt": "32,682", "Net Debt": "-", "Share Issued": "23,936", "Ordinary Shares Number": "22,349", "Treasury Shares Number": "1,587"}, "12/31/2019": {"Duration": "12/31/2019", "Total Assets": "912,730", "Total Liabilities Net Minority Interest": "408,502", "Total Equity Gross Minority Interest": "504,228", "Total Capitalization": "504,357", "Common Stock Equity": "504,228", "Capital Lease Obligations": "28,376", "Net Tangible Assets": "361,526", "Working Capital": "239,969", "Invested Capital": "561,273", "Tangible Book Value": "361,526", "Total Debt": "85,421", "Net Debt": "46,673", "Share Issued": "23,936", "Ordinary Shares Number": "22,458", "Treasury Shares Number": "1,478"}, "12/31/2018": {"Duration": "12/31/2018", "Total Assets": "843,132", "Total Liabilities Net Minority Interest": "375,931", "Total Equity Gross Minority Interest": "467,201", "Total Capitalization": "467,354", "Common Stock Equity": "467,201", "Capital Lease Obligations": "-", "Net Tangible Assets": "351,500", "Working Capital": "233,638", "Invested Capital": "516,420", "Tangible Book Value": "351,500", "Total Debt": "49,219", "Net Debt": "38,081", "Share Issued": "23,936", "Ordinary Shares Number": "22,433", "Treasury Shares Number": "1,503"}}, "cf": {"TTM": {"Duration": "TTM", "Operating Cash Flow": "97,896", "Investing Cash Flow": "-17,799", "Financing Cash Flow": "-71,516", "End Cash Position": "19,488", "Income Tax Paid Supplemental Data": "24,640", "Interest Paid Supplemental Data": "2,187", "Capital Expenditure": "-17,820", "Issuance of Debt": "-", "Repayment of Debt": "-", "Repurchase of Capital Stock": "-13,482", "Free Cash Flow": "80,076"}, "12/31/2020": {"Duration": "12/31/2020", "Operating Cash Flow": "97,896", "Investing Cash Flow": "-17,799", "Financing Cash Flow": "-71,516", "End Cash Position": "19,488", "Income Tax Paid Supplemental Data": "24,640", "Interest Paid Supplemental Data": "2,187", "Capital Expenditure": "-17,820", "Issuance of Debt": "-", "Repayment of Debt": "-", "Repurchase of Capital Stock": "-13,482", "Free Cash Flow": "80,076"}, "12/31/2019": {"Duration": "12/31/2019", "Operating Cash Flow": "76,928", "Investing Cash Flow": "-54,812", "Financing Cash Flow": "-23,378", "End Cash Position": "10,372", "Income Tax Paid Supplemental Data": "22,267", "Interest Paid Supplemental Data": "5,030", "Capital Expenditure": "-16,185", "Issuance of Debt": "-", "Repayment of Debt": "-", "Repurchase of Capital Stock": "-10,738", "Free Cash Flow": "60,743"}, "12/31/2018": {"Duration": "12/31/2018", "Operating Cash Flow": "70,258", "Investing Cash Flow": "-29,886", "Financing Cash Flow": "-46,121", "End Cash Position": "11,138", "Income Tax Paid Supplemental Data": "15,353", "Interest Paid Supplemental Data": "3,738", "Capital Expenditure": "-20,141", "Issuance of Debt": "1,115", "Repayment of Debt": "-13,311", "Repurchase of Capital Stock": "-14,886", "Free Cash Flow": "50,117"}}}}, {"REMYF": {"quote": {"03/21/2021": {"value": "189.05", "Market Cap": "9.614B", "Beta (5Y Monthly)": "0.08", "PE Ratio (TTM)": "58.33", "EPS (TTM)": "3.24", "Earnings Date": "N/A", "Forward Dividend & Yield": "1.17 (0.62%)", "Ex-Dividend Date": "Jul 28, 2020", "1y Target Est": "27.75"}}, "fin": {"TTM": {"Duration": "TTM", "Total Revenue": "1,024,800", "Cost of Revenue": "282,500", "Gross Profit": "742,300", "Operating Expense": "528,100", "Operating Income": "214,200", "Net Non Operating Interest Income Expense": "-23,300", "Pretax Income": "167,500", "Tax Provision": "60,900", "Net Income Common Stockholders": "113,400", "Diluted NI Available to Com Stockholders": "113,400", "Basic EPS": "-", "Diluted EPS": "-", "Basic Average Shares": "-", "Diluted Average Shares": "-", "Total Operating Income as Reported": "195,500", "Total Expenses": "810,600", "Net Income from Continuing & Discontinued Operation": "113,400", "Normalized Income": "137,776", "Interest Income": "200", "Interest Expense": "12,900", "Net Interest Income": "-23,300", "EBIT": "180,400", "EBITDA": "213,800", "Reconciled Cost of Revenue": "282,500", "Reconciled Depreciation": "33,400", "Net Income from Continuing Operation Net Minority Interest": "107,000", "Total Unusual Items Excluding Goodwill": "-18,800", "Total Unusual Items": "0", "Normalized EBITDA": "213,800", "Tax Rate for Calcs": "0", "Tax Effect of Unusual Items": "-6,824"}, "3/31/2020": {"Duration": "3/31/2020", "Total Revenue": "1,024,800", "Cost of Revenue": "282,500", "Gross Profit": "742,300", "Operating Expense": "528,100", "Operating Income": "214,200", "Net Non Operating Interest Income Expense": "-23,300", "Pretax Income": "167,500", "Tax Provision": "60,900", "Net Income Common Stockholders": "113,400", "Diluted NI Available to Com Stockholders": "113,400", "Basic EPS": "2.28", "Diluted EPS": "2.17", "Basic Average Shares": "49,807", "Diluted Average Shares": "52,401", "Total Operating Income as Reported": "195,500", "Total Expenses": "810,600", "Net Income from Continuing & Discontinued Operation": "113,400", "Normalized Income": "137,776", "Interest Income": "200", "Interest Expense": "12,900", "Net Interest Income": "-23,300", "EBIT": "180,400", "EBITDA": "-", "Reconciled Cost of Revenue": "282,500", "Reconciled Depreciation": "33,400", "Net Income from Continuing Operation Net Minority Interest": "107,000", "Total Unusual Items Excluding Goodwill": "-18,800", "Total Unusual Items": "0", "Normalized EBITDA": "213,800", "Tax Rate for Calcs": "0", "Tax Effect of Unusual Items": "-6,824"}, "3/31/2019": {"Duration": "3/31/2019", "Total Revenue": "1,125,900", "Cost of Revenue": "415,100", "Gross Profit": "710,800", "Operating Expense": "447,200", "Operating Income": "263,600", "Net Non Operating Interest Income Expense": "-28,500", "Pretax Income": "233,300", "Tax Provision": "67,700", "Net Income Common Stockholders": "159,200", "Diluted NI Available to Com Stockholders": "159,200", "Basic EPS": "3.18", "Diluted EPS": "3.03", "Basic Average Shares": "50,069", "Diluted Average Shares": "52,681", "Total Operating Income as Reported": "265,800", "Total Expenses": "862,300", "Net Income from Continuing & Discontinued Operation": "159,200", "Normalized Income": "157,709", "Interest Income": "0", "Interest Expense": "18,900", "Net Interest Income": "-28,500", "EBIT": "252,200", "EBITDA": "-", "Reconciled Cost of Revenue": "415,100", "Reconciled Depreciation": "30,300", "Net Income from Continuing Operation Net Minority Interest": "159,200", "Total Unusual Items Excluding Goodwill": "2,100", "Total Unusual Items": "2,100", "Normalized EBITDA": "280,400", "Tax Rate for Calcs": "0", "Tax Effect of Unusual Items": "609"}, "3/31/2018": {"Duration": "3/31/2018", "Total Revenue": "1,127,000", "Cost of Revenue": "366,300", "Gross Profit": "760,700", "Operating Expense": "523,600", "Operating Income": "237,100", "Net Non Operating Interest Income Expense": "-19,200", "Pretax Income": "201,000", "Tax Provision": "53,500", "Net Income Common Stockholders": "148,200", "Diluted NI Available to Com Stockholders": "148,200", "Basic EPS": "2.98", "Diluted EPS": "2.83", "Basic Average Shares": "49,789", "Diluted Average Shares": "52,435", "Total Operating Income as Reported": "223,100", "Total Expenses": "889,900", "Net Income from Continuing & Discontinued Operation": "148,200", "Normalized Income": "158,549", "Interest Income": "4,700", "Interest Expense": "14,300", "Net Interest Income": "-19,200", "EBIT": "215,300", "EBITDA": "-", "Reconciled Cost of Revenue": "366,300", "Reconciled Depreciation": "21,600", "Net Income from Continuing Operation Net Minority Interest": "148,200", "Total Unusual Items Excluding Goodwill": "-14,100", "Total Unusual Items": "-14,100", "Normalized EBITDA": "251,000", "Tax Rate for Calcs": "0", "Tax Effect of Unusual Items": "-3,751"}}, "bs": {"3/31/2020": {"Duration": "3/31/2020", "Total Assets": "2,788,700", "Total Liabilities Net Minority Interest": "1,385,300", "Total Equity Gross Minority Interest": "1,403,400", "Total Capitalization": "1,838,000", "Common Stock Equity": "1,402,500", "Capital Lease Obligations": "23,800", "Net Tangible Assets": "904,400", "Working Capital": "1,006,700", "Invested Capital": "2,099,200", "Tangible Book Value": "904,400", "Total Debt": "720,500", "Net Debt": "427,300", "Share Issued": "50,150", "Ordinary Shares Number": "49,850", "Treasury Shares Number": "300.066"}, "3/31/2019": {"Duration": "3/31/2019", "Total Assets": "2,624,600", "Total Liabilities Net Minority Interest": "1,198,500", "Total Equity Gross Minority Interest": "1,426,100", "Total Capitalization": "1,826,300", "Common Stock Equity": "1,425,100", "Capital Lease Obligations": "30,300", "Net Tangible Assets": "909,800", "Working Capital": "1,027,500", "Invested Capital": "1,916,600", "Tangible Book Value": "909,800", "Total Debt": "521,800", "Net Debt": "312,900", "Share Issued": "50,150", "Ordinary Shares Number": "49,808", "Treasury Shares Number": "342.088"}, "3/31/2018": {"Duration": "3/31/2018", "Total Assets": "2,541,600", "Total Liabilities Net Minority Interest": "1,133,400", "Total Equity Gross Minority Interest": "1,408,200", "Total Capitalization": "1,804,200", "Common Stock Equity": "1,407,100", "Capital Lease Obligations": "-", "Net Tangible Assets": "897,800", "Working Capital": "967,400", "Invested Capital": "1,876,600", "Tangible Book Value": "897,800", "Total Debt": "469,500", "Net Debt": "282,700", "Share Issued": "50,224", "Ordinary Shares Number": "50,004", "Treasury Shares Number": "220.297"}}, "cf": {"TTM": {"Duration": "TTM", "Operating Cash Flow": "80,500", "Investing Cash Flow": "-52,500", "Financing Cash Flow": "62,100", "End Cash Position": "269,400", "Capital Expenditure": "-64,800", "Issuance of Capital Stock": "-", "Issuance of Debt": "220,900", "Repayment of Debt": "-18,100", "Repurchase of Capital Stock": "-1,900", "Free Cash Flow": "15,700"}, "3/31/2020": {"Duration": "3/31/2020", "Operating Cash Flow": "80,500", "Investing Cash Flow": "-52,500", "Financing Cash Flow": "62,100", "End Cash Position": "269,400", "Capital Expenditure": "-64,800", "Issuance of Capital Stock": "-", "Issuance of Debt": "220,900", "Repayment of Debt": "-18,100", "Repurchase of Capital Stock": "-1,900", "Free Cash Flow": "15,700"}, "3/31/2019": {"Duration": "3/31/2019", "Operating Cash Flow": "53,100", "Investing Cash Flow": "46,900", "Financing Cash Flow": "-101,800", "End Cash Position": "178,600", "Capital Expenditure": "-44,600", "Issuance of Capital Stock": "-", "Issuance of Debt": "40,200", "Repayment of Debt": "-23,000", "Repurchase of Capital Stock": "-103,500", "Free Cash Flow": "8,500"}, "3/31/2018": {"Duration": "3/31/2018", "Operating Cash Flow": "184,500", "Investing Cash Flow": "-31,700", "Financing Cash Flow": "-51,600", "End Cash Position": "186,800", "Capital Expenditure": "-33,600", "Issuance of Capital Stock": "-", "Issuance of Debt": "0", "Repayment of Debt": "-100", "Repurchase of Capital Stock": "-26,900", "Free Cash Flow": "150,900"}}}}, {"REMYY": {"quote": {"03/21/2021": {"value": "18.89", "Market Cap": "9.614B", "Beta (5Y Monthly)": "0.08", "PE Ratio (TTM)": "N/A", "EPS (TTM)": "N/A", "Earnings Date": "N/A", "Forward Dividend & Yield": "0.12 (0.62%)", "Ex-Dividend Date": "Aug 05, 2020", "1y Target Est": "N/A"}}, "fin": {"TTM": {"Duration": "TTM", "Total Revenue": "1,024,800", "Cost of Revenue": "282,500", "Gross Profit": "742,300", "Operating Expense": "528,100", "Operating Income": "214,200", "Net Non Operating Interest Income Expense": "-23,300", "Pretax Income": "167,500", "Tax Provision": "60,900", "Net Income Common Stockholders": "113,400", "Diluted NI Available to Com Stockholders": "113,400", "Basic EPS": "-", "Diluted EPS": "-", "Basic Average Shares": "-", "Diluted Average Shares": "-", "Total Operating Income as Reported": "195,500", "Total Expenses": "810,600", "Net Income from Continuing & Discontinued Operation": "113,400", "Normalized Income": "137,776", "Interest Income": "200", "Interest Expense": "12,900", "Net Interest Income": "-23,300", "EBIT": "180,400", "EBITDA": "213,800", "Reconciled Cost of Revenue": "282,500", "Reconciled Depreciation": "33,400", "Net Income from Continuing Operation Net Minority Interest": "107,000", "Total Unusual Items Excluding Goodwill": "-18,800", "Total Unusual Items": "0", "Normalized EBITDA": "213,800", "Tax Rate for Calcs": "0", "Tax Effect of Unusual Items": "-6,824"}, "3/31/2020": {"Duration": "3/31/2020", "Total Revenue": "1,024,800", "Cost of Revenue": "282,500", "Gross Profit": "742,300", "Operating Expense": "528,100", "Operating Income": "214,200", "Net Non Operating Interest Income Expense": "-23,300", "Pretax Income": "167,500", "Tax Provision": "60,900", "Net Income Common Stockholders": "113,400", "Diluted NI Available to Com Stockholders": "113,400", "Basic EPS": "0.23", "Diluted EPS": "0.22", "Basic Average Shares": "498,067", "Diluted Average Shares": "524,010", "Total Operating Income as Reported": "195,500", "Total Expenses": "810,600", "Net Income from Continuing & Discontinued Operation": "113,400", "Normalized Income": "137,776", "Interest Income": "200", "Interest Expense": "12,900", "Net Interest Income": "-23,300", "EBIT": "180,400", "EBITDA": "-", "Reconciled Cost of Revenue": "282,500", "Reconciled Depreciation": "33,400", "Net Income from Continuing Operation Net Minority Interest": "107,000", "Total Unusual Items Excluding Goodwill": "-18,800", "Total Unusual Items": "0", "Normalized EBITDA": "213,800", "Tax Rate for Calcs": "0", "Tax Effect of Unusual Items": "-6,824"}, "3/31/2019": {"Duration": "3/31/2019", "Total Revenue": "1,125,900", "Cost of Revenue": "415,100", "Gross Profit": "710,800", "Operating Expense": "447,200", "Operating Income": "263,600", "Net Non Operating Interest Income Expense": "-28,500", "Pretax Income": "233,300", "Tax Provision": "67,700", "Net Income Common Stockholders": "159,200", "Diluted NI Available to Com Stockholders": "159,200", "Basic EPS": "0.32", "Diluted EPS": "0.30", "Basic Average Shares": "500,690", "Diluted Average Shares": "526,806", "Total Operating Income as Reported": "265,800", "Total Expenses": "862,300", "Net Income from Continuing & Discontinued Operation": "159,200", "Normalized Income": "157,709", "Interest Income": "0", "Interest Expense": "18,900", "Net Interest Income": "-28,500", "EBIT": "252,200", "EBITDA": "-", "Reconciled Cost of Revenue": "415,100", "Reconciled Depreciation": "30,300", "Net Income from Continuing Operation Net Minority Interest": "159,200", "Total Unusual Items Excluding Goodwill": "2,100", "Total Unusual Items": "2,100", "Normalized EBITDA": "280,400", "Tax Rate for Calcs": "0", "Tax Effect of Unusual Items": "609"}, "3/31/2018": {"Duration": "3/31/2018", "Total Revenue": "1,127,000", "Cost of Revenue": "366,300", "Gross Profit": "760,700", "Operating Expense": "523,600", "Operating Income": "237,100", "Net Non Operating Interest Income Expense": "-19,200", "Pretax Income": "201,000", "Tax Provision": "53,500", "Net Income Common Stockholders": "148,200", "Diluted NI Available to Com Stockholders": "148,200", "Basic EPS": "0.30", "Diluted EPS": "0.28", "Basic Average Shares": "497,893", "Diluted Average Shares": "524,348", "Total Operating Income as Reported": "223,100", "Total Expenses": "889,900", "Net Income from Continuing & Discontinued Operation": "148,200", "Normalized Income": "158,549", "Interest Income": "4,700", "Interest Expense": "14,300", "Net Interest Income": "-19,200", "EBIT": "215,300", "EBITDA": "-", "Reconciled Cost of Revenue": "366,300", "Reconciled Depreciation": "21,600", "Net Income from Continuing Operation Net Minority Interest": "148,200", "Total Unusual Items Excluding Goodwill": "-14,100", "Total Unusual Items": "-14,100", "Normalized EBITDA": "251,000", "Tax Rate for Calcs": "0", "Tax Effect of Unusual Items": "-3,751"}}, "bs": {"3/31/2020": {"Duration": "3/31/2020", "Total Assets": "2,788,700", "Total Liabilities Net Minority Interest": "1,385,300", "Total Equity Gross Minority Interest": "1,403,400", "Total Capitalization": "1,838,000", "Common Stock Equity": "1,402,500", "Capital Lease Obligations": "23,800", "Net Tangible Assets": "904,400", "Working Capital": "1,006,700", "Invested Capital": "2,099,200", "Tangible Book Value": "904,400", "Total Debt": "720,500", "Net Debt": "427,300", "Share Issued": "50,150", "Ordinary Shares Number": "49,850", "Treasury Shares Number": "300.066"}, "3/31/2019": {"Duration": "3/31/2019", "Total Assets": "2,624,600", "Total Liabilities Net Minority Interest": "1,198,500", "Total Equity Gross Minority Interest": "1,426,100", "Total Capitalization": "1,826,300", "Common Stock Equity": "1,425,100", "Capital Lease Obligations": "30,300", "Net Tangible Assets": "909,800", "Working Capital": "1,027,500", "Invested Capital": "1,916,600", "Tangible Book Value": "909,800", "Total Debt": "521,800", "Net Debt": "312,900", "Share Issued": "50,150", "Ordinary Shares Number": "49,808", "Treasury Shares Number": "342.088"}, "3/31/2018": {"Duration": "3/31/2018", "Total Assets": "2,541,600", "Total Liabilities Net Minority Interest": "1,133,400", "Total Equity Gross Minority Interest": "1,408,200", "Total Capitalization": "1,804,200", "Common Stock Equity": "1,407,100", "Capital Lease Obligations": "-", "Net Tangible Assets": "897,800", "Working Capital": "967,400", "Invested Capital": "1,876,600", "Tangible Book Value": "897,800", "Total Debt": "469,500", "Net Debt": "282,700", "Share Issued": "50,224", "Ordinary Shares Number": "50,004", "Treasury Shares Number": "220.297"}}, "cf": {"TTM": {"Duration": "TTM", "Operating Cash Flow": "80,500", "Investing Cash Flow": "-52,500", "Financing Cash Flow": "62,100", "End Cash Position": "269,400", "Capital Expenditure": "-64,800", "Issuance of Capital Stock": "-", "Issuance of Debt": "220,900", "Repayment of Debt": "-18,100", "Repurchase of Capital Stock": "-1,900", "Free Cash Flow": "15,700"}, "3/31/2020": {"Duration": "3/31/2020", "Operating Cash Flow": "80,500", "Investing Cash Flow": "-52,500", "Financing Cash Flow": "62,100", "End Cash Position": "269,400", "Capital Expenditure": "-64,800", "Issuance of Capital Stock": "-", "Issuance of Debt": "220,900", "Repayment of Debt": "-18,100", "Repurchase of Capital Stock": "-1,900", "Free Cash Flow": "15,700"}, "3/31/2019": {"Duration": "3/31/2019", "Operating Cash Flow": "53,100", "Investing Cash Flow": "46,900", "Financing Cash Flow": "-101,800", "End Cash Position": "178,600", "Capital Expenditure": "-44,600", "Issuance of Capital Stock": "-", "Issuance of Debt": "40,200", "Repayment of Debt": "-23,000", "Repurchase of Capital Stock": "-103,500", "Free Cash Flow": "8,500"}, "3/31/2018": {"Duration": "3/31/2018", "Operating Cash Flow": "184,500", "Investing Cash Flow": "-31,700", "Financing Cash Flow": "-51,600", "End Cash Position": "186,800", "Capital Expenditure": "-33,600", "Issuance of Capital Stock": "-", "Issuance of Debt": "0", "Repayment of Debt": "-100", "Repurchase of Capital Stock": "-26,900", "Free Cash Flow": "150,900"}}}}, {"DLPH": {"fin": {}, "bs": {}, "cf": {}}}, {"WBC": {"fin": {}, "bs": {}, "cf": {}}}, {"TOWR": {"fin": {}, "bs": {}, "cf": {}}}, {"UQM": {"fin": {}, "bs": {}, "cf": {}}}, {"COTE": {"fin": {}, "bs": {}, "cf": {}}}]