[{"BF-B": {"quote": {"05/11/2021": {"value": "77.72", "Market Cap": "36.267B", "Beta (5Y Monthly)": "0.83", "PE Ratio (TTM)": "40.91", "EPS (TTM)": "1.90", "Earnings Date": "N/A", "Forward Dividend & Yield": "0.72 (0.92%)", "Ex-Dividend Date": "Mar 05, 2021", "1y Target Est": "72.59"}}, "fin": {"TTM": {"Duration": "TTM", "Total Revenue": "3,358,000", "Cost of Revenue": "1,309,000", "Gross Profit": "2,049,000", "Operating Expense": "991,000", "Operating Income": "1,058,000", "Net Non Operating Interest Income Expense": "-79,000", "Other Income Expense": "121,000", "Pretax Income": "1,100,000", "Tax Provision": "189,000", "Net Income Common Stockholders": "911,000", "Diluted NI Available to Com Stockholders": "911,000", "Basic EPS": "-", "Diluted EPS": "-", "Basic Average Shares": "-", "Diluted Average Shares": "-", "Total Operating Income as Reported": "1,185,000", "Total Expenses": "2,300,000", "Net Income from Continuing & Discontinued Operation": "911,000", "Normalized Income": "911,000", "Interest Income": "2,000", "Interest Expense": "81,000", "Net Interest Income": "-79,000", "EBIT": "1,181,000", "EBITDA": "1,258,000", "Reconciled Cost of Revenue": "1,309,000", "Reconciled Depreciation": "77,000", "Net Income from Continuing Operation Net Minority Interest": "911,000", "Normalized EBITDA": "1,258,000", "Tax Rate for Calcs": "0", "Tax Effect of Unusual Items": "0"}, "4/30/2020": {"Duration": "4/30/2020", "Total Revenue": "3,363,000", "Cost of Revenue": "1,236,000", "Gross Profit": "2,127,000", "Operating Expense": "1,036,000", "Operating Income": "1,091,000", "Net Non Operating Interest Income Expense": "-77,000", "Other Income Expense": "-5,000", "Pretax Income": "1,009,000", "Tax Provision": "182,000", "Net Income Common Stockholders": "827,000", "Diluted NI Available to Com Stockholders": "827,000", "Basic EPS": "1.73", "Diluted EPS": "1.72", "Basic Average Shares": "477,765", "Diluted Average Shares": "480,409", "Total Operating Income as Reported": "1,091,000", "Total Expenses": "2,272,000", "Net Income from Continuing & Discontinued Operation": "827,000", "Normalized Income": "827,000", "Interest Income": "5,000", "Interest Expense": "82,000", "Net Interest Income": "-77,000", "EBIT": "1,091,000", "EBITDA": "-", "Reconciled Cost of Revenue": "1,236,000", "Reconciled Depreciation": "74,000", "Net Income from Continuing Operation Net Minority Interest": "827,000", "Normalized EBITDA": "1,165,000", "Tax Rate for Calcs": "0", "Tax Effect of Unusual Items": "0"}, "4/30/2019": {"Duration": "4/30/2019", "Total Revenue": "3,324,000", "Cost of Revenue": "1,158,000", "Gross Profit": "2,166,000", "Operating Expense": "1,022,000", "Operating Income": "1,144,000", "Net Non Operating Interest Income Expense": "-80,000", "Other Income Expense": "-22,000", "Pretax Income": "1,042,000", "Tax Provision": "207,000", "Net Income Common Stockholders": "835,000", "Diluted NI Available to Com Stockholders": "835,000", "Basic EPS": "1.74", "Diluted EPS": "1.73", "Basic Average Shares": "478,956", "Diluted Average Shares": "482,067", "Total Operating Income as Reported": "1,144,000", "Total Expenses": "2,180,000", "Net Income from Continuing & Discontinued Operation": "835,000", "Normalized Income": "835,000", "Interest Income": "8,000", "Interest Expense": "88,000", "Net Interest Income": "-80,000", "EBIT": "1,130,000", "EBITDA": "-", "Reconciled Cost of Revenue": "1,158,000", "Reconciled Depreciation": "72,000", "Net Income from Continuing Operation Net Minority Interest": "835,000", "Normalized EBITDA": "1,202,000", "Tax Rate for Calcs": "0", "Tax Effect of Unusual Items": "0"}}, "bs": {"4/30/2020": {"Duration": "4/30/2020", "Total Assets": "5,766,000", "Total Liabilities Net Minority Interest": "3,791,000", "Total Equity Gross Minority Interest": "1,975,000", "Total Capitalization": "4,244,000", "Common Stock Equity": "1,975,000", "Net Tangible Assets": "584,000", "Working Capital": "2,385,000", "Invested Capital": "4,577,000", "Tangible Book Value": "584,000", "Total Debt": "2,602,000", "Net Debt": "1,927,000", "Share Issued": "484,532", "Ordinary Shares Number": "478,209", "Treasury Shares Number": "6,323"}, "4/30/2019": {"Duration": "4/30/2019", "Total Assets": "5,139,000", "Total Liabilities Net Minority Interest": "3,492,000", "Total Equity Gross Minority Interest": "1,647,000", "Total Capitalization": "3,937,000", "Common Stock Equity": "1,647,000", "Net Tangible Assets": "249,000", "Working Capital": "2,016,000", "Invested Capital": "4,087,000", "Tangible Book Value": "249,000", "Total Debt": "2,440,000", "Net Debt": "2,133,000", "Share Issued": "484,532", "Ordinary Shares Number": "477,172", "Treasury Shares Number": "7,360"}}, "cf": {"TTM": {"Duration": "TTM", "Operating Cash Flow": "787,000", "Investing Cash Flow": "90,000", "Financing Cash Flow": "-59,000", "End Cash Position": "1,094,000", "Income Tax Paid Supplemental Data": "143,000", "Interest Paid Supplemental Data": "83,000", "Capital Expenditure": "-73,000", "Issuance of Debt": "344,000", "Repayment of Debt": "-217,000", "Repurchase of Capital Stock": "0", "Free Cash Flow": "714,000"}, "4/30/2020": {"Duration": "4/30/2020", "Operating Cash Flow": "724,000", "Investing Cash Flow": "-141,000", "Financing Cash Flow": "-191,000", "End Cash Position": "675,000", "Income Tax Paid Supplemental Data": "143,000", "Interest Paid Supplemental Data": "83,000", "Capital Expenditure": "-119,000", "Issuance of Debt": "0", "Repayment of Debt": "0", "Repurchase of Capital Stock": "-1,000", "Free Cash Flow": "605,000"}, "4/30/2019": {"Duration": "4/30/2019", "Operating Cash Flow": "800,000", "Investing Cash Flow": "-119,000", "Financing Cash Flow": "-599,000", "End Cash Position": "307,000", "Income Tax Paid Supplemental Data": "201,000", "Interest Paid Supplemental Data": "90,000", "Capital Expenditure": "-121,000", "Issuance of Debt": "0", "Repayment of Debt": "0", "Repurchase of Capital Stock": "-207,000", "Free Cash Flow": "679,000"}}}}, {"DEO": {"quote": {"05/11/2021": {"value": "180.39", "Market Cap": "105.505B", "Beta (5Y Monthly)": "0.43", "PE Ratio (TTM)": "66.91", "EPS (TTM)": "2.70", "Earnings Date": "N/A", "Forward Dividend & Yield": "3.73 (2.03%)", "Ex-Dividend Date": "Feb 25, 2021", "1y Target Est": "193.30"}}, "fin": {"TTM": {"Duration": "TTM", "Total Revenue": "11,426,000", "Cost of Revenue": "4,613,000", "Gross Profit": "6,813,000", "Operating Expense": "3,528,000", "Operating Income": "3,285,000", "Net Non Operating Interest Income Expense": "-396,000", "Other Income Expense": "-", "Pretax Income": "1,777,000", "Tax Provision": "596,000", "Net Income Common Stockholders": "1,124,000", "Diluted NI Available to Com Stockholders": "1,124,000", "Basic EPS": "-", "Diluted EPS": "-", "Basic Average Shares": "-", "Diluted Average Shares": "-", "Total Operating Income as Reported": "1,934,000", "Rent Expense Supplemental": "50,000", "Total Expenses": "8,141,000", "Net Income from Continuing & Discontinued Operation": "1,124,000", "Normalized Income": "2,033,842", "Interest Income": "144,000", "Interest Expense": "543,000", "Net Interest Income": "-396,000", "EBIT": "2,320,000", "EBITDA": "4,092,000", "Reconciled Cost of Revenue": "4,613,000", "Reconciled Depreciation": "1,772,000", "Net Income from Continuing Operation Net Minority Interest": "1,124,000", "Total Unusual Items Excluding Goodwill": "-1,369,000", "Total Unusual Items": "-1,369,000", "Normalized EBITDA": "5,461,000", "Tax Rate for Calcs": "0", "Tax Effect of Unusual Items": "-459,158"}, "6/30/2020": {"Duration": "6/30/2020", "Total Revenue": "11,752,000", "Cost of Revenue": "4,654,000", "Gross Profit": "7,098,000", "Operating Expense": "3,610,000", "Operating Income": "3,488,000", "Net Non Operating Interest Income Expense": "-359,000", "Other Income Expense": "-", "Pretax Income": "2,043,000", "Tax Provision": "589,000", "Net Income Common Stockholders": "1,409,000", "Diluted NI Available to Com Stockholders": "1,409,000", "Basic EPS": "2.40", "Diluted EPS": "2.40", "Basic Average Shares": "586,500", "Diluted Average Shares": "588,500", "Total Operating Income as Reported": "2,137,000", "Rent Expense Supplemental": "50,000", "Total Expenses": "8,264,000", "Net Income from Continuing & Discontinued Operation": "1,409,000", "Normalized Income": "2,387,288", "Interest Income": "208,000", "Interest Expense": "571,000", "Net Interest Income": "-359,000", "EBIT": "2,614,000", "EBITDA": "-", "Reconciled Cost of Revenue": "4,654,000", "Reconciled Depreciation": "1,839,000", "Net Income from Continuing Operation Net Minority Interest": "1,409,000", "Total Unusual Items Excluding Goodwill": "-1,374,000", "Total Unusual Items": "-1,374,000", "Normalized EBITDA": "5,827,000", "Tax Rate for Calcs": "0", "Tax Effect of Unusual Items": "-395,712"}, "6/30/2019": {"Duration": "6/30/2019", "Total Revenue": "12,867,000", "Cost of Revenue": "4,866,000", "Gross Profit": "8,001,000", "Operating Expense": "3,959,000", "Operating Income": "4,042,000", "Net Non Operating Interest Income Expense": "-271,000", "Other Income Expense": "-", "Pretax Income": "4,235,000", "Tax Provision": "898,000", "Net Income Common Stockholders": "3,160,000", "Diluted NI Available to Com Stockholders": "3,160,000", "Basic EPS": "5.23", "Diluted EPS": "5.20", "Basic Average Shares": "604,500", "Diluted Average Shares": "607,000", "Total Operating Income as Reported": "4,042,000", "Rent Expense Supplemental": "120,000", "Total Expenses": "8,825,000", "Net Income from Continuing & Discontinued Operation": "3,160,000", "Normalized Income": "3,048,104", "Interest Income": "248,000", "Interest Expense": "506,000", "Net Interest Income": "-271,000", "EBIT": "4,741,000", "EBITDA": "-", "Reconciled Cost of Revenue": "4,866,000", "Reconciled Depreciation": "374,000", "Net Income from Continuing Operation Net Minority Interest": "3,160,000", "Total Unusual Items Excluding Goodwill": "142,000", "Total Unusual Items": "142,000", "Normalized EBITDA": "4,973,000", "Tax Rate for Calcs": "0", "Tax Effect of Unusual Items": "30,104"}, "6/30/2018": {"Duration": "6/30/2018", "Total Revenue": "12,163,000", "Cost of Revenue": "4,634,000", "Gross Profit": "7,529,000", "Operating Expense": "3,838,000", "Operating Income": "3,691,000", "Net Non Operating Interest Income Expense": "-277,000", "Other Income Expense": "-", "Pretax Income": "3,740,000", "Tax Provision": "596,000", "Net Income Common Stockholders": "3,022,000", "Diluted NI Available to Com Stockholders": "3,022,000", "Basic EPS": "4.87", "Diluted EPS": "4.84", "Basic Average Shares": "621,000", "Diluted Average Shares": "623,750", "Total Operating Income as Reported": "3,691,000", "Rent Expense Supplemental": "108,000", "Total Expenses": "8,472,000", "Net Income from Continuing & Discontinued Operation": "3,022,000", "Normalized Income": "3,022,841", "Interest Income": "155,000", "Interest Expense": "409,000", "Net Interest Income": "-277,000", "EBIT": "4,149,000", "EBITDA": "-", "Reconciled Cost of Revenue": "4,634,000", "Reconciled Depreciation": "493,000", "Net Income from Continuing Operation Net Minority Interest": "3,022,000", "Total Unusual Items Excluding Goodwill": "-1,000", "Total Unusual Items": "-1,000", "Normalized EBITDA": "4,643,000", "Tax Rate for Calcs": "0", "Tax Effect of Unusual Items": "-159"}}, "bs": {"6/30/2020": {"Duration": "6/30/2020", "Total Assets": "33,308,000", "Total Liabilities Net Minority Interest": "24,868,000", "Total Equity Gross Minority Interest": "8,440,000", "Total Capitalization": "21,562,000", "Common Stock Equity": "6,772,000", "Capital Lease Obligations": "470,000", "Net Tangible Assets": "-4,528,000", "Working Capital": "4,975,000", "Invested Capital": "23,557,000", "Tangible Book Value": "-4,528,000", "Total Debt": "17,255,000", "Net Debt": "13,462,000", "Share Issued": "2,562,000", "Ordinary Shares Number": "2,335,000", "Treasury Shares Number": "227,000"}, "6/30/2019": {"Duration": "6/30/2019", "Total Assets": "31,296,000", "Total Liabilities Net Minority Interest": "21,140,000", "Total Equity Gross Minority Interest": "10,156,000", "Total Capitalization": "18,957,000", "Common Stock Equity": "8,361,000", "Capital Lease Obligations": "128,000", "Net Tangible Assets": "-4,196,000", "Working Capital": "2,370,000", "Invested Capital": "20,916,000", "Tangible Book Value": "-4,196,000", "Total Debt": "12,683,000", "Net Debt": "11,623,000", "Share Issued": "2,601,000", "Ordinary Shares Number": "2,379,000", "Treasury Shares Number": "222,000"}, "6/30/2018": {"Duration": "6/30/2018", "Total Assets": "29,715,000", "Total Liabilities Net Minority Interest": "18,002,000", "Total Equity Gross Minority Interest": "11,713,000", "Total Capitalization": "18,022,000", "Common Stock Equity": "9,948,000", "Capital Lease Obligations": "155,000", "Net Tangible Assets": "-2,624,000", "Working Capital": "2,331,000", "Invested Capital": "19,850,000", "Tangible Book Value": "-2,624,000", "Total Debt": "10,057,000", "Net Debt": "9,028,000", "Share Issued": "2,754,000", "Ordinary Shares Number": "2,532,000", "Treasury Shares Number": "222,000"}}, "cf": {"TTM": {"Duration": "TTM", "Operating Cash Flow": "3,030,000", "Investing Cash Flow": "-981,000", "Financing Cash Flow": "136,000", "End Cash Position": "3,004,000", "Capital Expenditure": "-620,000", "Issuance of Capital Stock": "30,000", "Issuance of Debt": "4,721,000", "Repayment of Debt": "-2,697,000", "Repurchase of Capital Stock": "-1,282,000", "Free Cash Flow": "2,410,000"}, "6/30/2020": {"Duration": "6/30/2020", "Operating Cash Flow": "2,320,000", "Investing Cash Flow": "-805,000", "Financing Cash Flow": "1,037,000", "End Cash Position": "3,153,000", "Capital Expenditure": "-700,000", "Issuance of Capital Stock": "55,000", "Issuance of Debt": "5,188,000", "Repayment of Debt": "-1,105,000", "Repurchase of Capital Stock": "-1,282,000", "Free Cash Flow": "1,620,000"}, "6/30/2019": {"Duration": "6/30/2019", "Operating Cash Flow": "3,248,000", "Investing Cash Flow": "-270,000", "Financing Cash Flow": "-2,924,000", "End Cash Position": "721,000", "Capital Expenditure": "-671,000", "Issuance of Capital Stock": "51,000", "Issuance of Debt": "3,487,000", "Repayment of Debt": "-1,168,000", "Repurchase of Capital Stock": "-2,775,000", "Free Cash Flow": "2,577,000"}, "6/30/2018": {"Duration": "6/30/2018", "Operating Cash Flow": "3,084,000", "Investing Cash Flow": "-1,151,000", "Financing Cash Flow": "-2,118,000", "End Cash Position": "693,000", "Capital Expenditure": "-584,000", "Issuance of Capital Stock": "1,000", "Issuance of Debt": "2,612,000", "Repayment of Debt": "-1,597,000", "Repurchase of Capital Stock": "-1,499,000", "Free Cash Flow": "2,500,000"}}}}, {"ESDI": {"quote": {"05/11/2021": {"value": "", "Net Assets": "N/A", "Beta (5Y Monthly)": "N/A", "Yield": "N/A", "5y Average Return": "N/A", "Holdings Turnover": "N/A", "Last Dividend": "N/A", "Average for Category": "N/A", "Inception Date": "N/A"}}, "fin": {}, "bs": {}, "cf": {}}}, {"MGPI": {"quote": {"05/11/2021": {"value": "62.04", "Market Cap": "1.351B", "Beta (5Y Monthly)": "1.48", "PE Ratio (TTM)": "23.02", "EPS (TTM)": "2.69", "Earnings Date": "Jul 28, 2021 - Aug 02, 2021", "Forward Dividend & Yield": "0.48 (0.75%)", "Ex-Dividend Date": "May 20, 2021", "1y Target Est": "72.00"}}, "fin": {"TTM": {"Duration": "TTM", "Total Revenue": "404,762", "Cost of Revenue": "296,868", "Gross Profit": "107,894", "Operating Expense": "46,861", "Operating Income": "61,033", "Net Non Operating Interest Income Expense": "-1,456", "Other Income Expense": "-", "Pretax Income": "59,577", "Tax Provision": "13,647", "Net Income Common Stockholders": "45,589", "Diluted NI Available to Com Stockholders": "45,589", "Basic EPS": "-", "Diluted EPS": "-", "Basic Average Shares": "-", "Diluted Average Shares": "-", "Total Operating Income as Reported": "61,033", "Total Expenses": "343,729", "Net Income from Continuing & Discontinued Operation": "45,930", "Normalized Income": "45,930", "Interest Expense": "1,456", "Net Interest Income": "-1,456", "EBIT": "61,033", "EBITDA": "74,180", "Reconciled Cost of Revenue": "296,868", "Reconciled Depreciation": "13,147", "Net Income from Continuing Operation Net Minority Interest": "45,930", "Total Unusual Items Excluding Goodwill": "-", "Total Unusual Items": "-", "Normalized EBITDA": "74,180", "Tax Rate for Calcs": "0", "Tax Effect of Unusual Items": "0"}, "12/31/2020": {"Duration": "12/31/2020", "Total Revenue": "395,521", "Cost of Revenue": "296,715", "Gross Profit": "98,806", "Operating Expense": "44,565", "Operating Income": "54,241", "Net Non Operating Interest Income Expense": "-1,640", "Other Income Expense": "-", "Pretax Income": "52,601", "Tax Provision": "12,256", "Net Income Common Stockholders": "40,084", "Diluted NI Available to Com Stockholders": "40,084", "Basic EPS": "-", "Diluted EPS": "-", "Basic Average Shares": "-", "Diluted Average Shares": "-", "Total Operating Income as Reported": "54,241", "Total Expenses": "341,280", "Net Income from Continuing & Discontinued Operation": "40,345", "Normalized Income": "40,345", "Interest Expense": "1,640", "Net Interest Income": "-1,640", "EBIT": "54,241", "EBITDA": "-", "Reconciled Cost of Revenue": "296,715", "Reconciled Depreciation": "12,961", "Net Income from Continuing Operation Net Minority Interest": "40,345", "Total Unusual Items Excluding Goodwill": "-", "Total Unusual Items": "-", "Normalized EBITDA": "67,202", "Tax Rate for Calcs": "0", "Tax Effect of Unusual Items": "0"}, "12/31/2019": {"Duration": "12/31/2019", "Total Revenue": "362,745", "Cost of Revenue": "286,213", "Gross Profit": "76,532", "Operating Expense": "29,290", "Operating Income": "47,242", "Net Non Operating Interest Income Expense": "-1,305", "Other Income Expense": "-", "Pretax Income": "45,937", "Tax Provision": "7,144", "Net Income Common Stockholders": "38,540", "Diluted NI Available to Com Stockholders": "38,540", "Basic EPS": "2.27", "Diluted EPS": "2.27", "Basic Average Shares": "17,012", "Diluted Average Shares": "17,012", "Total Operating Income as Reported": "47,242", "Total Expenses": "315,503", "Net Income from Continuing & Discontinued Operation": "38,793", "Normalized Income": "38,793", "Interest Expense": "1,305", "Net Interest Income": "-1,305", "EBIT": "47,242", "EBITDA": "-", "Reconciled Cost of Revenue": "286,213", "Reconciled Depreciation": "11,572", "Net Income from Continuing Operation Net Minority Interest": "38,793", "Total Unusual Items Excluding Goodwill": "0", "Total Unusual Items": "0", "Normalized EBITDA": "58,814", "Tax Rate for Calcs": "0", "Tax Effect of Unusual Items": "0"}, "12/31/2018": {"Duration": "12/31/2018", "Total Revenue": "376,089", "Cost of Revenue": "292,490", "Gross Profit": "83,599", "Operating Expense": "33,451", "Operating Income": "50,148", "Net Non Operating Interest Income Expense": "-1,168", "Other Income Expense": "-", "Pretax Income": "48,980", "Tax Provision": "11,696", "Net Income Common Stockholders": "36,576", "Diluted NI Available to Com Stockholders": "36,576", "Basic EPS": "2.17", "Diluted EPS": "2.17", "Basic Average Shares": "16,866", "Diluted Average Shares": "16,866", "Total Operating Income as Reported": "50,148", "Total Expenses": "325,941", "Net Income from Continuing & Discontinued Operation": "37,284", "Normalized Income": "37,284", "Interest Expense": "1,168", "Net Interest Income": "-1,168", "EBIT": "50,148", "EBITDA": "-", "Reconciled Cost of Revenue": "292,490", "Reconciled Depreciation": "11,362", "Net Income from Continuing Operation Net Minority Interest": "37,284", "Total Unusual Items Excluding Goodwill": "0", "Total Unusual Items": "0", "Normalized EBITDA": "61,510", "Tax Rate for Calcs": "0", "Tax Effect of Unusual Items": "0"}}, "bs": {"12/31/2020": {"Duration": "12/31/2020", "Total Assets": "366,575", "Total Liabilities Net Minority Interest": "104,049", "Total Equity Gross Minority Interest": "262,526", "Total Capitalization": "300,797", "Preferred Stock Equity": "4", "Common Stock Equity": "262,522", "Capital Lease Obligations": "5,169", "Net Tangible Assets": "262,526", "Working Capital": "168,954", "Invested Capital": "302,393", "Tangible Book Value": "262,522", "Total Debt": "45,040", "Net Debt": "18,209", "Share Issued": "18,116", "Ordinary Shares Number": "16,916", "Preferred Shares Number": "0.437", "Treasury Shares Number": "1,200"}, "12/31/2019": {"Duration": "12/31/2019", "Total Assets": "322,597", "Total Liabilities Net Minority Interest": "91,553", "Total Equity Gross Minority Interest": "231,044", "Total Capitalization": "271,703", "Preferred Stock Equity": "4", "Common Stock Equity": "231,040", "Capital Lease Obligations": "6,511", "Net Tangible Assets": "231,044", "Working Capital": "144,911", "Invested Capital": "272,100", "Tangible Book Value": "231,040", "Total Debt": "47,571", "Net Debt": "37,751", "Share Issued": "18,116", "Ordinary Shares Number": "17,028", "Preferred Shares Number": "0.437", "Treasury Shares Number": "1,088"}, "12/31/2018": {"Duration": "12/31/2018", "Total Assets": "277,892", "Total Liabilities Net Minority Interest": "76,451", "Total Equity Gross Minority Interest": "201,441", "Total Capitalization": "233,069", "Preferred Stock Equity": "4", "Common Stock Equity": "201,437", "Capital Lease Obligations": "-", "Net Tangible Assets": "201,441", "Working Capital": "117,160", "Invested Capital": "233,451", "Tangible Book Value": "201,437", "Total Debt": "32,014", "Net Debt": "26,989", "Share Issued": "18,116", "Ordinary Shares Number": "16,856", "Preferred Shares Number": "0.437", "Treasury Shares Number": "1,260"}}, "cf": {"TTM": {"Duration": "TTM", "Operating Cash Flow": "69,703", "Investing Cash Flow": "-24,798", "Financing Cash Flow": "-64,978", "End Cash Position": "22,586", "Capital Expenditure": "-26,115", "Issuance of Debt": "0", "Repayment of Debt": "-56,108", "Repurchase of Capital Stock": "-690", "Free Cash Flow": "43,588"}, "12/31/2020": {"Duration": "12/31/2020", "Operating Cash Flow": "53,255", "Investing Cash Flow": "-19,647", "Financing Cash Flow": "-15,255", "End Cash Position": "21,662", "Capital Expenditure": "-19,701", "Issuance of Debt": "54,700", "Repayment of Debt": "-56,208", "Repurchase of Capital Stock": "-4,411", "Free Cash Flow": "33,554"}, "12/31/2019": {"Duration": "12/31/2019", "Operating Cash Flow": "19,722", "Investing Cash Flow": "-17,931", "Financing Cash Flow": "-3,507", "End Cash Position": "3,309", "Capital Expenditure": "-16,730", "Issuance of Debt": "37,440", "Repayment of Debt": "-28,526", "Repurchase of Capital Stock": "-5,489", "Free Cash Flow": "2,992"}, "12/31/2018": {"Duration": "12/31/2018", "Operating Cash Flow": "33,481", "Investing Cash Flow": "-31,046", "Financing Cash Flow": "-494", "End Cash Position": "5,025", "Capital Expenditure": "-31,046", "Issuance of Debt": "28,966", "Repayment of Debt": "-21,636", "Repurchase of Capital Stock": "-2,324", "Free Cash Flow": "2,435"}}}}, {"THST": {"quote": {"05/11/2021": {"value": "0.8475", "Market Cap": "2.663M", "Beta (5Y Monthly)": "0.78", "PE Ratio (TTM)": "N/A", "EPS (TTM)": "-0.0200", "Earnings Date": "Mar 20, 2019 - Mar 21, 2019", "Forward Dividend & Yield": "N/A (N/A)", "Ex-Dividend Date": "N/A", "1y Target Est": "N/A"}}, "fin": {"TTM": {"Duration": "TTM", "Total Revenue": "6,707", "Cost of Revenue": "2,508", "Gross Profit": "4,199", "Operating Expense": "5,491", "Operating Income": "-1,292", "Net Non Operating Interest Income Expense": "58", "Other Income Expense": "2,330", "Pretax Income": "1,096", "Tax Provision": "2", "Net Income Common Stockholders": "-70", "Diluted NI Available to Com Stockholders": "-70", "Basic EPS": "-", "Diluted EPS": "-", "Basic Average Shares": "-", "Diluted Average Shares": "-", "Total Operating Income as Reported": "-1,372", "Total Expenses": "7,999", "Net Income from Continuing & Discontinued Operation": "-70", "Normalized Income": "-541.19", "Net Interest Income": "58", "EBIT": "-1,292", "EBITDA": "-422", "Reconciled Cost of Revenue": "2,508", "Reconciled Depreciation": "870", "Net Income from Continuing Operation Net Minority Interest": "1,140", "Total Unusual Items Excluding Goodwill": "2,303", "Total Unusual Items": "2,303", "Normalized EBITDA": "-2,725", "Tax Rate for Calcs": "0", "Tax Effect of Unusual Items": "621.81"}, "6/30/2018": {"Duration": "6/30/2018", "Total Revenue": "6,471", "Cost of Revenue": "2,502", "Gross Profit": "3,969", "Operating Expense": "3,847", "Operating Income": "122", "Net Non Operating Interest Income Expense": "-102", "Other Income Expense": "1,950", "Pretax Income": "1,970", "Tax Provision": "2", "Net Income Common Stockholders": "-648", "Diluted NI Available to Com Stockholders": "-648", "Basic EPS": "-0.14", "Diluted EPS": "-0.14", "Basic Average Shares": "4,470", "Diluted Average Shares": "4,470", "Total Operating Income as Reported": "106", "Total Expenses": "6,349", "Net Income from Continuing & Discontinued Operation": "-648", "Normalized Income": "985.53", "Net Interest Income": "-102", "EBIT": "122", "EBITDA": "-", "Reconciled Cost of Revenue": "2,502", "Reconciled Depreciation": "929", "Net Income from Continuing Operation Net Minority Interest": "2,401", "Total Unusual Items Excluding Goodwill": "1,939", "Total Unusual Items": "1,939", "Normalized EBITDA": "-888", "Tax Rate for Calcs": "0", "Tax Effect of Unusual Items": "523.53"}}, "bs": {"6/30/2018": {"Duration": "6/30/2018", "Total Assets": "31,182", "Total Liabilities Net Minority Interest": "15,742", "Total Equity Gross Minority Interest": "15,440", "Total Capitalization": "10,232", "Common Stock Equity": "10,232", "Capital Lease Obligations": "63", "Net Tangible Assets": "10,194", "Working Capital": "9,061", "Invested Capital": "21,525", "Tangible Book Value": "10,194", "Total Debt": "11,356", "Net Debt": "11,015", "Share Issued": "4,536", "Ordinary Shares Number": "4,536"}}, "cf": {"TTM": {"Duration": "TTM", "Operating Cash Flow": "13,694", "Investing Cash Flow": "1,478", "Financing Cash Flow": "-11,814", "End Cash Position": "3,618", "Income Tax Paid Supplemental Data": "1", "Interest Paid Supplemental Data": "464", "Capital Expenditure": "-605", "Issuance of Debt": "-327", "Repayment of Debt": "-3,540", "Free Cash Flow": "13,089"}, "6/30/2018": {"Duration": "6/30/2018", "Operating Cash Flow": "-1,185", "Investing Cash Flow": "182", "Financing Cash Flow": "500", "End Cash Position": "278", "Income Tax Paid Supplemental Data": "1", "Interest Paid Supplemental Data": "470", "Capital Expenditure": "-1,924", "Issuance of Debt": "0", "Repayment of Debt": "-596", "Free Cash Flow": "-3,109"}}}}, {"WVVI": {"quote": {"05/11/2021": {"value": "14.87", "Market Cap": "73.823M", "Beta (5Y Monthly)": "1.04", "PE Ratio (TTM)": "32.40", "EPS (TTM)": "0.46", "Earnings Date": "Mar 15, 2021", "Forward Dividend & Yield": "N/A (N/A)", "Ex-Dividend Date": "N/A", "1y Target Est": "N/A"}}, "fin": {"TTM": {"Duration": "TTM", "Total Revenue": "27,315", "Cost of Revenue": "10,585", "Gross Profit": "16,730", "Operating Expense": "11,728", "Operating Income": "5,002", "Net Non Operating Interest Income Expense": "-393.039", "Other Income Expense": "165.916", "Pretax Income": "4,775", "Tax Provision": "1,380", "Net Income Common Stockholders": "2,279", "Diluted NI Available to Com Stockholders": "2,279", "Basic EPS": "-", "Diluted EPS": "-", "Basic Average Shares": "-", "Diluted Average Shares": "-", "Total Operating Income as Reported": "5,002", "Total Expenses": "22,313", "Net Income from Continuing & Discontinued Operation": "3,395", "Normalized Income": "3,395", "Interest Income": "21.022", "Interest Expense": "414.061", "Net Interest Income": "-393.039", "EBIT": "5,189", "EBITDA": "7,001", "Reconciled Cost of Revenue": "10,585", "Reconciled Depreciation": "1,812", "Net Income from Continuing Operation Net Minority Interest": "3,395", "Total Unusual Items Excluding Goodwill": "-", "Total Unusual Items": "-", "Normalized EBITDA": "7,001", "Tax Rate for Calcs": "0", "Tax Effect of Unusual Items": "0"}, "12/31/2020": {"Duration": "12/31/2020", "Total Revenue": "27,315", "Cost of Revenue": "10,585", "Gross Profit": "16,730", "Operating Expense": "11,728", "Operating Income": "5,002", "Net Non Operating Interest Income Expense": "-393.039", "Other Income Expense": "165.916", "Pretax Income": "4,775", "Tax Provision": "1,380", "Net Income Common Stockholders": "2,279", "Diluted NI Available to Com Stockholders": "2,279", "Basic EPS": "-", "Diluted EPS": "-", "Basic Average Shares": "-", "Diluted Average Shares": "-", "Total Operating Income as Reported": "5,002", "Total Expenses": "22,313", "Net Income from Continuing & Discontinued Operation": "3,395", "Normalized Income": "3,395", "Interest Income": "21.022", "Interest Expense": "414.061", "Net Interest Income": "-393.039", "EBIT": "5,189", "EBITDA": "-", "Reconciled Cost of Revenue": "10,585", "Reconciled Depreciation": "1,812", "Net Income from Continuing Operation Net Minority Interest": "3,395", "Total Unusual Items Excluding Goodwill": "-", "Total Unusual Items": "-", "Normalized EBITDA": "7,001", "Tax Rate for Calcs": "0", "Tax Effect of Unusual Items": "0"}, "12/31/2019": {"Duration": "12/31/2019", "Total Revenue": "24,749", "Cost of Revenue": "9,455", "Gross Profit": "15,295", "Operating Expense": "11,567", "Operating Income": "3,728", "Net Non Operating Interest Income Expense": "-392.933", "Other Income Expense": "128.433", "Pretax Income": "3,463", "Tax Provision": "952.123", "Net Income Common Stockholders": "1,485", "Diluted NI Available to Com Stockholders": "1,485", "Basic EPS": "0.30", "Diluted EPS": "0.30", "Basic Average Shares": "4,965", "Diluted Average Shares": "4,965", "Total Operating Income as Reported": "3,728", "Total Expenses": "21,022", "Net Income from Continuing & Discontinued Operation": "2,511", "Normalized Income": "2,511", "Interest Income": "48.066", "Interest Expense": "440.999", "Net Interest Income": "-392.933", "EBIT": "3,904", "EBITDA": "-", "Reconciled Cost of Revenue": "9,455", "Reconciled Depreciation": "1,812", "Net Income from Continuing Operation Net Minority Interest": "2,511", "Total Unusual Items Excluding Goodwill": "-", "Total Unusual Items": "-", "Normalized EBITDA": "5,716", "Tax Rate for Calcs": "0", "Tax Effect of Unusual Items": "0"}, "12/31/2018": {"Duration": "12/31/2018", "Total Revenue": "23,080", "Cost of Revenue": "8,298", "Gross Profit": "14,781", "Operating Expense": "10,599", "Operating Income": "4,183", "Net Non Operating Interest Income Expense": "-431.098", "Other Income Expense": "187.969", "Pretax Income": "3,940", "Tax Provision": "1,081", "Net Income Common Stockholders": "1,840", "Diluted NI Available to Com Stockholders": "1,840", "Basic EPS": "0.37", "Diluted EPS": "0.37", "Basic Average Shares": "4,965", "Diluted Average Shares": "4,965", "Total Operating Income as Reported": "4,183", "Total Expenses": "18,897", "Net Income from Continuing & Discontinued Operation": "2,859", "Normalized Income": "2,859", "Interest Income": "26.591", "Interest Expense": "457.689", "Net Interest Income": "-431.098", "EBIT": "4,397", "EBITDA": "-", "Reconciled Cost of Revenue": "8,298", "Reconciled Depreciation": "1,692", "Net Income from Continuing Operation Net Minority Interest": "2,859", "Total Unusual Items Excluding Goodwill": "-", "Total Unusual Items": "-", "Normalized EBITDA": "6,090", "Tax Rate for Calcs": "0", "Tax Effect of Unusual Items": "0"}}, "bs": {"12/31/2020": {"Duration": "12/31/2020", "Total Assets": "79,490", "Total Liabilities Net Minority Interest": "20,668", "Total Equity Gross Minority Interest": "58,822", "Total Capitalization": "64,211", "Preferred Stock Equity": "25,817", "Common Stock Equity": "33,005", "Capital Lease Obligations": "5,002", "Net Tangible Assets": "58,822", "Working Capital": "27,723", "Invested Capital": "40,229", "Tangible Book Value": "33,005", "Total Debt": "12,226", "Net Debt": "-", "Share Issued": "4,965", "Ordinary Shares Number": "4,965", "Preferred Shares Number": "4,663"}, "12/31/2019": {"Duration": "12/31/2019", "Total Assets": "67,915", "Total Liabilities Net Minority Interest": "18,870", "Total Equity Gross Minority Interest": "49,045", "Total Capitalization": "54,871", "Preferred Stock Equity": "18,319", "Common Stock Equity": "30,726", "Capital Lease Obligations": "4,918", "Net Tangible Assets": "49,045", "Working Capital": "21,395", "Invested Capital": "38,459", "Tangible Book Value": "30,726", "Total Debt": "12,651", "Net Debt": "682.836", "Share Issued": "4,965", "Ordinary Shares Number": "4,965", "Preferred Shares Number": "4,663"}, "12/31/2018": {"Duration": "12/31/2018", "Total Assets": "61,483", "Total Liabilities Net Minority Interest": "13,922", "Total Equity Gross Minority Interest": "47,560", "Total Capitalization": "53,812", "Preferred Stock Equity": "18,319", "Common Stock Equity": "29,241", "Capital Lease Obligations": "-", "Net Tangible Assets": "47,560", "Working Capital": "23,239", "Invested Capital": "37,595", "Tangible Book Value": "29,241", "Total Debt": "8,354", "Net Debt": "-", "Share Issued": "4,965", "Ordinary Shares Number": "4,965", "Preferred Shares Number": "4,663"}}, "cf": {"TTM": {"Duration": "TTM", "Operating Cash Flow": "5,421", "Investing Cash Flow": "-4,772", "Financing Cash Flow": "6,301", "End Cash Position": "14,000", "Income Tax Paid Supplemental Data": "956.672", "Interest Paid Supplemental Data": "413.319", "Capital Expenditure": "-4,179", "Issuance of Capital Stock": "7,498", "Issuance of Debt": "-", "Repayment of Debt": "-522.181", "Repurchase of Capital Stock": "-", "Free Cash Flow": "1,242"}, "12/31/2020": {"Duration": "12/31/2020", "Operating Cash Flow": "5,421", "Investing Cash Flow": "-4,772", "Financing Cash Flow": "6,301", "End Cash Position": "14,000", "Income Tax Paid Supplemental Data": "956.672", "Interest Paid Supplemental Data": "413.319", "Capital Expenditure": "-4,179", "Issuance of Capital Stock": "7,498", "Issuance of Debt": "-", "Repayment of Debt": "-522.181", "Repurchase of Capital Stock": "-", "Free Cash Flow": "1,242"}, "12/31/2019": {"Duration": "12/31/2019", "Operating Cash Flow": "4,291", "Investing Cash Flow": "-5,319", "Financing Cash Flow": "-1,660", "End Cash Position": "7,050", "Income Tax Paid Supplemental Data": "740.25", "Interest Paid Supplemental Data": "441.693", "Capital Expenditure": "-4,535", "Issuance of Capital Stock": "0", "Issuance of Debt": "-", "Repayment of Debt": "-634.026", "Repurchase of Capital Stock": "-", "Free Cash Flow": "-243.549"}, "12/31/2018": {"Duration": "12/31/2018", "Operating Cash Flow": "2,302", "Investing Cash Flow": "-5,262", "Financing Cash Flow": "-1,079", "End Cash Position": "9,737", "Income Tax Paid Supplemental Data": "670", "Interest Paid Supplemental Data": "454.902", "Capital Expenditure": "-4,046", "Issuance of Capital Stock": "979.594", "Issuance of Debt": "0", "Repayment of Debt": "-609.412", "Repurchase of Capital Stock": "0", "Free Cash Flow": "-1,744"}}}}, {"ICNB": {"quote": {"05/11/2021": {"value": "0.4000", "Market Cap": "7.14M", "Beta (5Y Monthly)": "0.80", "PE Ratio (TTM)": "N/A", "EPS (TTM)": "-0.2180", "Earnings Date": "Apr 15, 2020", "Forward Dividend & Yield": "N/A (N/A)", "Ex-Dividend Date": "N/A", "1y Target Est": "N/A"}}, "fin": {"TTM": {"Duration": "TTM", "Total Revenue": "2,849", "Cost of Revenue": "1,828", "Gross Profit": "1,021", "Operating Expense": "4,219", "Operating Income": "-3,198", "Net Non Operating Interest Income Expense": "-", "Other Income Expense": "-483.472", "Pretax Income": "-3,682", "Net Income Common Stockholders": "-3,572", "Diluted NI Available to Com Stockholders": "-3,572", "Basic EPS": "-", "Diluted EPS": "-", "Basic Average Shares": "-", "Diluted Average Shares": "-", "Total Operating Income as Reported": "-3,198", "Rent Expense Supplemental": "121.579", "Total Expenses": "6,047", "Net Income from Continuing & Discontinued Operation": "-3,572", "Normalized Income": "-3,088", "Interest Expense": "-", "Net Interest Income": "-", "EBIT": "-3,198", "EBITDA": "-3,169", "Reconciled Cost of Revenue": "1,828", "Reconciled Depreciation": "29.196", "Net Income from Continuing Operation Net Minority Interest": "-3,572", "Total Unusual Items Excluding Goodwill": "-483.472", "Total Unusual Items": "-483.472", "Normalized EBITDA": "-2,685", "Tax Rate for Calcs": "0", "Tax Effect of Unusual Items": "0"}, "12/31/2020": {"Duration": "12/31/2020", "Total Revenue": "2,849", "Cost of Revenue": "1,828", "Gross Profit": "1,021", "Operating Expense": "4,219", "Operating Income": "-3,198", "Net Non Operating Interest Income Expense": "-", "Other Income Expense": "-483.472", "Pretax Income": "-3,682", "Net Income Common Stockholders": "-3,572", "Diluted NI Available to Com Stockholders": "-3,572", "Basic EPS": "-", "Diluted EPS": "-", "Basic Average Shares": "-", "Diluted Average Shares": "-", "Total Operating Income as Reported": "-3,198", "Rent Expense Supplemental": "121.579", "Total Expenses": "6,047", "Net Income from Continuing & Discontinued Operation": "-3,572", "Normalized Income": "-3,088", "Interest Expense": "-", "Net Interest Income": "-", "EBIT": "-3,198", "EBITDA": "-", "Reconciled Cost of Revenue": "1,828", "Reconciled Depreciation": "29.196", "Net Income from Continuing Operation Net Minority Interest": "-3,572", "Total Unusual Items Excluding Goodwill": "-483.472", "Total Unusual Items": "-483.472", "Normalized EBITDA": "-2,685", "Tax Rate for Calcs": "0", "Tax Effect of Unusual Items": "0"}, "12/31/2019": {"Duration": "12/31/2019", "Total Revenue": "1,210", "Cost of Revenue": "932.43", "Gross Profit": "277.812", "Operating Expense": "3,609", "Operating Income": "-3,331", "Net Non Operating Interest Income Expense": "0", "Other Income Expense": "-", "Pretax Income": "-3,331", "Net Income Common Stockholders": "-3,954", "Diluted NI Available to Com Stockholders": "-3,954", "Basic EPS": "-0.37", "Diluted EPS": "-0.37", "Basic Average Shares": "10,818", "Diluted Average Shares": "10,818", "Total Operating Income as Reported": "-3,331", "Rent Expense Supplemental": "115.759", "Total Expenses": "4,542", "Net Income from Continuing & Discontinued Operation": "-3,954", "Normalized Income": "-2,907", "Interest Expense": "0", "Net Interest Income": "0", "EBIT": "-3,331", "EBITDA": "-", "Reconciled Cost of Revenue": "932.43", "Reconciled Depreciation": "-", "Net Income from Continuing Operation Net Minority Interest": "-2,907", "Total Unusual Items Excluding Goodwill": "0", "Total Unusual Items": "0", "Normalized EBITDA": "-3,331", "Tax Rate for Calcs": "0", "Tax Effect of Unusual Items": "0"}, "12/31/2018": {"Duration": "12/31/2018", "Total Revenue": "566.136", "Cost of Revenue": "358.653", "Gross Profit": "207.483", "Operating Expense": "2,467", "Operating Income": "-2,259", "Net Non Operating Interest Income Expense": "-140.672", "Other Income Expense": "-2,451", "Pretax Income": "-4,851", "Net Income Common Stockholders": "-4,157", "Diluted NI Available to Com Stockholders": "-4,157", "Basic EPS": "-0.49", "Diluted EPS": "-0.49", "Basic Average Shares": "6,348", "Diluted Average Shares": "6,348", "Total Operating Income as Reported": "-2,259", "Rent Expense Supplemental": "164.301", "Total Expenses": "2,825", "Net Income from Continuing & Discontinued Operation": "-4,157", "Normalized Income": "-1,706", "Interest Expense": "140.672", "Net Interest Income": "-140.672", "EBIT": "-4,710", "EBITDA": "-", "Reconciled Cost of Revenue": "358.653", "Reconciled Depreciation": "-", "Net Income from Continuing Operation Net Minority Interest": "-4,157", "Total Unusual Items Excluding Goodwill": "-2,451", "Total Unusual Items": "-2,451", "Normalized EBITDA": "-2,259", "Tax Rate for Calcs": "0", "Tax Effect of Unusual Items": "0"}}, "bs": {"12/31/2020": {"Duration": "12/31/2020", "Total Assets": "1,355", "Total Liabilities Net Minority Interest": "3,183", "Total Equity Gross Minority Interest": "-1,828", "Total Capitalization": "-675.313", "Preferred Stock Equity": "3,891", "Common Stock Equity": "-4,566", "Capital Lease Obligations": "49.147", "Net Tangible Assets": "-675.313", "Working Capital": "-1,884", "Invested Capital": "-4,522", "Tangible Book Value": "-4,566", "Total Debt": "93.242", "Share Issued": "18,269", "Ordinary Shares Number": "17,269", "Preferred Shares Number": "-", "Treasury Shares Number": "1,000"}, "12/31/2019": {"Duration": "12/31/2019", "Total Assets": "2,568", "Total Liabilities Net Minority Interest": "2,078", "Total Equity Gross Minority Interest": "490.198", "Total Capitalization": "1,530", "Preferred Stock Equity": "3,159", "Common Stock Equity": "-1,628", "Capital Lease Obligations": "140.129", "Net Tangible Assets": "1,530", "Working Capital": "-617.491", "Invested Capital": "-1,543", "Tangible Book Value": "-1,628", "Total Debt": "225.26", "Share Issued": "14,577", "Ordinary Shares Number": "14,577", "Preferred Shares Number": "-", "Treasury Shares Number": "-"}, "12/31/2018": {"Duration": "12/31/2018", "Total Assets": "563.239", "Total Liabilities Net Minority Interest": "3,601", "Total Equity Gross Minority Interest": "-3,037", "Total Capitalization": "-2,422", "Preferred Stock Equity": "6.605", "Common Stock Equity": "-2,429", "Capital Lease Obligations": "-", "Net Tangible Assets": "-2,422", "Working Capital": "-776.328", "Invested Capital": "-2,401", "Tangible Book Value": "-2,429", "Total Debt": "28.091", "Share Issued": "5,440", "Ordinary Shares Number": "5,440", "Preferred Shares Number": "-", "Treasury Shares Number": "-"}}, "cf": {"TTM": {"Duration": "TTM", "Operating Cash Flow": "-1,071", "Investing Cash Flow": "-19.708", "Financing Cash Flow": "1,284", "End Cash Position": "457.041", "Income Tax Paid Supplemental Data": "0", "Interest Paid Supplemental Data": "0", "Capital Expenditure": "-19.708", "Issuance of Capital Stock": "1,325", "Issuance of Debt": "28.458", "Repayment of Debt": "-69.494", "Free Cash Flow": "-1,091"}, "12/31/2020": {"Duration": "12/31/2020", "Operating Cash Flow": "-1,071", "Investing Cash Flow": "-19.708", "Financing Cash Flow": "1,284", "End Cash Position": "457.041", "Income Tax Paid Supplemental Data": "0", "Interest Paid Supplemental Data": "0", "Capital Expenditure": "-19.708", "Issuance of Capital Stock": "1,325", "Issuance of Debt": "28.458", "Repayment of Debt": "-69.494", "Free Cash Flow": "-1,091"}, "12/31/2019": {"Duration": "12/31/2019", "Operating Cash Flow": "-2,737", "Investing Cash Flow": "-817.213", "Financing Cash Flow": "3,626", "End Cash Position": "263.638", "Income Tax Paid Supplemental Data": "0", "Interest Paid Supplemental Data": "0", "Capital Expenditure": "-20", "Issuance of Capital Stock": "3,312", "Issuance of Debt": "-", "Repayment of Debt": "-10", "Free Cash Flow": "-2,757"}, "12/31/2018": {"Duration": "12/31/2018", "Operating Cash Flow": "-1,755", "Investing Cash Flow": "-", "Financing Cash Flow": "708.67", "End Cash Position": "191.463", "Income Tax Paid Supplemental Data": "0", "Interest Paid Supplemental Data": "0", "Capital Expenditure": "-", "Issuance of Capital Stock": "831.25", "Issuance of Debt": "0", "Repayment of Debt": "-122.58", "Free Cash Flow": "-1,755"}}}}, {"ROX": {"fin": {}, "bs": {}, "cf": {}}}, {"TQLA": {"fin": {}, "bs": {}, "cf": {}}}]