[{"AVY": {"quote": {"03/21/2021": {"value": "179.51", "Market Cap": "14.903B", "Beta (5Y Monthly)": "1.00", "PE Ratio (TTM)": "27.16", "EPS (TTM)": "6.61", "Earnings Date": "Apr 27, 2021 - May 03, 2021", "Forward Dividend & Yield": "2.48 (1.38%)", "Ex-Dividend Date": "Mar 02, 2021", "1y Target Est": "193.50"}}, "fin": {"TTM": {"Duration": "TTM", "Total Revenue": "6,971,500", "Cost of Revenue": "5,048,200", "Gross Profit": "1,923,300", "Operating Expense": "1,060,500", "Operating Income": "862,800", "Net Non Operating Interest Income Expense": "-70,000", "Other Income Expense": "-55,500", "Pretax Income": "737,300", "Tax Provision": "177,700", "Earnings from Equity Interest Net of Tax": "-3,700", "Net Income Common Stockholders": "555,900", "Diluted NI Available to Com Stockholders": "555,900", "Basic EPS": "-", "Diluted EPS": "-", "Basic Average Shares": "-", "Diluted Average Shares": "-", "Total Expenses": "6,108,700", "Net Income from Continuing & Discontinued Operation": "555,900", "Normalized Income": "596,582", "Interest Expense": "70,000", "Net Interest Income": "-70,000", "EBIT": "807,300", "EBITDA": "1,012,600", "Reconciled Cost of Revenue": "5,048,200", "Reconciled Depreciation": "205,300", "Net Income from Continuing Operation Net Minority Interest": "555,900", "Total Unusual Items Excluding Goodwill": "-53,600", "Total Unusual Items": "-53,600", "Normalized EBITDA": "1,066,200", "Tax Rate for Calcs": "0", "Tax Effect of Unusual Items": "-12,918"}, "12/31/2020": {"Duration": "12/31/2020", "Total Revenue": "6,971,500", "Cost of Revenue": "5,048,200", "Gross Profit": "1,923,300", "Operating Expense": "1,060,500", "Operating Income": "862,800", "Net Non Operating Interest Income Expense": "-70,000", "Other Income Expense": "-55,500", "Pretax Income": "737,300", "Tax Provision": "177,700", "Earnings from Equity Interest Net of Tax": "-3,700", "Net Income Common Stockholders": "555,900", "Diluted NI Available to Com Stockholders": "555,900", "Basic EPS": "-", "Diluted EPS": "-", "Basic Average Shares": "-", "Diluted Average Shares": "-", "Total Expenses": "6,108,700", "Net Income from Continuing & Discontinued Operation": "555,900", "Normalized Income": "596,582", "Interest Expense": "70,000", "Net Interest Income": "-70,000", "EBIT": "807,300", "EBITDA": "-", "Reconciled Cost of Revenue": "5,048,200", "Reconciled Depreciation": "205,300", "Net Income from Continuing Operation Net Minority Interest": "555,900", "Total Unusual Items Excluding Goodwill": "-53,600", "Total Unusual Items": "-53,600", "Normalized EBITDA": "1,066,200", "Tax Rate for Calcs": "0", "Tax Effect of Unusual Items": "-12,918"}, "12/31/2019": {"Duration": "12/31/2019", "Total Revenue": "7,070,100", "Cost of Revenue": "5,166,000", "Gross Profit": "1,904,100", "Operating Expense": "1,080,400", "Operating Income": "823,700", "Net Non Operating Interest Income Expense": "-75,800", "Other Income Expense": "-498,400", "Pretax Income": "249,500", "Tax Provision": "-56,700", "Earnings from Equity Interest Net of Tax": "-2,600", "Net Income Common Stockholders": "303,600", "Diluted NI Available to Com Stockholders": "303,600", "Basic EPS": "3.64", "Diluted EPS": "3.57", "Basic Average Shares": "83,367", "Diluted Average Shares": "85,000", "Total Expenses": "6,246,400", "Net Income from Continuing & Discontinued Operation": "303,600", "Normalized Income": "342,436", "Interest Expense": "75,800", "Net Interest Income": "-75,800", "EBIT": "325,300", "EBITDA": "-", "Reconciled Cost of Revenue": "5,166,000", "Reconciled Depreciation": "179,000", "Net Income from Continuing Operation Net Minority Interest": "303,600", "Total Unusual Items Excluding Goodwill": "-53,200", "Total Unusual Items": "-53,200", "Normalized EBITDA": "557,500", "Tax Rate for Calcs": "0", "Tax Effect of Unusual Items": "-14,364"}, "12/31/2018": {"Duration": "12/31/2018", "Total Revenue": "7,159,000", "Cost of Revenue": "5,243,500", "Gross Profit": "1,915,500", "Operating Expense": "1,127,500", "Operating Income": "788,000", "Net Non Operating Interest Income Expense": "-58,500", "Other Income Expense": "-174,700", "Pretax Income": "554,800", "Tax Provision": "85,400", "Earnings from Equity Interest Net of Tax": "-2,000", "Net Income Common Stockholders": "467,400", "Diluted NI Available to Com Stockholders": "467,400", "Basic EPS": "5.52", "Diluted EPS": "5.28", "Basic Average Shares": "84,724", "Diluted Average Shares": "88,600", "Total Expenses": "6,371,000", "Net Income from Continuing & Discontinued Operation": "467,400", "Normalized Income": "526,540", "Interest Expense": "58,500", "Net Interest Income": "-58,500", "EBIT": "613,300", "EBITDA": "-", "Reconciled Cost of Revenue": "5,243,500", "Reconciled Depreciation": "181,000", "Net Income from Continuing Operation Net Minority Interest": "467,400", "Total Unusual Items Excluding Goodwill": "-69,900", "Total Unusual Items": "-69,900", "Normalized EBITDA": "864,200", "Tax Rate for Calcs": "0", "Tax Effect of Unusual Items": "-10,760"}}, "bs": {"12/31/2020": {"Duration": "12/31/2020", "Total Assets": "6,083,900", "Total Liabilities Net Minority Interest": "4,599,000", "Total Equity Gross Minority Interest": "1,484,900", "Total Capitalization": "3,537,000", "Common Stock Equity": "1,484,900", "Net Tangible Assets": "123,600", "Working Capital": "490,200", "Invested Capital": "3,601,700", "Tangible Book Value": "123,600", "Total Debt": "2,116,800", "Net Debt": "1,864,500", "Share Issued": "124,127", "Ordinary Shares Number": "83,151", "Treasury Shares Number": "40,975"}, "12/31/2019": {"Duration": "12/31/2019", "Total Assets": "5,488,800", "Total Liabilities Net Minority Interest": "4,284,800", "Total Equity Gross Minority Interest": "1,204,000", "Total Capitalization": "2,703,300", "Common Stock Equity": "1,204,000", "Net Tangible Assets": "146,700", "Working Capital": "86,800", "Invested Capital": "3,143,500", "Tangible Book Value": "146,700", "Total Debt": "1,939,500", "Net Debt": "1,685,800", "Share Issued": "124,127", "Ordinary Shares Number": "83,367", "Treasury Shares Number": "40,760"}, "12/31/2018": {"Duration": "12/31/2018", "Total Assets": "5,177,500", "Total Liabilities Net Minority Interest": "4,222,400", "Total Equity Gross Minority Interest": "955,100", "Total Capitalization": "2,726,700", "Common Stock Equity": "955,100", "Net Tangible Assets": "-130,700", "Working Capital": "304,000", "Invested Capital": "2,921,300", "Tangible Book Value": "-130,700", "Total Debt": "1,966,200", "Net Debt": "1,734,200", "Share Issued": "124,127", "Ordinary Shares Number": "84,724", "Treasury Shares Number": "39,403"}}, "cf": {"TTM": {"Duration": "TTM", "Operating Cash Flow": "751,300", "Investing Cash Flow": "-554,200", "Financing Cash Flow": "-207,700", "End Cash Position": "252,300", "Capital Expenditure": "-218,600", "Issuance of Debt": "993,700", "Repayment of Debt": "-770,200", "Repurchase of Capital Stock": "-104,300", "Free Cash Flow": "532,700"}, "12/31/2020": {"Duration": "12/31/2020", "Operating Cash Flow": "751,300", "Investing Cash Flow": "-554,200", "Financing Cash Flow": "-207,700", "End Cash Position": "252,300", "Capital Expenditure": "-218,600", "Issuance of Debt": "993,700", "Repayment of Debt": "-770,200", "Repurchase of Capital Stock": "-104,300", "Free Cash Flow": "532,700"}, "12/31/2019": {"Duration": "12/31/2019", "Operating Cash Flow": "746,500", "Investing Cash Flow": "-251,000", "Financing Cash Flow": "-470,300", "End Cash Position": "253,700", "Capital Expenditure": "-257,200", "Issuance of Debt": "0", "Repayment of Debt": "-18,600", "Repurchase of Capital Stock": "-237,700", "Free Cash Flow": "489,300"}, "12/31/2018": {"Duration": "12/31/2018", "Operating Cash Flow": "457,900", "Investing Cash Flow": "-232,500", "Financing Cash Flow": "-208,100", "End Cash Position": "232,000", "Capital Expenditure": "-256,600", "Issuance of Debt": "493,300", "Repayment of Debt": "-84,000", "Repurchase of Capital Stock": "-392,900", "Free Cash Flow": "201,300"}}}}, {"PBI": {"quote": {"03/21/2021": {"value": "9.60", "Market Cap": "1.663B", "Beta (5Y Monthly)": "2.85", "PE Ratio (TTM)": "N/A", "EPS (TTM)": "-1.06", "Earnings Date": "May 03, 2021 - May 07, 2021", "Forward Dividend & Yield": "0.20 (2.12%)", "Ex-Dividend Date": "Feb 11, 2021", "1y Target Est": "9.00"}}, "fin": {"TTM": {"Duration": "TTM", "Total Revenue": "3,554,075", "Cost of Revenue": "2,406,223", "Gross Profit": "1,147,852", "Operating Expense": "1,001,707", "Operating Income": "146,145", "Net Non Operating Interest Income Expense": "-105,753", "Other Income Expense": "-225,324", "Pretax Income": "-184,932", "Tax Provision": "6,727", "Net Income Common Stockholders": "-181,544", "Diluted NI Available to Com Stockholders": "-181,544", "Basic EPS": "-", "Diluted EPS": "-", "Basic Average Shares": "-", "Diluted Average Shares": "-", "Rent Expense Supplemental": "25,600", "Total Expenses": "3,407,930", "Net Income from Continuing & Discontinued Operation": "-181,544", "Normalized Income": "-25,926", "Interest Expense": "105,753", "Net Interest Income": "-105,753", "EBIT": "-79,179", "EBITDA": "81,446", "Reconciled Cost of Revenue": "2,406,223", "Reconciled Depreciation": "160,625", "Net Income from Continuing Operation Net Minority Interest": "-191,659", "Total Unusual Items Excluding Goodwill": "-227,032", "Total Unusual Items": "-227,032", "Normalized EBITDA": "308,478", "Tax Rate for Calcs": "0", "Tax Effect of Unusual Items": "-61,299"}, "12/31/2020": {"Duration": "12/31/2020", "Total Revenue": "3,554,075", "Cost of Revenue": "2,406,223", "Gross Profit": "1,147,852", "Operating Expense": "1,001,707", "Operating Income": "146,145", "Net Non Operating Interest Income Expense": "-105,753", "Other Income Expense": "-225,324", "Pretax Income": "-184,932", "Tax Provision": "6,727", "Net Income Common Stockholders": "-181,544", "Diluted NI Available to Com Stockholders": "-181,544", "Basic EPS": "-", "Diluted EPS": "-", "Basic Average Shares": "-", "Diluted Average Shares": "-", "Rent Expense Supplemental": "25,600", "Total Expenses": "3,407,930", "Net Income from Continuing & Discontinued Operation": "-181,544", "Normalized Income": "-25,926", "Interest Expense": "105,753", "Net Interest Income": "-105,753", "EBIT": "-79,179", "EBITDA": "-", "Reconciled Cost of Revenue": "2,406,223", "Reconciled Depreciation": "160,625", "Net Income from Continuing Operation Net Minority Interest": "-191,659", "Total Unusual Items Excluding Goodwill": "-227,032", "Total Unusual Items": "-227,032", "Normalized EBITDA": "308,478", "Tax Rate for Calcs": "0", "Tax Effect of Unusual Items": "-61,299"}, "12/31/2019": {"Duration": "12/31/2019", "Total Revenue": "3,205,125", "Cost of Revenue": "1,922,139", "Gross Profit": "1,282,986", "Operating Expense": "1,055,247", "Operating Income": "227,739", "Net Non Operating Interest Income Expense": "-110,910", "Other Income Expense": "-89,687", "Pretax Income": "27,142", "Tax Provision": "-13,007", "Net Income Common Stockholders": "194,601", "Diluted NI Available to Com Stockholders": "194,601", "Basic EPS": "1.10", "Diluted EPS": "1.10", "Basic Average Shares": "176,917", "Diluted Average Shares": "177,337", "Rent Expense Supplemental": "31,530", "Total Expenses": "2,977,386", "Net Income from Continuing & Discontinued Operation": "194,609", "Normalized Income": "90,961", "Interest Expense": "110,910", "Net Interest Income": "-110,910", "EBIT": "138,052", "EBITDA": "-", "Reconciled Cost of Revenue": "1,922,139", "Reconciled Depreciation": "159,142", "Net Income from Continuing Operation Net Minority Interest": "40,149", "Total Unusual Items Excluding Goodwill": "-69,606", "Total Unusual Items": "-69,606", "Normalized EBITDA": "366,800", "Tax Rate for Calcs": "0", "Tax Effect of Unusual Items": "-18,794"}, "12/31/2018": {"Duration": "12/31/2018", "Total Revenue": "3,522,380", "Cost of Revenue": "1,892,949", "Gross Profit": "1,629,431", "Operating Expense": "1,248,704", "Operating Income": "380,727", "Net Non Operating Interest Income Expense": "-110,900", "Other Income Expense": "-57,466", "Pretax Income": "212,361", "Tax Provision": "12,383", "Net Income Common Stockholders": "223,665", "Diluted NI Available to Com Stockholders": "223,665", "Basic EPS": "1.19", "Diluted EPS": "1.19", "Basic Average Shares": "187,954", "Diluted Average Shares": "188,382", "Rent Expense Supplemental": "86,330", "Total Expenses": "3,141,653", "Net Income from Continuing & Discontinued Operation": "223,665", "Normalized Income": "225,485", "Interest Expense": "110,900", "Net Interest Income": "-110,900", "EBIT": "323,261", "EBITDA": "-", "Reconciled Cost of Revenue": "1,892,949", "Reconciled Depreciation": "203,293", "Net Income from Continuing Operation Net Minority Interest": "199,978", "Total Unusual Items Excluding Goodwill": "-27,077", "Total Unusual Items": "-27,077", "Normalized EBITDA": "553,631", "Tax Rate for Calcs": "0", "Tax Effect of Unusual Items": "-1,570"}}, "bs": {"12/31/2020": {"Duration": "12/31/2020", "Total Assets": "5,220,137", "Total Liabilities Net Minority Interest": "5,153,742", "Total Equity Gross Minority Interest": "66,395", "Total Capitalization": "2,414,756", "Preferred Stock Equity": "-", "Common Stock Equity": "66,395", "Capital Lease Obligations": "219,474", "Net Tangible Assets": "-1,245,729", "Working Capital": "236,463", "Invested Capital": "2,630,788", "Tangible Book Value": "-1,245,729", "Total Debt": "2,783,867", "Net Debt": "1,642,943", "Share Issued": "323,338", "Ordinary Shares Number": "171,975", "Preferred Shares Number": "-", "Treasury Shares Number": "151,363"}, "12/31/2019": {"Duration": "12/31/2019", "Total Assets": "5,466,900", "Total Liabilities Net Minority Interest": "5,180,804", "Total Equity Gross Minority Interest": "286,096", "Total Capitalization": "3,005,710", "Preferred Stock Equity": "-", "Common Stock Equity": "286,096", "Capital Lease Obligations": "213,771", "Net Tangible Assets": "-1,228,723", "Working Capital": "666,389", "Invested Capital": "3,025,818", "Tangible Book Value": "-1,228,723", "Total Debt": "2,953,493", "Net Debt": "1,815,280", "Share Issued": "323,338", "Ordinary Shares Number": "170,449", "Preferred Shares Number": "-", "Treasury Shares Number": "152,889"}, "12/31/2018": {"Duration": "12/31/2018", "Total Assets": "5,972,903", "Total Liabilities Net Minority Interest": "5,733,431", "Total Equity Gross Minority Interest": "239,472", "Total Capitalization": "3,305,545", "Preferred Stock Equity": "397", "Common Stock Equity": "239,075", "Capital Lease Obligations": "-", "Net Tangible Assets": "-1,754,176", "Working Capital": "467,078", "Invested Capital": "3,504,683", "Tangible Book Value": "-1,754,573", "Total Debt": "3,265,608", "Net Debt": "2,398,346", "Share Issued": "323,338", "Ordinary Shares Number": "187,675", "Preferred Shares Number": "14.647", "Treasury Shares Number": "135,663"}}, "cf": {"TTM": {"Duration": "TTM", "Operating Cash Flow": "301,972", "Investing Cash Flow": "-75,692", "Financing Cash Flow": "-235,371", "Cash Flow from Discontinued Operation": "0", "End Cash Position": "921,450", "Income Tax Paid Supplemental Data": "20,185", "Interest Paid Supplemental Data": "151,857", "Capital Expenditure": "-104,987", "Issuance of Debt": "916,544", "Repayment of Debt": "-1,105,650", "Repurchase of Capital Stock": "0", "Free Cash Flow": "196,985"}, "12/31/2020": {"Duration": "12/31/2020", "Operating Cash Flow": "301,972", "Investing Cash Flow": "-75,692", "Financing Cash Flow": "-235,371", "Cash Flow from Discontinued Operation": "0", "End Cash Position": "921,450", "Income Tax Paid Supplemental Data": "20,185", "Interest Paid Supplemental Data": "151,857", "Capital Expenditure": "-104,987", "Issuance of Debt": "916,544", "Repayment of Debt": "-1,105,650", "Repurchase of Capital Stock": "0", "Free Cash Flow": "196,985"}, "12/31/2019": {"Duration": "12/31/2019", "Operating Cash Flow": "252,207", "Investing Cash Flow": "489,567", "Financing Cash Flow": "-686,640", "Cash Flow from Discontinued Operation": "-", "End Cash Position": "924,442", "Income Tax Paid Supplemental Data": "27,109", "Interest Paid Supplemental Data": "157,709", "Capital Expenditure": "-137,253", "Issuance of Debt": "389,986", "Repayment of Debt": "-930,189", "Repurchase of Capital Stock": "-105,000", "Free Cash Flow": "114,954"}, "12/31/2018": {"Duration": "12/31/2018", "Operating Cash Flow": "392,262", "Investing Cash Flow": "259,744", "Financing Cash Flow": "-766,419", "Cash Flow from Discontinued Operation": "-1,965", "End Cash Position": "867,262", "Income Tax Paid Supplemental Data": "25,906", "Interest Paid Supplemental Data": "171,120", "Capital Expenditure": "-191,444", "Issuance of Debt": "0", "Repayment of Debt": "-570,180", "Repurchase of Capital Stock": "0", "Free Cash Flow": "200,818"}}}}, {"HNI": {"quote": {"03/21/2021": {"value": "40.87", "Market Cap": "1.755B", "Beta (5Y Monthly)": "1.11", "PE Ratio (TTM)": "41.70", "EPS (TTM)": "0.98", "Earnings Date": "Apr 20, 2021 - Apr 26, 2021", "Forward Dividend & Yield": "1.22 (2.99%)", "Ex-Dividend Date": "Feb 26, 2021", "1y Target Est": "45.50"}}, "fin": {"TTM": {"Duration": "TTM", "Total Revenue": "1,955,363", "Cost of Revenue": "1,234,243", "Gross Profit": "721,120", "Operating Expense": "620,927", "Operating Income": "100,193", "Net Non Operating Interest Income Expense": "-6,990", "Other Income Expense": "-38,818", "Pretax Income": "54,385", "Tax Provision": "12,466", "Net Income Common Stockholders": "41,917", "Diluted NI Available to Com Stockholders": "41,917", "Basic EPS": "-", "Diluted EPS": "-", "Basic Average Shares": "-", "Diluted Average Shares": "-", "Total Operating Income as Reported": "61,375", "Total Expenses": "1,855,170", "Net Income from Continuing & Discontinued Operation": "41,917", "Normalized Income": "71,837", "Interest Income": "-", "Interest Expense": "6,990", "Net Interest Income": "-6,990", "EBIT": "61,375", "EBITDA": "139,058", "Reconciled Cost of Revenue": "1,234,243", "Reconciled Depreciation": "77,683", "Net Income from Continuing Operation Net Minority Interest": "41,917", "Total Unusual Items Excluding Goodwill": "-38,818", "Total Unusual Items": "-38,818", "Normalized EBITDA": "177,876", "Tax Rate for Calcs": "0", "Tax Effect of Unusual Items": "-8,898"}, "12/31/2020": {"Duration": "12/31/2020", "Total Revenue": "1,955,363", "Cost of Revenue": "1,234,243", "Gross Profit": "721,120", "Operating Expense": "620,927", "Operating Income": "100,193", "Net Non Operating Interest Income Expense": "-6,990", "Other Income Expense": "-38,818", "Pretax Income": "54,385", "Tax Provision": "12,466", "Net Income Common Stockholders": "41,917", "Diluted NI Available to Com Stockholders": "41,917", "Basic EPS": "-", "Diluted EPS": "-", "Basic Average Shares": "-", "Diluted Average Shares": "-", "Total Operating Income as Reported": "61,375", "Total Expenses": "1,855,170", "Net Income from Continuing & Discontinued Operation": "41,917", "Normalized Income": "71,846", "Interest Income": "-", "Interest Expense": "6,990", "Net Interest Income": "-6,990", "EBIT": "61,375", "EBITDA": "-", "Reconciled Cost of Revenue": "1,234,243", "Reconciled Depreciation": "77,683", "Net Income from Continuing Operation Net Minority Interest": "41,917", "Total Unusual Items Excluding Goodwill": "-38,818", "Total Unusual Items": "-38,818", "Normalized EBITDA": "177,876", "Tax Rate for Calcs": "0", "Tax Effect of Unusual Items": "-8,889"}, "12/31/2019": {"Duration": "12/31/2019", "Total Revenue": "2,246,947", "Cost of Revenue": "1,413,185", "Gross Profit": "833,762", "Operating Expense": "680,049", "Operating Income": "153,713", "Net Non Operating Interest Income Expense": "-8,628", "Other Income Expense": "-2,371", "Pretax Income": "142,714", "Tax Provision": "32,211", "Net Income Common Stockholders": "110,505", "Diluted NI Available to Com Stockholders": "110,505", "Basic EPS": "2.56", "Diluted EPS": "2.54", "Basic Average Shares": "43,101", "Diluted Average Shares": "43,495", "Total Operating Income as Reported": "151,342", "Total Expenses": "2,093,234", "Net Income from Continuing & Discontinued Operation": "110,505", "Normalized Income": "112,340", "Interest Income": "-", "Interest Expense": "8,628", "Net Interest Income": "-8,628", "EBIT": "151,342", "EBITDA": "-", "Reconciled Cost of Revenue": "1,413,185", "Reconciled Depreciation": "77,427", "Net Income from Continuing Operation Net Minority Interest": "110,505", "Total Unusual Items Excluding Goodwill": "-2,371", "Total Unusual Items": "-2,371", "Normalized EBITDA": "231,140", "Tax Rate for Calcs": "0", "Tax Effect of Unusual Items": "-535.846"}, "12/31/2018": {"Duration": "12/31/2018", "Total Revenue": "2,257,895", "Cost of Revenue": "1,422,857", "Gross Profit": "835,038", "Operating Expense": "691,140", "Operating Income": "143,898", "Net Non Operating Interest Income Expense": "-9,448", "Other Income Expense": "-15,725", "Pretax Income": "118,725", "Tax Provision": "25,399", "Net Income Common Stockholders": "93,377", "Diluted NI Available to Com Stockholders": "93,377", "Basic EPS": "2.14", "Diluted EPS": "2.11", "Basic Average Shares": "43,639", "Diluted Average Shares": "44,328", "Total Operating Income as Reported": "128,173", "Total Expenses": "2,113,997", "Net Income from Continuing & Discontinued Operation": "93,377", "Normalized Income": "105,737", "Interest Income": "579", "Interest Expense": "10,027", "Net Interest Income": "-9,448", "EBIT": "128,752", "EBITDA": "-", "Reconciled Cost of Revenue": "1,422,857", "Reconciled Depreciation": "74,788", "Net Income from Continuing Operation Net Minority Interest": "93,377", "Total Unusual Items Excluding Goodwill": "-15,725", "Total Unusual Items": "-15,725", "Normalized EBITDA": "219,265", "Tax Rate for Calcs": "0", "Tax Effect of Unusual Items": "-3,365"}}, "bs": {"12/31/2020": {"Duration": "12/31/2020", "Total Assets": "1,418,032", "Total Liabilities Net Minority Interest": "827,287", "Total Equity Gross Minority Interest": "590,745", "Total Capitalization": "764,943", "Common Stock Equity": "590,419", "Capital Lease Obligations": "79,324", "Net Tangible Assets": "131,523", "Working Capital": "56,707", "Invested Capital": "768,774", "Tangible Book Value": "131,523", "Total Debt": "257,679", "Net Debt": "62,235", "Share Issued": "42,919", "Ordinary Shares Number": "42,919"}, "12/31/2019": {"Duration": "12/31/2019", "Total Assets": "1,452,512", "Total Liabilities Net Minority Interest": "868,144", "Total Equity Gross Minority Interest": "584,368", "Total Capitalization": "758,483", "Common Stock Equity": "584,044", "Capital Lease Obligations": "82,596", "Net Tangible Assets": "138,335", "Working Capital": "50,129", "Invested Capital": "761,204", "Tangible Book Value": "138,335", "Total Debt": "259,756", "Net Debt": "125,087", "Share Issued": "42,595", "Ordinary Shares Number": "42,595"}, "12/31/2018": {"Duration": "12/31/2018", "Total Assets": "1,401,844", "Total Liabilities Net Minority Interest": "838,585", "Total Equity Gross Minority Interest": "563,259", "Total Capitalization": "812,288", "Common Stock Equity": "562,933", "Capital Lease Obligations": "-", "Net Tangible Assets": "99,643", "Working Capital": "97,575", "Invested Capital": "817,731", "Tangible Book Value": "99,643", "Total Debt": "254,798", "Net Debt": "177,979", "Share Issued": "43,582", "Ordinary Shares Number": "43,582"}}, "cf": {"TTM": {"Duration": "TTM", "Operating Cash Flow": "214,469", "Investing Cash Flow": "-100,372", "Financing Cash Flow": "-50,050", "End Cash Position": "116,120", "Income Tax Paid Supplemental Data": "-", "Interest Paid Supplemental Data": "-", "Capital Expenditure": "-41,802", "Issuance of Capital Stock": "8,064", "Issuance of Debt": "83,309", "Repayment of Debt": "-83,179", "Repurchase of Capital Stock": "-6,764", "Free Cash Flow": "172,667"}, "12/31/2020": {"Duration": "12/31/2020", "Operating Cash Flow": "214,469", "Investing Cash Flow": "-100,372", "Financing Cash Flow": "-50,050", "End Cash Position": "116,120", "Income Tax Paid Supplemental Data": "-", "Interest Paid Supplemental Data": "-", "Capital Expenditure": "-41,802", "Issuance of Capital Stock": "8,064", "Issuance of Debt": "83,309", "Repayment of Debt": "-83,179", "Repurchase of Capital Stock": "-6,764", "Free Cash Flow": "172,667"}, "12/31/2019": {"Duration": "12/31/2019", "Operating Cash Flow": "219,380", "Investing Cash Flow": "-62,895", "Financing Cash Flow": "-181,231", "End Cash Position": "52,073", "Income Tax Paid Supplemental Data": "-", "Interest Paid Supplemental Data": "-", "Capital Expenditure": "-66,885", "Issuance of Capital Stock": "30,473", "Issuance of Debt": "141,035", "Repayment of Debt": "-215,934", "Repurchase of Capital Stock": "-83,887", "Free Cash Flow": "152,495"}, "12/31/2018": {"Duration": "12/31/2018", "Operating Cash Flow": "186,430", "Investing Cash Flow": "-41,220", "Financing Cash Flow": "-91,739", "End Cash Position": "76,819", "Income Tax Paid Supplemental Data": "11,465", "Interest Paid Supplemental Data": "9,882", "Capital Expenditure": "-63,696", "Issuance of Capital Stock": "19,606", "Issuance of Debt": "323,075", "Repayment of Debt": "-352,727", "Repurchase of Capital Stock": "-30,452", "Free Cash Flow": "122,734"}}}}, {"CAJ": {"quote": {"03/21/2021": {"value": "21.99", "Market Cap": "29.436B", "Beta (5Y Monthly)": "0.56", "PE Ratio (TTM)": "11.09", "EPS (TTM)": "1.98", "Earnings Date": "N/A", "Forward Dividend & Yield": "0.77 (3.49%)", "Ex-Dividend Date": "Dec 29, 2020", "1y Target Est": "23.81"}}, "fin": {"TTM": {"Duration": "TTM", "Total Revenue": "3,160,243,000", "Cost of Revenue": "1,784,375,000", "Gross Profit": "1,375,868,000", "Operating Expense": "1,265,321,000", "Operating Income": "110,547,000", "Net Non Operating Interest Income Expense": "2,069,000", "Other Income Expense": "17,664,000", "Pretax Income": "130,280,000", "Tax Provision": "34,337,000", "Net Income Common Stockholders": "83,318,000", "Average Dilution Earnings": "-3,000", "Diluted NI Available to Com Stockholders": "83,315,000", "Basic EPS": "-", "Diluted EPS": "-", "Basic Average Shares": "-", "Diluted Average Shares": "-", "Total Operating Income as Reported": "110,547,000", "Total Expenses": "3,049,696,000", "Net Income from Continuing & Discontinued Operation": "83,318,000", "Normalized Income": "83,318,000", "Interest Income": "2,923,000", "Interest Expense": "854,000", "Net Interest Income": "2,069,000", "EBIT": "131,134,000", "EBITDA": "358,959,000", "Reconciled Cost of Revenue": "1,784,375,000", "Reconciled Depreciation": "227,825,000", "Net Income from Continuing Operation Net Minority Interest": "83,318,000", "Total Unusual Items Excluding Goodwill": "-", "Total Unusual Items": "-", "Normalized EBITDA": "358,959,000", "Tax Rate for Calcs": "0", "Tax Effect of Unusual Items": "0"}, "12/31/2020": {"Duration": "12/31/2020", "Total Revenue": "3,160,243,000", "Cost of Revenue": "1,784,375,000", "Gross Profit": "1,375,868,000", "Operating Expense": "1,265,321,000", "Operating Income": "110,547,000", "Net Non Operating Interest Income Expense": "2,069,000", "Other Income Expense": "17,664,000", "Pretax Income": "130,280,000", "Tax Provision": "34,337,000", "Net Income Common Stockholders": "83,318,000", "Average Dilution Earnings": "-3,000", "Diluted NI Available to Com Stockholders": "83,315,000", "Basic EPS": "-", "Diluted EPS": "-", "Basic Average Shares": "-", "Diluted Average Shares": "-", "Total Operating Income as Reported": "110,547,000", "Total Expenses": "3,049,696,000", "Net Income from Continuing & Discontinued Operation": "83,318,000", "Normalized Income": "83,318,000", "Interest Income": "2,923,000", "Interest Expense": "854,000", "Net Interest Income": "2,069,000", "EBIT": "131,134,000", "EBITDA": "-", "Reconciled Cost of Revenue": "1,784,375,000", "Reconciled Depreciation": "227,825,000", "Net Income from Continuing Operation Net Minority Interest": "83,318,000", "Total Unusual Items Excluding Goodwill": "-", "Total Unusual Items": "-", "Normalized EBITDA": "358,959,000", "Tax Rate for Calcs": "0", "Tax Effect of Unusual Items": "0"}, "12/31/2019": {"Duration": "12/31/2019", "Total Revenue": "3,593,299,000", "Cost of Revenue": "1,983,266,000", "Gross Profit": "1,610,033,000", "Operating Expense": "1,435,366,000", "Operating Income": "174,667,000", "Net Non Operating Interest Income Expense": "4,488,000", "Other Income Expense": "16,585,000", "Pretax Income": "195,740,000", "Tax Provision": "56,223,000", "Net Income Common Stockholders": "125,105,000", "Average Dilution Earnings": "-", "Diluted NI Available to Com Stockholders": "125,105,000", "Basic EPS": "116.93", "Diluted EPS": "116.91", "Basic Average Shares": "1,069,957", "Diluted Average Shares": "1,070,115", "Total Operating Income as Reported": "174,667,000", "Total Expenses": "3,418,632,000", "Net Income from Continuing & Discontinued Operation": "125,105,000", "Normalized Income": "125,105,000", "Interest Income": "5,526,000", "Interest Expense": "1,038,000", "Net Interest Income": "4,488,000", "EBIT": "196,778,000", "EBITDA": "-", "Reconciled Cost of Revenue": "1,983,266,000", "Reconciled Depreciation": "237,327,000", "Net Income from Continuing Operation Net Minority Interest": "125,105,000", "Total Unusual Items Excluding Goodwill": "0", "Total Unusual Items": "0", "Normalized EBITDA": "434,105,000", "Tax Rate for Calcs": "0", "Tax Effect of Unusual Items": "0"}, "12/31/2018": {"Duration": "12/31/2018", "Total Revenue": "3,951,937,000", "Cost of Revenue": "2,116,383,000", "Gross Profit": "1,835,554,000", "Operating Expense": "1,492,602,000", "Operating Income": "342,952,000", "Net Non Operating Interest Income Expense": "5,807,000", "Other Income Expense": "14,133,000", "Pretax Income": "362,892,000", "Tax Provision": "96,150,000", "Net Income Common Stockholders": "252,755,000", "Average Dilution Earnings": "-", "Diluted NI Available to Com Stockholders": "252,755,000", "Basic EPS": "234.09", "Diluted EPS": "234.08", "Basic Average Shares": "1,079,753", "Diluted Average Shares": "1,079,802", "Total Operating Income as Reported": "342,952,000", "Total Expenses": "3,608,985,000", "Net Income from Continuing & Discontinued Operation": "252,755,000", "Normalized Income": "252,755,000", "Interest Income": "6,604,000", "Interest Expense": "797,000", "Net Interest Income": "5,807,000", "EBIT": "363,689,000", "EBITDA": "-", "Reconciled Cost of Revenue": "2,116,383,000", "Reconciled Depreciation": "251,554,000", "Net Income from Continuing Operation Net Minority Interest": "252,755,000", "Total Unusual Items Excluding Goodwill": "0", "Total Unusual Items": "0", "Normalized EBITDA": "615,243,000", "Tax Rate for Calcs": "0", "Tax Effect of Unusual Items": "0"}}, "bs": {"12/31/2020": {"Duration": "12/31/2020", "Total Assets": "4,625,614,000", "Total Liabilities Net Minority Interest": "1,841,573,000", "Total Equity Gross Minority Interest": "2,784,041,000", "Total Capitalization": "2,579,865,000", "Common Stock Equity": "2,575,031,000", "Capital Lease Obligations": "109,103,000", "Net Tangible Assets": "1,340,970,000", "Working Capital": "462,954,000", "Invested Capital": "2,972,100,000", "Tangible Book Value": "1,340,970,000", "Total Debt": "506,172,000", "Share Issued": "1,621,752", "Ordinary Shares Number": "1,333,763", "Treasury Shares Number": "287,989"}, "12/31/2019": {"Duration": "12/31/2019", "Total Assets": "4,768,351,000", "Total Liabilities Net Minority Interest": "1,876,433,000", "Total Equity Gross Minority Interest": "2,891,918,000", "Total Capitalization": "3,049,935,000", "Common Stock Equity": "2,692,595,000", "Capital Lease Obligations": "115,572,000", "Net Tangible Assets": "1,446,013,000", "Working Capital": "885,467,000", "Invested Capital": "3,091,969,000", "Tangible Book Value": "1,446,013,000", "Total Debt": "514,946,000", "Share Issued": "1,333,763", "Ordinary Shares Number": "1,063,834", "Treasury Shares Number": "269,929"}, "12/31/2018": {"Duration": "12/31/2018", "Total Assets": "4,899,465,000", "Total Liabilities Net Minority Interest": "1,881,552,000", "Total Equity Gross Minority Interest": "3,017,913,000", "Total Capitalization": "3,189,564,000", "Common Stock Equity": "2,827,602,000", "Capital Lease Obligations": "-", "Net Tangible Assets": "1,528,070,000", "Working Capital": "1,020,527,000", "Invested Capital": "3,228,091,000", "Tangible Book Value": "1,528,070,000", "Total Debt": "400,489,000", "Share Issued": "1,333,763", "Ordinary Shares Number": "1,079,750", "Treasury Shares Number": "254,014"}}, "cf": {"TTM": {"Duration": "TTM", "Operating Cash Flow": "358,016,000", "Investing Cash Flow": "-182,421,000", "Financing Cash Flow": "-129,251,000", "End Cash Position": "494,659,000", "Income Tax Paid Supplemental Data": "35,826,000", "Interest Paid Supplemental Data": "1,056,000", "Capital Expenditure": "-184,362,000", "Issuance of Debt": "2,100,000", "Repayment of Debt": "-7,141,000", "Repurchase of Capital Stock": "-50,014,000", "Free Cash Flow": "173,654,000"}, "12/31/2020": {"Duration": "12/31/2020", "Operating Cash Flow": "333,805,000", "Investing Cash Flow": "-155,439,000", "Financing Cash Flow": "-183,449,000", "End Cash Position": "407,684,000", "Income Tax Paid Supplemental Data": "-", "Interest Paid Supplemental Data": "-", "Capital Expenditure": "-164,719,000", "Issuance of Debt": "7,742,000", "Repayment of Debt": "-11,095,000", "Repurchase of Capital Stock": "-50,008,000", "Free Cash Flow": "169,086,000"}, "12/31/2019": {"Duration": "12/31/2019", "Operating Cash Flow": "358,461,000", "Investing Cash Flow": "-228,568,000", "Financing Cash Flow": "-232,590,000", "End Cash Position": "412,814,000", "Income Tax Paid Supplemental Data": "77,654,000", "Interest Paid Supplemental Data": "888,000", "Capital Expenditure": "-215,671,000", "Issuance of Debt": "0", "Repayment of Debt": "-8,678,000", "Repurchase of Capital Stock": "-50,012,000", "Free Cash Flow": "142,790,000"}, "12/31/2018": {"Duration": "12/31/2018", "Operating Cash Flow": "365,293,000", "Investing Cash Flow": "-195,615,000", "Financing Cash Flow": "-354,830,000", "End Cash Position": "520,645,000", "Income Tax Paid Supplemental Data": "131,616,000", "Interest Paid Supplemental Data": "749,000", "Capital Expenditure": "-191,399,000", "Issuance of Debt": "439,000", "Repayment of Debt": "-136,094,000", "Repurchase of Capital Stock": "-21,000", "Free Cash Flow": "173,894,000"}}}}, {"VIRC": {"quote": {"03/21/2021": {"value": "3.3000", "Market Cap": "52.531M", "Beta (5Y Monthly)": "1.29", "PE Ratio (TTM)": "N/A", "EPS (TTM)": "-0.0700", "Earnings Date": "Dec 14, 2020", "Forward Dividend & Yield": "N/A (N/A)", "Ex-Dividend Date": "Dec 26, 2018", "1y Target Est": "N/A"}}, "fin": {"TTM": {"Duration": "TTM", "Total Revenue": "160,438", "Cost of Revenue": "103,049", "Gross Profit": "57,389", "Operating Expense": "59,676", "Operating Income": "-2,287", "Net Non Operating Interest Income Expense": "-1,569", "Other Income Expense": "-24", "Pretax Income": "-3,880", "Tax Provision": "-2,905", "Net Income Common Stockholders": "-975", "Diluted NI Available to Com Stockholders": "-975", "Basic EPS": "-", "Diluted EPS": "-", "Basic Average Shares": "-", "Diluted Average Shares": "-", "Total Operating Income as Reported": "-523", "Total Expenses": "162,725", "Net Income from Continuing & Discontinued Operation": "-975", "Normalized Income": "-957.48", "Interest Expense": "1,569", "Net Interest Income": "-1,569", "EBIT": "-2,311", "EBITDA": "3,003", "Reconciled Cost of Revenue": "103,049", "Reconciled Depreciation": "5,314", "Net Income from Continuing Operation Net Minority Interest": "-975", "Total Unusual Items Excluding Goodwill": "-24", "Total Unusual Items": "-24", "Normalized EBITDA": "3,027", "Tax Rate for Calcs": "0", "Tax Effect of Unusual Items": "-6.48"}, "1/31/2020": {"Duration": "1/31/2020", "Total Revenue": "191,063", "Cost of Revenue": "119,388", "Gross Profit": "71,675", "Operating Expense": "66,452", "Operating Income": "5,223", "Net Non Operating Interest Income Expense": "-2,462", "Other Income Expense": "-34", "Pretax Income": "2,727", "Tax Provision": "345", "Net Income Common Stockholders": "2,382", "Diluted NI Available to Com Stockholders": "2,382", "Basic EPS": "0.15", "Diluted EPS": "0.15", "Basic Average Shares": "15,590", "Diluted Average Shares": "15,694", "Total Operating Income as Reported": "5,915", "Total Expenses": "185,840", "Net Income from Continuing & Discontinued Operation": "2,382", "Normalized Income": "2,412", "Interest Expense": "2,462", "Net Interest Income": "-2,462", "EBIT": "5,189", "EBITDA": "-", "Reconciled Cost of Revenue": "119,388", "Reconciled Depreciation": "5,769", "Net Income from Continuing Operation Net Minority Interest": "2,382", "Total Unusual Items Excluding Goodwill": "-34", "Total Unusual Items": "-34", "Normalized EBITDA": "10,992", "Tax Rate for Calcs": "0", "Tax Effect of Unusual Items": "-4.318"}, "1/31/2019": {"Duration": "1/31/2019", "Total Revenue": "200,716", "Cost of Revenue": "133,635", "Gross Profit": "67,081", "Operating Expense": "66,008", "Operating Income": "1,073", "Net Non Operating Interest Income Expense": "-2,191", "Other Income Expense": "1", "Pretax Income": "-1,117", "Tax Provision": "497", "Net Income Common Stockholders": "-1,614", "Diluted NI Available to Com Stockholders": "-1,614", "Basic EPS": "-0.10", "Diluted EPS": "-0.10", "Basic Average Shares": "15,421", "Diluted Average Shares": "15,421", "Total Operating Income as Reported": "2,331", "Total Expenses": "199,643", "Net Income from Continuing & Discontinued Operation": "-1,614", "Normalized Income": "-1,615", "Interest Expense": "2,191", "Net Interest Income": "-2,191", "EBIT": "1,074", "EBITDA": "-", "Reconciled Cost of Revenue": "133,635", "Reconciled Depreciation": "5,791", "Net Income from Continuing Operation Net Minority Interest": "-1,614", "Total Unusual Items Excluding Goodwill": "1", "Total Unusual Items": "1", "Normalized EBITDA": "6,864", "Tax Rate for Calcs": "0", "Tax Effect of Unusual Items": "0.27"}}, "bs": {"1/31/2020": {"Duration": "1/31/2020", "Total Assets": "138,992", "Total Liabilities Net Minority Interest": "84,174", "Total Equity Gross Minority Interest": "54,818", "Total Capitalization": "70,636", "Common Stock Equity": "54,818", "Capital Lease Obligations": "23,441", "Net Tangible Assets": "54,818", "Working Capital": "33,224", "Invested Capital": "71,514", "Tangible Book Value": "54,818", "Total Debt": "40,137", "Net Debt": "15,546", "Share Issued": "15,714", "Ordinary Shares Number": "15,714"}, "1/31/2019": {"Duration": "1/31/2019", "Total Assets": "123,113", "Total Liabilities Net Minority Interest": "66,086", "Total Equity Gross Minority Interest": "57,027", "Total Capitalization": "72,937", "Common Stock Equity": "57,027", "Capital Lease Obligations": "-", "Net Tangible Assets": "57,027", "Working Capital": "30,986", "Invested Capital": "78,441", "Tangible Book Value": "57,027", "Total Debt": "21,414", "Net Debt": "20,676", "Share Issued": "15,542", "Ordinary Shares Number": "15,542"}}, "cf": {"TTM": {"Duration": "TTM", "Operating Cash Flow": "12,188", "Investing Cash Flow": "-3,113", "Financing Cash Flow": "-8,570", "End Cash Position": "1,202", "Income Tax Paid Supplemental Data": "-", "Interest Paid Supplemental Data": "-", "Capital Expenditure": "-3,153", "Issuance of Debt": "32,732", "Repayment of Debt": "-41,020", "Repurchase of Capital Stock": "-", "Free Cash Flow": "9,035"}, "1/31/2020": {"Duration": "1/31/2020", "Operating Cash Flow": "9,759", "Investing Cash Flow": "-4,258", "Financing Cash Flow": "-5,089", "End Cash Position": "1,150", "Income Tax Paid Supplemental Data": "81", "Interest Paid Supplemental Data": "2,462", "Capital Expenditure": "-4,216", "Issuance of Debt": "39,770", "Repayment of Debt": "-44,488", "Repurchase of Capital Stock": "-", "Free Cash Flow": "5,543"}, "1/31/2019": {"Duration": "1/31/2019", "Operating Cash Flow": "2,363", "Investing Cash Flow": "-5,448", "Financing Cash Flow": "3,289", "End Cash Position": "738", "Income Tax Paid Supplemental Data": "96", "Interest Paid Supplemental Data": "2,191", "Capital Expenditure": "-5,395", "Issuance of Debt": "54,711", "Repayment of Debt": "-49,978", "Repurchase of Capital Stock": "-", "Free Cash Flow": "-3,032"}}}}, {"KEQU": {"quote": {"03/21/2021": {"value": "12.40", "Market Cap": "34.259M", "Beta (5Y Monthly)": "0.58", "PE Ratio (TTM)": "N/A", "EPS (TTM)": "-0.64", "Earnings Date": "Mar 10, 2021", "Forward Dividend & Yield": "N/A (N/A)", "Ex-Dividend Date": "Sep 09, 2019", "1y Target Est": "N/A"}}, "fin": {"TTM": {"Duration": "TTM", "Total Revenue": "143,019", "Cost of Revenue": "120,202", "Gross Profit": "22,817", "Operating Expense": "25,470", "Operating Income": "-2,653", "Net Non Operating Interest Income Expense": "-351", "Other Income Expense": "215", "Pretax Income": "-2,789", "Tax Provision": "-1,053", "Net Income Common Stockholders": "-1,759", "Diluted NI Available to Com Stockholders": "-1,759", "Basic EPS": "-", "Diluted EPS": "-", "Basic Average Shares": "-", "Diluted Average Shares": "-", "Total Operating Income as Reported": "-1,673", "Total Expenses": "145,672", "Net Income from Continuing & Discontinued Operation": "-1,759", "Normalized Income": "-1,759", "Interest Expense": "351", "Net Interest Income": "-351", "EBIT": "-2,438", "EBITDA": "294", "Reconciled Cost of Revenue": "120,202", "Reconciled Depreciation": "2,732", "Net Income from Continuing Operation Net Minority Interest": "-1,759", "Normalized EBITDA": "294", "Tax Rate for Calcs": "0", "Tax Effect of Unusual Items": "0"}, "4/30/2020": {"Duration": "4/30/2020", "Total Revenue": "147,540", "Cost of Revenue": "124,113", "Gross Profit": "23,427", "Operating Expense": "26,226", "Operating Income": "-2,799", "Net Non Operating Interest Income Expense": "-493", "Other Income Expense": "426", "Pretax Income": "-2,866", "Tax Provision": "1,758", "Net Income Common Stockholders": "-4,687", "Diluted NI Available to Com Stockholders": "-4,687", "Basic EPS": "-1.70", "Diluted EPS": "-1.70", "Basic Average Shares": "2,750", "Diluted Average Shares": "2,750", "Total Operating Income as Reported": "-2,345", "Total Expenses": "150,339", "Net Income from Continuing & Discontinued Operation": "-4,687", "Normalized Income": "-4,687", "Interest Expense": "493", "Net Interest Income": "-493", "EBIT": "-2,373", "EBITDA": "-", "Reconciled Cost of Revenue": "124,113", "Reconciled Depreciation": "2,654", "Net Income from Continuing Operation Net Minority Interest": "-4,687", "Normalized EBITDA": "281", "Tax Rate for Calcs": "0", "Tax Effect of Unusual Items": "0"}, "4/30/2019": {"Duration": "4/30/2019", "Total Revenue": "146,550", "Cost of Revenue": "121,231", "Gross Profit": "25,319", "Operating Expense": "23,207", "Operating Income": "2,112", "Net Non Operating Interest Income Expense": "-367", "Other Income Expense": "389", "Pretax Income": "2,134", "Tax Provision": "446", "Net Income Common Stockholders": "1,529", "Diluted NI Available to Com Stockholders": "1,529", "Basic EPS": "0.56", "Diluted EPS": "0.55", "Basic Average Shares": "2,742", "Diluted Average Shares": "2,794", "Total Operating Income as Reported": "2,112", "Total Expenses": "144,438", "Net Income from Continuing & Discontinued Operation": "1,529", "Normalized Income": "1,529", "Interest Expense": "367", "Net Interest Income": "-367", "EBIT": "2,501", "EBITDA": "-", "Reconciled Cost of Revenue": "121,231", "Reconciled Depreciation": "2,571", "Net Income from Continuing Operation Net Minority Interest": "1,529", "Normalized EBITDA": "5,072", "Tax Rate for Calcs": "0", "Tax Effect of Unusual Items": "0"}, "4/30/2018": {"Duration": "4/30/2018", "Total Revenue": "158,050", "Cost of Revenue": "126,030", "Gross Profit": "32,020", "Operating Expense": "22,934", "Operating Income": "9,086", "Net Non Operating Interest Income Expense": "-299", "Other Income Expense": "693", "Pretax Income": "9,480", "Tax Provision": "4,115", "Net Income Common Stockholders": "5,188", "Diluted NI Available to Com Stockholders": "5,188", "Basic EPS": "1.91", "Diluted EPS": "1.87", "Basic Average Shares": "2,720", "Diluted Average Shares": "2,777", "Total Operating Income as Reported": "9,086", "Total Expenses": "148,964", "Net Income from Continuing & Discontinued Operation": "5,188", "Normalized Income": "5,188", "Interest Expense": "299", "Net Interest Income": "-299", "EBIT": "9,779", "EBITDA": "-", "Reconciled Cost of Revenue": "126,030", "Reconciled Depreciation": "2,761", "Net Income from Continuing Operation Net Minority Interest": "5,188", "Normalized EBITDA": "12,540", "Tax Rate for Calcs": "0", "Tax Effect of Unusual Items": "0"}}, "bs": {"4/30/2020": {"Duration": "4/30/2020", "Total Assets": "83,929", "Total Liabilities Net Minority Interest": "45,226", "Total Equity Gross Minority Interest": "38,703", "Total Capitalization": "38,415", "Common Stock Equity": "38,415", "Capital Lease Obligations": "9,194", "Net Tangible Assets": "38,415", "Working Capital": "27,171", "Invested Capital": "43,134", "Tangible Book Value": "38,415", "Total Debt": "13,913", "Net Debt": "354", "Share Issued": "2,754", "Ordinary Shares Number": "2,751", "Treasury Shares Number": "3"}, "4/30/2019": {"Duration": "4/30/2019", "Total Assets": "87,223", "Total Liabilities Net Minority Interest": "39,520", "Total Equity Gross Minority Interest": "47,703", "Total Capitalization": "47,197", "Common Stock Equity": "47,100", "Capital Lease Obligations": "149", "Net Tangible Assets": "47,100", "Working Capital": "32,624", "Invested Capital": "57,877", "Tangible Book Value": "47,100", "Total Debt": "10,926", "Net Debt": "130", "Share Issued": "2,750", "Ordinary Shares Number": "2,747", "Treasury Shares Number": "3"}, "4/30/2018": {"Duration": "4/30/2018", "Total Assets": "84,358", "Total Liabilities Net Minority Interest": "36,837", "Total Equity Gross Minority Interest": "47,521", "Total Capitalization": "48,323", "Common Stock Equity": "47,059", "Capital Lease Obligations": "-", "Net Tangible Assets": "47,059", "Working Capital": "35,942", "Invested Capital": "53,375", "Tangible Book Value": "47,059", "Total Debt": "6,316", "Net Debt": "-", "Share Issued": "2,736", "Ordinary Shares Number": "2,733", "Treasury Shares Number": "3"}}, "cf": {"TTM": {"Duration": "TTM", "Operating Cash Flow": "2,657", "Investing Cash Flow": "-3,038", "Financing Cash Flow": "319", "End Cash Position": "6,001", "Income Tax Paid Supplemental Data": "-", "Interest Paid Supplemental Data": "-", "Capital Expenditure": "-3,038", "Issuance of Debt": "63,061", "Repayment of Debt": "-62,604", "Free Cash Flow": "-381"}, "4/30/2020": {"Duration": "4/30/2020", "Operating Cash Flow": "4,161", "Investing Cash Flow": "-2,465", "Financing Cash Flow": "-7,458", "End Cash Position": "5,215", "Income Tax Paid Supplemental Data": "188", "Interest Paid Supplemental Data": "513", "Capital Expenditure": "-2,465", "Issuance of Debt": "58,721", "Repayment of Debt": "-64,797", "Free Cash Flow": "1,696"}, "4/30/2019": {"Duration": "4/30/2019", "Operating Cash Flow": "2,490", "Investing Cash Flow": "-4,213", "Financing Cash Flow": "2,334", "End Cash Position": "11,156", "Income Tax Paid Supplemental Data": "2,460", "Interest Paid Supplemental Data": "352", "Capital Expenditure": "-4,213", "Issuance of Debt": "62,646", "Repayment of Debt": "-58,195", "Free Cash Flow": "-1,723"}, "4/30/2018": {"Duration": "4/30/2018", "Operating Cash Flow": "3,183", "Investing Cash Flow": "-3,202", "Financing Cash Flow": "-2,484", "End Cash Position": "9,716", "Income Tax Paid Supplemental Data": "2,872", "Interest Paid Supplemental Data": "295", "Capital Expenditure": "-3,395", "Issuance of Debt": "59,069", "Repayment of Debt": "-59,693", "Free Cash Flow": "-212"}}}}, {"ESND": {"quote": {"03/21/2021": {"value": "", "Net Assets": "N/A", "Beta (5Y Monthly)": "N/A", "Yield": "N/A", "5y Average Return": "N/A", "Holdings Turnover": "N/A", "Last Dividend": "N/A", "Average for Category": "N/A", "Inception Date": "N/A"}}, "fin": {}, "bs": {}, "cf": {}}}, {"MLHR": {"quote": {"03/21/2021": {"value": "41.81", "Market Cap": "2.466B", "Beta (5Y Monthly)": "1.41", "PE Ratio (TTM)": "N/A", "EPS (TTM)": "-0.13", "Earnings Date": "Mar 17, 2021", "Forward Dividend & Yield": "0.75 (1.81%)", "Ex-Dividend Date": "Feb 25, 2021", "1y Target Est": "49.50"}}, "fin": {"TTM": {"Duration": "TTM", "Total Revenue": "2,319,400", "Cost of Revenue": "1,428,400", "Gross Profit": "891,000", "Operating Expense": "657,200", "Operating Income": "233,800", "Net Non Operating Interest Income Expense": "-", "Other Income Expense": "-220,600", "Pretax Income": "9,900", "Tax Provision": "20,100", "Earnings from Equity Interest Net of Tax": "1,400", "Net Income Common Stockholders": "172,900", "Diluted NI Available to Com Stockholders": "-7,900", "Basic EPS": "-", "Diluted EPS": "-", "Basic Average Shares": "-", "Diluted Average Shares": "-", "Total Operating Income as Reported": "10,100", "Total Expenses": "2,085,600", "Net Income from Continuing & Discontinued Operation": "-7,900", "Normalized Income": "126,320", "Interest Income": "-", "Interest Expense": "-", "Net Interest Income": "-", "EBIT": "17,200", "EBITDA": "17,200", "Reconciled Cost of Revenue": "1,428,400", "Reconciled Depreciation": "-", "Net Income from Continuing Operation Net Minority Interest": "-7,900", "Total Unusual Items Excluding Goodwill": "-223,700", "Total Unusual Items": "-223,700", "Normalized EBITDA": "240,900", "Tax Rate for Calcs": "0", "Tax Effect of Unusual Items": "-89,480"}, "5/31/2020": {"Duration": "5/31/2020", "Total Revenue": "2,486,600", "Cost of Revenue": "1,575,900", "Gross Profit": "910,700", "Operating Expense": "717,300", "Operating Income": "193,400", "Net Non Operating Interest Income Expense": "-10,200", "Other Income Expense": "-196,600", "Pretax Income": "-13,400", "Tax Provision": "6,000", "Earnings from Equity Interest Net of Tax": "5,000", "Net Income Common Stockholders": "-9,100", "Diluted NI Available to Com Stockholders": "-9,100", "Basic EPS": "-0.15", "Diluted EPS": "-0.15", "Basic Average Shares": "58,921", "Diluted Average Shares": "58,921", "Total Operating Income as Reported": "-38,400", "Total Expenses": "2,293,200", "Net Income from Continuing & Discontinued Operation": "-9,100", "Normalized Income": "160,114", "Interest Income": "2,300", "Interest Expense": "12,500", "Net Interest Income": "-10,200", "EBIT": "-900", "EBITDA": "-", "Reconciled Cost of Revenue": "1,575,900", "Reconciled Depreciation": "79,500", "Net Income from Continuing Operation Net Minority Interest": "-9,100", "Total Unusual Items Excluding Goodwill": "-231,800", "Total Unusual Items": "-231,800", "Normalized EBITDA": "310,400", "Tax Rate for Calcs": "0", "Tax Effect of Unusual Items": "-62,586"}, "5/31/2019": {"Duration": "5/31/2019", "Total Revenue": "2,567,200", "Cost of Revenue": "1,637,300", "Gross Profit": "929,900", "Operating Expense": "716,200", "Operating Income": "213,700", "Net Non Operating Interest Income Expense": "-10,000", "Other Income Expense": "-8,600", "Pretax Income": "195,100", "Tax Provision": "39,600", "Earnings from Equity Interest Net of Tax": "5,000", "Net Income Common Stockholders": "160,500", "Diluted NI Available to Com Stockholders": "160,500", "Basic EPS": "2.72", "Diluted EPS": "2.70", "Basic Average Shares": "59,012", "Diluted Average Shares": "59,382", "Total Operating Income as Reported": "203,500", "Total Expenses": "2,353,500", "Net Income from Continuing & Discontinued Operation": "160,500", "Normalized Income": "168,629", "Interest Income": "2,100", "Interest Expense": "12,100", "Net Interest Income": "-10,000", "EBIT": "207,200", "EBITDA": "-", "Reconciled Cost of Revenue": "1,637,300", "Reconciled Depreciation": "72,100", "Net Income from Continuing Operation Net Minority Interest": "160,500", "Total Unusual Items Excluding Goodwill": "-10,200", "Total Unusual Items": "-10,200", "Normalized EBITDA": "289,500", "Tax Rate for Calcs": "0", "Tax Effect of Unusual Items": "-2,071"}, "5/31/2018": {"Duration": "5/31/2018", "Total Revenue": "2,381,200", "Cost of Revenue": "1,508,200", "Gross Profit": "873,000", "Operating Expense": "689,800", "Operating Income": "183,200", "Net Non Operating Interest Income Expense": "-9,100", "Other Income Expense": "-6,000", "Pretax Income": "168,100", "Tax Provision": "42,400", "Earnings from Equity Interest Net of Tax": "3,000", "Net Income Common Stockholders": "128,100", "Diluted NI Available to Com Stockholders": "128,100", "Basic EPS": "2.15", "Diluted EPS": "2.12", "Basic Average Shares": "59,681", "Diluted Average Shares": "60,311", "Total Operating Income as Reported": "177,500", "Total Expenses": "2,198,000", "Net Income from Continuing & Discontinued Operation": "128,100", "Normalized Income": "132,364", "Interest Income": "4,400", "Interest Expense": "13,500", "Net Interest Income": "-9,100", "EBIT": "181,600", "EBITDA": "-", "Reconciled Cost of Revenue": "1,508,200", "Reconciled Depreciation": "66,900", "Net Income from Continuing Operation Net Minority Interest": "128,100", "Total Unusual Items Excluding Goodwill": "-5,700", "Total Unusual Items": "-5,700", "Normalized EBITDA": "254,200", "Tax Rate for Calcs": "0", "Tax Effect of Unusual Items": "-1,436"}}, "bs": {"5/31/2020": {"Duration": "5/31/2020", "Total Assets": "2,053,900", "Total Liabilities Net Minority Interest": "1,410,900", "Total Equity Gross Minority Interest": "643,000", "Total Capitalization": "1,182,900", "Common Stock Equity": "643,000", "Capital Lease Obligations": "178,800", "Net Tangible Assets": "91,800", "Working Capital": "403,800", "Invested Capital": "1,234,300", "Tangible Book Value": "91,800", "Total Debt": "770,100", "Net Debt": "137,300", "Share Issued": "58,793", "Ordinary Shares Number": "58,793"}, "5/31/2019": {"Duration": "5/31/2019", "Total Assets": "1,569,300", "Total Liabilities Net Minority Interest": "850,100", "Total Equity Gross Minority Interest": "719,200", "Total Capitalization": "1,001,100", "Common Stock Equity": "719,200", "Capital Lease Obligations": "-", "Net Tangible Assets": "296,200", "Working Capital": "215,200", "Invested Capital": "1,001,100", "Tangible Book Value": "296,200", "Total Debt": "281,900", "Net Debt": "122,700", "Share Issued": "58,794", "Ordinary Shares Number": "58,794"}, "5/31/2018": {"Duration": "5/31/2018", "Total Assets": "1,479,500", "Total Liabilities Net Minority Interest": "814,700", "Total Equity Gross Minority Interest": "664,800", "Total Capitalization": "939,600", "Common Stock Equity": "664,600", "Capital Lease Obligations": "-", "Net Tangible Assets": "241,100", "Working Capital": "231,600", "Invested Capital": "939,600", "Tangible Book Value": "241,100", "Total Debt": "275,000", "Net Debt": "71,100", "Share Issued": "59,231", "Ordinary Shares Number": "59,231"}}, "cf": {"TTM": {"Duration": "TTM", "Operating Cash Flow": "290,100", "Investing Cash Flow": "-39,700", "Financing Cash Flow": "26,500", "End Cash Position": "387,500", "Income Tax Paid Supplemental Data": "-", "Interest Paid Supplemental Data": "-", "Capital Expenditure": "-", "Issuance of Capital Stock": "-", "Issuance of Debt": "-", "Repayment of Debt": "-", "Repurchase of Capital Stock": "-", "Free Cash Flow": "277,600"}, "5/31/2020": {"Duration": "5/31/2020", "Operating Cash Flow": "221,800", "Investing Cash Flow": "-168,100", "Financing Cash Flow": "244,000", "End Cash Position": "454,000", "Income Tax Paid Supplemental Data": "39,600", "Interest Paid Supplemental Data": "11,400", "Capital Expenditure": "-69,000", "Issuance of Capital Stock": "15,600", "Issuance of Debt": "315,000", "Repayment of Debt": "0", "Repurchase of Capital Stock": "-26,600", "Free Cash Flow": "152,800"}, "5/31/2019": {"Duration": "5/31/2019", "Operating Cash Flow": "216,400", "Investing Cash Flow": "-165,000", "Financing Cash Flow": "-91,900", "End Cash Position": "159,200", "Income Tax Paid Supplemental Data": "41,000", "Interest Paid Supplemental Data": "11,500", "Capital Expenditure": "-90,600", "Issuance of Capital Stock": "12,300", "Issuance of Debt": "0", "Repayment of Debt": "0", "Repurchase of Capital Stock": "-47,900", "Free Cash Flow": "125,800"}, "5/31/2018": {"Duration": "5/31/2018", "Operating Cash Flow": "166,500", "Investing Cash Flow": "-62,700", "Financing Cash Flow": "2,500", "End Cash Position": "203,900", "Income Tax Paid Supplemental Data": "34,200", "Interest Paid Supplemental Data": "16,400", "Capital Expenditure": "-70,600", "Issuance of Capital Stock": "17,000", "Issuance of Debt": "340,400", "Repayment of Debt": "-115,400", "Repurchase of Capital Stock": "-196,500", "Free Cash Flow": "95,900"}}}}, {"PAY": {"quote": {"03/21/2021": {"value": "", "Net Assets": "N/A", "Beta (5Y Monthly)": "N/A", "Yield": "N/A", "5y Average Return": "N/A", "Holdings Turnover": "N/A", "Last Dividend": "N/A", "Average for Category": "N/A", "Inception Date": "N/A"}}, "fin": {}, "bs": {}, "cf": {}}}, {"KNL": {"quote": {"03/21/2021": {"value": "17.53", "Market Cap": "890.636M", "Beta (5Y Monthly)": "1.96", "PE Ratio (TTM)": "194.78", "EPS (TTM)": "0.09", "Earnings Date": "Apr 26, 2021 - Apr 30, 2021", "Forward Dividend & Yield": "0.24 (1.37%)", "Ex-Dividend Date": "Mar 12, 2021", "1y Target Est": "15.00"}}, "fin": {"TTM": {"Duration": "TTM", "Total Revenue": "1,428,100", "Cost of Revenue": "879,100", "Gross Profit": "549,000", "Operating Expense": "432,900", "Operating Income": "116,100", "Net Non Operating Interest Income Expense": "-21,700", "Other Income Expense": "-3,500", "Pretax Income": "90,900", "Tax Provision": "23,400", "Net Income Common Stockholders": "67,500", "Diluted NI Available to Com Stockholders": "67,500", "Basic EPS": "-", "Diluted EPS": "-", "Basic Average Shares": "-", "Diluted Average Shares": "-", "Total Operating Income as Reported": "129,800", "Total Expenses": "1,312,000", "Net Income from Continuing & Discontinued Operation": "67,500", "Normalized Income": "41,499", "Interest Expense": "21,700", "Net Interest Income": "-21,700", "EBIT": "112,600", "EBITDA": "152,100", "Reconciled Cost of Revenue": "879,100", "Reconciled Depreciation": "39,500", "Net Income from Continuing Operation Net Minority Interest": "67,500", "Total Unusual Items Excluding Goodwill": "-8,800", "Total Unusual Items": "-8,800", "Normalized EBITDA": "160,900", "Tax Rate for Calcs": "0", "Tax Effect of Unusual Items": "-2,270"}, "12/31/2020": {"Duration": "12/31/2020", "Total Revenue": "1,236,400", "Cost of Revenue": "793,700", "Gross Profit": "442,700", "Operating Expense": "375,400", "Operating Income": "67,300", "Net Non Operating Interest Income Expense": "-17,400", "Other Income Expense": "-43,000", "Pretax Income": "6,900", "Tax Provision": "-800", "Net Income Common Stockholders": "4,400", "Diluted NI Available to Com Stockholders": "4,400", "Basic EPS": "-", "Diluted EPS": "-", "Basic Average Shares": "-", "Diluted Average Shares": "-", "Total Operating Income as Reported": "27,600", "Total Expenses": "1,169,100", "Net Income from Continuing & Discontinued Operation": "7,700", "Normalized Income": "41,499", "Interest Expense": "17,400", "Net Interest Income": "-17,400", "EBIT": "24,300", "EBITDA": "-", "Reconciled Cost of Revenue": "793,700", "Reconciled Depreciation": "43,300", "Net Income from Continuing Operation Net Minority Interest": "7,700", "Total Unusual Items Excluding Goodwill": "-46,300", "Total Unusual Items": "-46,300", "Normalized EBITDA": "113,900", "Tax Rate for Calcs": "0", "Tax Effect of Unusual Items": "-12,501"}, "12/31/2019": {"Duration": "12/31/2019", "Total Revenue": "1,428,100", "Cost of Revenue": "879,100", "Gross Profit": "549,000", "Operating Expense": "411,900", "Operating Income": "137,100", "Net Non Operating Interest Income Expense": "-21,700", "Other Income Expense": "-24,500", "Pretax Income": "90,900", "Tax Provision": "23,400", "Net Income Common Stockholders": "67,500", "Diluted NI Available to Com Stockholders": "67,500", "Basic EPS": "1.38", "Diluted EPS": "1.36", "Basic Average Shares": "48,846", "Diluted Average Shares": "49,457", "Total Operating Income as Reported": "129,800", "Total Expenses": "1,291,000", "Net Income from Continuing & Discontinued Operation": "67,500", "Normalized Income": "89,612", "Interest Expense": "21,700", "Net Interest Income": "-21,700", "EBIT": "112,600", "EBITDA": "-", "Reconciled Cost of Revenue": "879,100", "Reconciled Depreciation": "39,500", "Net Income from Continuing Operation Net Minority Interest": "67,500", "Total Unusual Items Excluding Goodwill": "-29,800", "Total Unusual Items": "-29,800", "Normalized EBITDA": "181,900", "Tax Rate for Calcs": "0", "Tax Effect of Unusual Items": "-7,688"}, "12/31/2018": {"Duration": "12/31/2018", "Total Revenue": "1,302,272", "Cost of Revenue": "820,748", "Gross Profit": "481,524", "Operating Expense": "369,452", "Operating Income": "112,072", "Net Non Operating Interest Income Expense": "-20,911", "Other Income Expense": "6,990", "Pretax Income": "98,151", "Tax Provision": "24,896", "Net Income Common Stockholders": "73,248", "Diluted NI Available to Com Stockholders": "73,248", "Basic EPS": "1.51", "Diluted EPS": "1.49", "Basic Average Shares": "48,657", "Diluted Average Shares": "49,218", "Total Operating Income as Reported": "115,193", "Total Expenses": "1,190,200", "Net Income from Continuing & Discontinued Operation": "73,248", "Normalized Income": "73,732", "Interest Expense": "20,911", "Net Interest Income": "-20,911", "EBIT": "119,062", "EBITDA": "-", "Reconciled Cost of Revenue": "820,748", "Reconciled Depreciation": "35,334", "Net Income from Continuing Operation Net Minority Interest": "73,248", "Total Unusual Items Excluding Goodwill": "-649", "Total Unusual Items": "-649", "Normalized EBITDA": "155,045", "Tax Rate for Calcs": "0", "Tax Effect of Unusual Items": "-164.846"}}, "bs": {"12/31/2020": {"Duration": "12/31/2020", "Total Assets": "1,453,100", "Total Liabilities Net Minority Interest": "840,200", "Total Equity Gross Minority Interest": "612,900", "Total Capitalization": "908,100", "Preferred Stock Equity": "165,100", "Common Stock Equity": "447,800", "Capital Lease Obligations": "168,400", "Net Tangible Assets": "-84,800", "Working Capital": "108,400", "Invested Capital": "757,600", "Tangible Book Value": "-249,900", "Total Debt": "478,200", "Net Debt": "272,500", "Share Issued": "50,703", "Ordinary Shares Number": "50,703", "Treasury Shares Number": "16,813"}, "12/31/2019": {"Duration": "12/31/2019", "Total Assets": "1,357,900", "Total Liabilities Net Minority Interest": "930,300", "Total Equity Gross Minority Interest": "427,600", "Total Capitalization": "856,500", "Preferred Stock Equity": "-", "Common Stock Equity": "427,600", "Capital Lease Obligations": "107,700", "Net Tangible Assets": "-252,700", "Working Capital": "50,600", "Invested Capital": "873,600", "Tangible Book Value": "-252,700", "Total Debt": "553,700", "Net Debt": "437,500", "Share Issued": "66,296", "Ordinary Shares Number": "49,775", "Treasury Shares Number": "16,521"}, "12/31/2018": {"Duration": "12/31/2018", "Total Assets": "1,226,949", "Total Liabilities Net Minority Interest": "840,439", "Total Equity Gross Minority Interest": "386,510", "Total Capitalization": "830,202", "Preferred Stock Equity": "-", "Common Stock Equity": "386,304", "Capital Lease Obligations": "-", "Net Tangible Assets": "-288,401", "Working Capital": "58,837", "Invested Capital": "847,387", "Tangible Book Value": "-288,401", "Total Debt": "461,083", "Net Debt": "459,523", "Share Issued": "65,779", "Ordinary Shares Number": "49,431", "Treasury Shares Number": "16,348"}}, "cf": {"TTM": {"Duration": "TTM", "Operating Cash Flow": "138,200", "Investing Cash Flow": "-80,700", "Financing Cash Flow": "-50,700", "End Cash Position": "8,500", "Income Tax Paid Supplemental Data": "12,500", "Interest Paid Supplemental Data": "20,300", "Capital Expenditure": "-49,900", "Issuance of Capital Stock": "0", "Issuance of Debt": "414,500", "Repayment of Debt": "-430,600", "Repurchase of Capital Stock": "-3,300", "Free Cash Flow": "88,300"}, "12/31/2020": {"Duration": "12/31/2020", "Operating Cash Flow": "60,700", "Investing Cash Flow": "-30,900", "Financing Cash Flow": "-3,100", "End Cash Position": "37,300", "Income Tax Paid Supplemental Data": "14,500", "Interest Paid Supplemental Data": "16,300", "Capital Expenditure": "-43,300", "Issuance of Capital Stock": "161,800", "Issuance of Debt": "414,500", "Repayment of Debt": "-557,900", "Repurchase of Capital Stock": "-", "Free Cash Flow": "17,400"}, "12/31/2019": {"Duration": "12/31/2019", "Operating Cash Flow": "138,200", "Investing Cash Flow": "-80,700", "Financing Cash Flow": "-50,700", "End Cash Position": "8,500", "Income Tax Paid Supplemental Data": "12,500", "Interest Paid Supplemental Data": "20,300", "Capital Expenditure": "-49,900", "Issuance of Capital Stock": "0", "Issuance of Debt": "417,500", "Repayment of Debt": "-430,600", "Repurchase of Capital Stock": "-3,300", "Free Cash Flow": "88,300"}, "12/31/2018": {"Duration": "12/31/2018", "Operating Cash Flow": "108,208", "Investing Cash Flow": "-348,272", "Financing Cash Flow": "239,804", "End Cash Position": "1,560", "Income Tax Paid Supplemental Data": "-", "Interest Paid Supplemental Data": "18,334", "Capital Expenditure": "-40,289", "Issuance of Capital Stock": "64", "Issuance of Debt": "840,747", "Repayment of Debt": "-560,937", "Repurchase of Capital Stock": "-4,411", "Free Cash Flow": "67,919"}}}}, {"SCS": {"quote": {"03/21/2021": {"value": "15.97", "Market Cap": "1.835B", "Beta (5Y Monthly)": "1.54", "PE Ratio (TTM)": "21.91", "EPS (TTM)": "0.73", "Earnings Date": "Mar 23, 2021", "Forward Dividend & Yield": "0.40 (2.50%)", "Ex-Dividend Date": "Dec 24, 2020", "1y Target Est": "18.00"}}, "fin": {"TTM": {"Duration": "TTM", "Total Revenue": "2,865,300", "Cost of Revenue": "1,978,700", "Gross Profit": "886,600", "Operating Expense": "736,700", "Operating Income": "149,900", "Net Non Operating Interest Income Expense": "-27,900", "Other Income Expense": "-33,000", "Pretax Income": "89,000", "Tax Provision": "3,000", "Net Income Common Stockholders": "84,300", "Diluted NI Available to Com Stockholders": "84,300", "Basic EPS": "-", "Diluted EPS": "-", "Basic Average Shares": "-", "Diluted Average Shares": "-", "Total Operating Income as Reported": "105,300", "Total Expenses": "2,715,400", "Net Income from Continuing & Discontinued Operation": "86,000", "Normalized Income": "84,164", "Interest Expense": "27,900", "Net Interest Income": "-27,900", "EBIT": "116,900", "EBITDA": "203,700", "Reconciled Cost of Revenue": "1,978,700", "Reconciled Depreciation": "86,800", "Net Income from Continuing Operation Net Minority Interest": "86,000", "Total Unusual Items Excluding Goodwill": "1,900", "Total Unusual Items": "1,900", "Normalized EBITDA": "201,800", "Tax Rate for Calcs": "0", "Tax Effect of Unusual Items": "64.0449"}, "2/29/2020": {"Duration": "2/29/2020", "Total Revenue": "3,723,700", "Cost of Revenue": "2,508,500", "Gross Profit": "1,215,200", "Operating Expense": "958,200", "Operating Income": "257,000", "Net Non Operating Interest Income Expense": "-27,300", "Other Income Expense": "15,500", "Pretax Income": "245,200", "Tax Provision": "45,500", "Net Income Common Stockholders": "195,800", "Diluted NI Available to Com Stockholders": "195,800", "Basic EPS": "1.67", "Diluted EPS": "1.66", "Basic Average Shares": "119,600", "Diluted Average Shares": "120,200", "Total Operating Income as Reported": "257,000", "Total Expenses": "3,466,700", "Net Income from Continuing & Discontinued Operation": "199,700", "Normalized Income": "195,060", "Interest Expense": "27,300", "Net Interest Income": "-27,300", "EBIT": "272,500", "EBITDA": "-", "Reconciled Cost of Revenue": "2,508,500", "Reconciled Depreciation": "85,600", "Net Income from Continuing Operation Net Minority Interest": "199,700", "Total Unusual Items Excluding Goodwill": "5,700", "Total Unusual Items": "5,700", "Normalized EBITDA": "352,400", "Tax Rate for Calcs": "0", "Tax Effect of Unusual Items": "1,060"}, "2/28/2019": {"Duration": "2/28/2019", "Total Revenue": "3,443,200", "Cost of Revenue": "2,355,300", "Gross Profit": "1,087,900", "Operating Expense": "904,300", "Operating Income": "183,600", "Net Non Operating Interest Income Expense": "-37,500", "Other Income Expense": "17,800", "Pretax Income": "163,900", "Tax Provision": "37,900", "Net Income Common Stockholders": "123,500", "Diluted NI Available to Com Stockholders": "123,500", "Basic EPS": "1.06", "Diluted EPS": "1.05", "Basic Average Shares": "119,100", "Diluted Average Shares": "119,500", "Total Operating Income as Reported": "183,600", "Total Expenses": "3,259,600", "Net Income from Continuing & Discontinued Operation": "126,000", "Normalized Income": "123,539", "Interest Expense": "37,500", "Net Interest Income": "-37,500", "EBIT": "201,400", "EBITDA": "-", "Reconciled Cost of Revenue": "2,355,300", "Reconciled Depreciation": "81,600", "Net Income from Continuing Operation Net Minority Interest": "126,000", "Total Unusual Items Excluding Goodwill": "3,200", "Total Unusual Items": "3,200", "Normalized EBITDA": "279,800", "Tax Rate for Calcs": "0", "Tax Effect of Unusual Items": "739.2"}}, "bs": {"2/29/2020": {"Duration": "2/29/2020", "Total Assets": "2,565,400", "Total Liabilities Net Minority Interest": "1,595,000", "Total Equity Gross Minority Interest": "970,400", "Total Capitalization": "1,451,800", "Common Stock Equity": "970,400", "Capital Lease Obligations": "257,100", "Net Tangible Assets": "633,900", "Working Capital": "497,900", "Invested Capital": "1,454,700", "Tangible Book Value": "633,900", "Total Debt": "741,400", "Net Debt": "-", "Share Issued": "117,202", "Ordinary Shares Number": "117,202"}, "2/28/2019": {"Duration": "2/28/2019", "Total Assets": "2,142,400", "Total Liabilities Net Minority Interest": "1,292,600", "Total Equity Gross Minority Interest": "849,800", "Total Capitalization": "1,332,700", "Common Stock Equity": "849,800", "Capital Lease Obligations": "-", "Net Tangible Assets": "489,700", "Working Capital": "353,400", "Invested Capital": "1,336,800", "Tangible Book Value": "489,700", "Total Debt": "487,000", "Net Debt": "225,700", "Share Issued": "116,767", "Ordinary Shares Number": "116,767"}}, "cf": {"TTM": {"Duration": "TTM", "Operating Cash Flow": "179,200", "Investing Cash Flow": "32,800", "Financing Cash Flow": "-94,400", "End Cash Position": "490,200", "Income Tax Paid Supplemental Data": "-", "Interest Paid Supplemental Data": "-", "Capital Expenditure": "-56,400", "Issuance of Debt": "250,000", "Repayment of Debt": "-252,900", "Repurchase of Capital Stock": "-42,700", "Free Cash Flow": "122,800"}, "2/29/2020": {"Duration": "2/29/2020", "Operating Cash Flow": "360,800", "Investing Cash Flow": "4,500", "Financing Cash Flow": "-81,900", "End Cash Position": "547,100", "Income Tax Paid Supplemental Data": "26,700", "Interest Paid Supplemental Data": "24,500", "Capital Expenditure": "-73,400", "Issuance of Debt": "0", "Repayment of Debt": "-2,900", "Repurchase of Capital Stock": "-8,700", "Free Cash Flow": "287,400"}, "2/28/2019": {"Duration": "2/28/2019", "Operating Cash Flow": "131,200", "Investing Cash Flow": "-271,600", "Financing Cash Flow": "122,300", "End Cash Position": "264,800", "Income Tax Paid Supplemental Data": "36,200", "Interest Paid Supplemental Data": "34,500", "Capital Expenditure": "-81,400", "Issuance of Debt": "773,100", "Repayment of Debt": "-575,800", "Repurchase of Capital Stock": "-4,200", "Free Cash Flow": "49,800"}}}}, {"CHMP": {"quote": {"03/21/2021": {"value": "6.24", "Market Cap": "960,448", "Beta (5Y Monthly)": "-0.85", "PE Ratio (TTM)": "N/A", "EPS (TTM)": "-23.03", "Earnings Date": "N/A", "Forward Dividend & Yield": "N/A (N/A)", "Ex-Dividend Date": "Dec 03, 2008", "1y Target Est": "10.50"}}, "fin": {}, "bs": {}, "cf": {}}}, {"OTIV": {"fin": {}, "bs": {}, "cf": {}}}]