[{"AMZN": {"quote": {"05/11/2021": {"value": "3,223.91", "Market Cap": "1.626T", "Beta (5Y Monthly)": "1.15", "PE Ratio (TTM)": "61.34", "EPS (TTM)": "52.56", "Earnings Date": "Jul 28, 2021 - Aug 02, 2021", "Forward Dividend & Yield": "N/A (N/A)", "Ex-Dividend Date": "N/A", "1y Target Est": "4,204.26"}}, "fin": {"TTM": {"Duration": "TTM", "Total Revenue": "321,782,000", "Cost of Revenue": "239,893,000", "Gross Profit": "81,889,000", "Operating Expense": "65,020,000", "Operating Income": "16,869,000", "Net Non Operating Interest Income Expense": "-885,000", "Other Income Expense": "305,000", "Pretax Income": "16,289,000", "Tax Provision": "3,009,000", "Earnings from Equity Interest Net of Tax": "-100,000", "Net Income Common Stockholders": "13,180,000", "Diluted NI Available to Com Stockholders": "13,180,000", "Basic EPS": "-", "Diluted EPS": "-", "Basic Average Shares": "-", "Diluted Average Shares": "-", "Total Operating Income as Reported": "16,869,000", "Total Expenses": "304,913,000", "Net Income from Continuing & Discontinued Operation": "13,180,000", "Normalized Income": "13,180,000", "Interest Income": "771,000", "Interest Expense": "1,656,000", "Net Interest Income": "-885,000", "EBIT": "17,945,000", "EBITDA": "40,788,000", "Reconciled Cost of Revenue": "239,893,000", "Reconciled Depreciation": "22,843,000", "Net Income from Continuing Operation Net Minority Interest": "13,180,000", "Total Unusual Items Excluding Goodwill": "-", "Total Unusual Items": "-", "Normalized EBITDA": "40,788,000", "Tax Rate for Calcs": "0", "Tax Effect of Unusual Items": "0"}, "12/31/2020": {"Duration": "12/31/2020", "Total Revenue": "386,064,000", "Cost of Revenue": "291,824,000", "Gross Profit": "94,240,000", "Operating Expense": "71,341,000", "Operating Income": "22,899,000", "Net Non Operating Interest Income Expense": "-1,092,000", "Other Income Expense": "2,371,000", "Pretax Income": "24,178,000", "Tax Provision": "2,863,000", "Earnings from Equity Interest Net of Tax": "16,000", "Net Income Common Stockholders": "21,331,000", "Diluted NI Available to Com Stockholders": "21,331,000", "Basic EPS": "-", "Diluted EPS": "-", "Basic Average Shares": "-", "Diluted Average Shares": "-", "Total Operating Income as Reported": "22,899,000", "Total Expenses": "363,165,000", "Net Income from Continuing & Discontinued Operation": "21,331,000", "Normalized Income": "21,331,000", "Interest Income": "555,000", "Interest Expense": "1,647,000", "Net Interest Income": "-1,092,000", "EBIT": "25,825,000", "EBITDA": "-", "Reconciled Cost of Revenue": "291,824,000", "Reconciled Depreciation": "25,251,000", "Net Income from Continuing Operation Net Minority Interest": "21,331,000", "Total Unusual Items Excluding Goodwill": "-", "Total Unusual Items": "-", "Normalized EBITDA": "51,076,000", "Tax Rate for Calcs": "0", "Tax Effect of Unusual Items": "0"}, "12/31/2019": {"Duration": "12/31/2019", "Total Revenue": "280,522,000", "Cost of Revenue": "205,768,000", "Gross Profit": "74,754,000", "Operating Expense": "60,213,000", "Operating Income": "14,541,000", "Net Non Operating Interest Income Expense": "-768,000", "Other Income Expense": "203,000", "Pretax Income": "13,976,000", "Tax Provision": "2,374,000", "Earnings from Equity Interest Net of Tax": "-14,000", "Net Income Common Stockholders": "11,588,000", "Diluted NI Available to Com Stockholders": "11,588,000", "Basic EPS": "23.46", "Diluted EPS": "23.01", "Basic Average Shares": "494,000", "Diluted Average Shares": "504,000", "Total Operating Income as Reported": "14,541,000", "Total Expenses": "265,981,000", "Net Income from Continuing & Discontinued Operation": "11,588,000", "Normalized Income": "11,588,000", "Interest Income": "832,000", "Interest Expense": "1,600,000", "Net Interest Income": "-768,000", "EBIT": "15,576,000", "EBITDA": "-", "Reconciled Cost of Revenue": "205,768,000", "Reconciled Depreciation": "21,789,000", "Net Income from Continuing Operation Net Minority Interest": "11,588,000", "Total Unusual Items Excluding Goodwill": "203,000", "Total Unusual Items": "203,000", "Normalized EBITDA": "37,365,000", "Tax Rate for Calcs": "0", "Tax Effect of Unusual Items": "0"}, "12/31/2018": {"Duration": "12/31/2018", "Total Revenue": "232,887,000", "Cost of Revenue": "173,183,000", "Gross Profit": "59,704,000", "Operating Expense": "47,283,000", "Operating Income": "12,421,000", "Net Non Operating Interest Income Expense": "-977,000", "Other Income Expense": "-183,000", "Pretax Income": "11,261,000", "Tax Provision": "1,197,000", "Earnings from Equity Interest Net of Tax": "9,000", "Net Income Common Stockholders": "10,073,000", "Diluted NI Available to Com Stockholders": "10,073,000", "Basic EPS": "20.68", "Diluted EPS": "20.14", "Basic Average Shares": "487,000", "Diluted Average Shares": "500,000", "Total Operating Income as Reported": "12,421,000", "Total Expenses": "220,466,000", "Net Income from Continuing & Discontinued Operation": "10,073,000", "Normalized Income": "10,073,000", "Interest Income": "440,000", "Interest Expense": "1,417,000", "Net Interest Income": "-977,000", "EBIT": "12,678,000", "EBITDA": "-", "Reconciled Cost of Revenue": "173,183,000", "Reconciled Depreciation": "15,341,000", "Net Income from Continuing Operation Net Minority Interest": "10,073,000", "Total Unusual Items Excluding Goodwill": "-183,000", "Total Unusual Items": "-183,000", "Normalized EBITDA": "28,019,000", "Tax Rate for Calcs": "0", "Tax Effect of Unusual Items": "0"}}, "bs": {"12/31/2020": {"Duration": "12/31/2020", "Total Assets": "321,195,000", "Total Liabilities Net Minority Interest": "227,791,000", "Total Equity Gross Minority Interest": "93,404,000", "Total Capitalization": "125,220,000", "Common Stock Equity": "93,404,000", "Capital Lease Obligations": "52,573,000", "Net Tangible Assets": "73,406,000", "Working Capital": "6,348,000", "Invested Capital": "125,220,000", "Tangible Book Value": "73,406,000", "Total Debt": "84,389,000", "Net Debt": "-", "Share Issued": "527,000", "Ordinary Shares Number": "503,000", "Treasury Shares Number": "24,000"}, "12/31/2019": {"Duration": "12/31/2019", "Total Assets": "225,248,000", "Total Liabilities Net Minority Interest": "163,188,000", "Total Equity Gross Minority Interest": "62,060,000", "Total Capitalization": "85,474,000", "Common Stock Equity": "62,060,000", "Capital Lease Obligations": "39,791,000", "Net Tangible Assets": "43,257,000", "Working Capital": "8,522,000", "Invested Capital": "85,474,000", "Tangible Book Value": "43,257,000", "Total Debt": "63,205,000", "Net Debt": "-", "Share Issued": "521,000", "Ordinary Shares Number": "498,000", "Treasury Shares Number": "23,000"}, "12/31/2018": {"Duration": "12/31/2018", "Total Assets": "162,648,000", "Total Liabilities Net Minority Interest": "119,099,000", "Total Equity Gross Minority Interest": "43,549,000", "Total Capitalization": "67,044,000", "Common Stock Equity": "43,549,000", "Capital Lease Obligations": "16,292,000", "Net Tangible Assets": "24,891,000", "Working Capital": "6,710,000", "Invested Capital": "67,044,000", "Tangible Book Value": "24,891,000", "Total Debt": "39,787,000", "Net Debt": "-", "Share Issued": "514,000", "Ordinary Shares Number": "491,000", "Treasury Shares Number": "23,000"}}, "cf": {"TTM": {"Duration": "TTM", "Operating Cash Flow": "51,220,000", "Investing Cash Flow": "-35,307,000", "Financing Cash Flow": "-714,000", "End Cash Position": "38,164,000", "Income Tax Paid Supplemental Data": "1,221,000", "Interest Paid Supplemental Data": "1,610,000", "Capital Expenditure": "-24,263,000", "Issuance of Debt": "14,844,000", "Repayment of Debt": "-15,558,000", "Free Cash Flow": "26,957,000"}, "12/31/2020": {"Duration": "12/31/2020", "Operating Cash Flow": "66,064,000", "Investing Cash Flow": "-59,611,000", "Financing Cash Flow": "-1,104,000", "End Cash Position": "42,377,000", "Income Tax Paid Supplemental Data": "1,713,000", "Interest Paid Supplemental Data": "1,630,000", "Capital Expenditure": "-40,140,000", "Issuance of Debt": "17,321,000", "Repayment of Debt": "-18,425,000", "Free Cash Flow": "25,924,000"}, "12/31/2019": {"Duration": "12/31/2019", "Operating Cash Flow": "38,514,000", "Investing Cash Flow": "-24,281,000", "Financing Cash Flow": "-10,066,000", "End Cash Position": "36,410,000", "Income Tax Paid Supplemental Data": "881,000", "Interest Paid Supplemental Data": "1,561,000", "Capital Expenditure": "-16,861,000", "Issuance of Debt": "2,273,000", "Repayment of Debt": "-12,339,000", "Free Cash Flow": "21,653,000"}, "12/31/2018": {"Duration": "12/31/2018", "Operating Cash Flow": "30,723,000", "Investing Cash Flow": "-12,369,000", "Financing Cash Flow": "-7,686,000", "End Cash Position": "32,173,000", "Income Tax Paid Supplemental Data": "1,184,000", "Interest Paid Supplemental Data": "1,429,000", "Capital Expenditure": "-13,427,000", "Issuance of Debt": "768,000", "Repayment of Debt": "-8,454,000", "Free Cash Flow": "17,296,000"}}}}, {"ATV": {"quote": {"03/20/2021": {"value": "20.89", "Market Cap": "53.707M", "Beta (5Y Monthly)": "N/A", "PE Ratio (TTM)": "5.48", "EPS (TTM)": "N/A", "Earnings Date": "Sep 30, 2020", "Forward Dividend & Yield": "N/A (N/A)", "Ex-Dividend Date": "N/A", "1y Target Est": "4.00"}, "03/21/2021": {"value": "20.89", "Market Cap": "53.707M", "Beta (5Y Monthly)": "N/A", "PE Ratio (TTM)": "5.48", "EPS (TTM)": "N/A", "Earnings Date": "Sep 30, 2020", "Forward Dividend & Yield": "N/A (N/A)", "Ex-Dividend Date": "N/A", "1y Target Est": "4.00"}}, "fin": {"TTM": {"Duration": "TTM", "Total Revenue": "36,864", "Cost of Revenue": "10,629", "Gross Profit": "26,235", "Operating Expense": "20,219", "Operating Income": "6,016", "Net Non Operating Interest Income Expense": "237.572", "Other Income Expense": "363.601", "Pretax Income": "6,618", "Tax Provision": "-2,244", "Earnings from Equity Interest Net of Tax": "-", "Net Income Common Stockholders": "7,779", "Diluted NI Available to Com Stockholders": "7,779", "Basic EPS": "-", "Diluted EPS": "-", "Basic Average Shares": "-", "Diluted Average Shares": "-", "Total Operating Income as Reported": "4,721", "Total Expenses": "30,847", "Net Income from Continuing & Discontinued Operation": "7,779", "Normalized Income": "8,757", "Interest Income": "258.95", "Interest Expense": "21.378", "Net Interest Income": "237.572", "EBIT": "6,639", "EBITDA": "6,639", "Reconciled Cost of Revenue": "10,629", "Reconciled Depreciation": "-", "Net Income from Continuing Operation Net Minority Interest": "8,757", "Total Unusual Items Excluding Goodwill": "-", "Total Unusual Items": "-", "Normalized EBITDA": "6,639", "Tax Rate for Calcs": "0", "Tax Effect of Unusual Items": "0"}, "12/31/2019": {"Duration": "12/31/2019", "Total Revenue": "37,484", "Cost of Revenue": "10,476", "Gross Profit": "27,008", "Operating Expense": "20,166", "Operating Income": "6,842", "Net Non Operating Interest Income Expense": "295.294", "Other Income Expense": "1,889", "Pretax Income": "9,027", "Tax Provision": "-1,974", "Earnings from Equity Interest Net of Tax": "-109.102", "Net Income Common Stockholders": "9,836", "Diluted NI Available to Com Stockholders": "9,836", "Basic EPS": "3.04", "Diluted EPS": "3.04", "Basic Average Shares": "2,581", "Diluted Average Shares": "2,581", "Total Operating Income as Reported": "5,547", "Total Expenses": "30,642", "Net Income from Continuing & Discontinued Operation": "9,836", "Normalized Income": "9,733", "Interest Income": "295.294", "Interest Expense": "0", "Net Interest Income": "295.294", "EBIT": "9,027", "EBITDA": "-", "Reconciled Cost of Revenue": "10,476", "Reconciled Depreciation": "167.189", "Net Income from Continuing Operation Net Minority Interest": "10,897", "Total Unusual Items Excluding Goodwill": "1,552", "Total Unusual Items": "1,552", "Normalized EBITDA": "7,642", "Tax Rate for Calcs": "0", "Tax Effect of Unusual Items": "388.0388"}, "12/31/2018": {"Duration": "12/31/2018", "Total Revenue": "28,445", "Cost of Revenue": "8,209", "Gross Profit": "20,236", "Operating Expense": "17,329", "Operating Income": "2,907", "Net Non Operating Interest Income Expense": "400.344", "Other Income Expense": "32,564", "Pretax Income": "35,872", "Tax Provision": "3,187", "Earnings from Equity Interest Net of Tax": "-324.9", "Net Income Common Stockholders": "31,127", "Diluted NI Available to Com Stockholders": "31,127", "Basic EPS": "11.26", "Diluted EPS": "11.26", "Basic Average Shares": "2,581", "Diluted Average Shares": "2,581", "Total Operating Income as Reported": "2,907", "Total Expenses": "25,538", "Net Income from Continuing & Discontinued Operation": "31,127", "Normalized Income": "2,785", "Interest Income": "400.439", "Interest Expense": "0.095", "Net Interest Income": "400.344", "EBIT": "35,872", "EBITDA": "-", "Reconciled Cost of Revenue": "8,209", "Reconciled Depreciation": "933.833", "Net Income from Continuing Operation Net Minority Interest": "32,364", "Total Unusual Items Excluding Goodwill": "32,504", "Total Unusual Items": "32,504", "Normalized EBITDA": "4,302", "Tax Rate for Calcs": "0", "Tax Effect of Unusual Items": "2,925"}}, "bs": {"12/31/2019": {"Duration": "12/31/2019", "Total Assets": "80,164", "Total Liabilities Net Minority Interest": "13,724", "Total Equity Gross Minority Interest": "66,440", "Total Capitalization": "66,117", "Common Stock Equity": "66,117", "Capital Lease Obligations": "1,914", "Net Tangible Assets": "66,117", "Working Capital": "33,755", "Invested Capital": "66,117", "Tangible Book Value": "66,117", "Total Debt": "1,914", "Share Issued": "91,884", "Ordinary Shares Number": "51,619", "Treasury Shares Number": "40,265"}, "12/31/2018": {"Duration": "12/31/2018", "Total Assets": "90,137", "Total Liabilities Net Minority Interest": "18,134", "Total Equity Gross Minority Interest": "72,003", "Total Capitalization": "71,669", "Common Stock Equity": "71,669", "Capital Lease Obligations": "-", "Net Tangible Assets": "71,669", "Working Capital": "22,466", "Invested Capital": "71,669", "Tangible Book Value": "71,669", "Total Debt": "-", "Share Issued": "91,884", "Ordinary Shares Number": "51,619", "Treasury Shares Number": "40,265"}}, "cf": {"TTM": {"Duration": "TTM", "Operating Cash Flow": "-", "Investing Cash Flow": "-", "Financing Cash Flow": "-", "Cash Flow from Discontinued Operation": "-", "End Cash Position": "-", "Income Tax Paid Supplemental Data": "-", "Interest Paid Supplemental Data": "-", "Capital Expenditure": "-", "Repayment of Debt": "-", "Repurchase of Capital Stock": "-", "Free Cash Flow": "-"}, "12/31/2019": {"Duration": "12/31/2019", "Operating Cash Flow": "-793.602", "Investing Cash Flow": "-183.238", "Financing Cash Flow": "-4,558", "Cash Flow from Discontinued Operation": "-", "End Cash Position": "13,537", "Income Tax Paid Supplemental Data": "902.469", "Interest Paid Supplemental Data": "0", "Capital Expenditure": "-137.914", "Repayment of Debt": "-", "Repurchase of Capital Stock": "0", "Free Cash Flow": "-931.516"}, "12/31/2018": {"Duration": "12/31/2018", "Operating Cash Flow": "-4,137", "Investing Cash Flow": "46,654", "Financing Cash Flow": "-41,810", "Cash Flow from Discontinued Operation": "-1,237", "End Cash Position": "20,220", "Income Tax Paid Supplemental Data": "1,746", "Interest Paid Supplemental Data": "0", "Capital Expenditure": "-103.697", "Repayment of Debt": "-", "Repurchase of Capital Stock": "-1,985", "Free Cash Flow": "-4,241"}}}}, {"BZUN": {"quote": {"05/11/2021": {"value": "32.30", "Market Cap": "2.627B", "Beta (5Y Monthly)": "1.00", "PE Ratio (TTM)": "31.06", "EPS (TTM)": "1.04", "Earnings Date": "May 18, 2021", "Forward Dividend & Yield": "N/A (N/A)", "Ex-Dividend Date": "N/A", "1y Target Est": "49.18"}}, "fin": {"TTM": {"Duration": "TTM", "Total Revenue": "7,278,192", "Cost of Revenue": "2,774,342", "Gross Profit": "4,503,850", "Operating Expense": "4,120,197", "Operating Income": "383,653", "Net Non Operating Interest Income Expense": "-18,702", "Other Income Expense": "-16,684", "Pretax Income": "348,267", "Tax Provision": "71,144", "Earnings from Equity Interest Net of Tax": "4,768", "Net Income Common Stockholders": "281,297", "Diluted NI Available to Com Stockholders": "281,297", "Basic EPS": "-", "Diluted EPS": "-", "Basic Average Shares": "-", "Diluted Average Shares": "-", "Total Operating Income as Reported": "383,653", "Total Expenses": "6,894,539", "Net Income from Continuing & Discontinued Operation": "281,297", "Normalized Income": "294,572", "Interest Income": "42,614", "Interest Expense": "61,316", "Net Interest Income": "-18,702", "EBIT": "409,583", "EBITDA": "529,679", "Reconciled Cost of Revenue": "2,774,342", "Reconciled Depreciation": "120,096", "Net Income from Continuing Operation Net Minority Interest": "281,297", "Total Unusual Items Excluding Goodwill": "-16,684", "Total Unusual Items": "-16,684", "Normalized EBITDA": "546,363", "Tax Rate for Calcs": "0", "Tax Effect of Unusual Items": "-3,409"}, "12/31/2020": {"Duration": "12/31/2020", "Total Revenue": "8,851,563", "Cost of Revenue": "5,585,419", "Gross Profit": "3,266,144", "Operating Expense": "2,707,467", "Operating Income": "558,677", "Net Non Operating Interest Income Expense": "-24,751", "Other Income Expense": "14,925", "Pretax Income": "548,851", "Tax Provision": "127,787", "Earnings from Equity Interest Net of Tax": "5,470", "Net Income Common Stockholders": "425,992", "Diluted NI Available to Com Stockholders": "425,992", "Basic EPS": "6.81", "Diluted EPS": "6.69", "Basic Average Shares": "62,441", "Diluted Average Shares": "63,663", "Total Operating Income as Reported": "558,677", "Total Expenses": "8,292,886", "Net Income from Continuing & Discontinued Operation": "425,992", "Normalized Income": "414,542", "Interest Income": "41,373", "Interest Expense": "66,124", "Net Interest Income": "-24,751", "EBIT": "614,975", "EBITDA": "-", "Reconciled Cost of Revenue": "5,585,419", "Reconciled Depreciation": "-", "Net Income from Continuing Operation Net Minority Interest": "425,992", "Total Unusual Items Excluding Goodwill": "14,925", "Total Unusual Items": "14,925", "Normalized EBITDA": "600,050", "Tax Rate for Calcs": "0", "Tax Effect of Unusual Items": "3,475"}, "12/31/2019": {"Duration": "12/31/2019", "Total Revenue": "7,278,192", "Cost of Revenue": "4,452,533", "Gross Profit": "2,825,659", "Operating Expense": "2,442,006", "Operating Income": "383,653", "Net Non Operating Interest Income Expense": "-18,702", "Other Income Expense": "-16,684", "Pretax Income": "348,267", "Tax Provision": "71,144", "Earnings from Equity Interest Net of Tax": "4,768", "Net Income Common Stockholders": "281,297", "Diluted NI Available to Com Stockholders": "281,297", "Basic EPS": "4.86", "Diluted EPS": "4.71", "Basic Average Shares": "57,979", "Diluted Average Shares": "59,644", "Total Operating Income as Reported": "383,653", "Total Expenses": "6,894,539", "Net Income from Continuing & Discontinued Operation": "281,297", "Normalized Income": "294,572", "Interest Income": "42,614", "Interest Expense": "61,316", "Net Interest Income": "-18,702", "EBIT": "409,583", "EBITDA": "-", "Reconciled Cost of Revenue": "4,452,533", "Reconciled Depreciation": "120,096", "Net Income from Continuing Operation Net Minority Interest": "281,297", "Total Unusual Items Excluding Goodwill": "-16,684", "Total Unusual Items": "-16,684", "Normalized EBITDA": "546,363", "Tax Rate for Calcs": "0", "Tax Effect of Unusual Items": "-3,409"}, "12/31/2018": {"Duration": "12/31/2018", "Total Revenue": "5,393,037", "Cost of Revenue": "3,297,154", "Gross Profit": "2,095,883", "Operating Expense": "1,740,110", "Operating Income": "355,773", "Net Non Operating Interest Income Expense": "-5,041", "Other Income Expense": "-15,012", "Pretax Income": "335,720", "Tax Provision": "64,953", "Earnings from Equity Interest Net of Tax": "-996", "Net Income Common Stockholders": "269,712", "Diluted NI Available to Com Stockholders": "269,712", "Basic EPS": "4.77", "Diluted EPS": "4.50", "Basic Average Shares": "56,628", "Diluted Average Shares": "59,776", "Total Operating Income as Reported": "355,773", "Total Expenses": "5,037,264", "Net Income from Continuing & Discontinued Operation": "269,712", "Normalized Income": "281,819", "Interest Income": "8,017", "Interest Expense": "13,058", "Net Interest Income": "-5,041", "EBIT": "348,778", "EBITDA": "-", "Reconciled Cost of Revenue": "3,297,154", "Reconciled Depreciation": "72,175", "Net Income from Continuing Operation Net Minority Interest": "269,712", "Total Unusual Items Excluding Goodwill": "-15,012", "Total Unusual Items": "-15,012", "Normalized EBITDA": "435,965", "Tax Rate for Calcs": "0", "Tax Effect of Unusual Items": "-2,905"}}, "bs": {"12/31/2020": {"Duration": "12/31/2020", "Total Assets": "10,474,692", "Total Liabilities Net Minority Interest": "4,341,088", "Total Equity Gross Minority Interest": "6,133,604", "Total Capitalization": "7,873,868", "Common Stock Equity": "6,111,021", "Capital Lease Obligations": "535,556", "Net Tangible Assets": "5,909,533", "Working Capital": "6,962,532", "Invested Capital": "8,374,688", "Tangible Book Value": "5,909,533", "Total Debt": "2,799,223", "Net Debt": "-", "Share Issued": "233,806", "Ordinary Shares Number": "233,806"}, "12/31/2019": {"Duration": "12/31/2019", "Total Assets": "7,096,600", "Total Liabilities Net Minority Interest": "4,506,083", "Total Equity Gross Minority Interest": "2,590,517", "Total Capitalization": "4,428,627", "Common Stock Equity": "2,568,731", "Capital Lease Obligations": "447,844", "Net Tangible Assets": "2,361,549", "Working Capital": "3,366,356", "Invested Capital": "5,067,810", "Tangible Book Value": "2,361,549", "Total Debt": "2,946,923", "Net Debt": "1,354,628", "Share Issued": "188,220", "Ordinary Shares Number": "188,220"}, "12/31/2018": {"Duration": "12/31/2018", "Total Assets": "4,015,824", "Total Liabilities Net Minority Interest": "1,820,808", "Total Equity Gross Minority Interest": "2,195,016", "Total Capitalization": "2,246,296", "Common Stock Equity": "2,177,543", "Capital Lease Obligations": "-", "Net Tangible Assets": "1,988,399", "Working Capital": "1,503,687", "Invested Capital": "2,709,266", "Tangible Book Value": "1,988,399", "Total Debt": "531,723", "Net Debt": "74,383", "Share Issued": "172,549", "Ordinary Shares Number": "172,549"}}, "cf": {"TTM": {"Duration": "TTM", "Operating Cash Flow": "301,396", "Investing Cash Flow": "-1,133,451", "Financing Cash Flow": "1,776,891", "End Cash Position": "1,526,810", "Income Tax Paid Supplemental Data": "68,728", "Interest Paid Supplemental Data": "37,578", "Capital Expenditure": "-152,877", "Issuance of Capital Stock": "-", "Issuance of Debt": "2,764,414", "Repayment of Debt": "-993,728", "Repurchase of Capital Stock": "-", "Free Cash Flow": "148,519"}, "12/31/2019": {"Duration": "12/31/2019", "Operating Cash Flow": "301,396", "Investing Cash Flow": "-1,133,451", "Financing Cash Flow": "1,776,891", "End Cash Position": "1,526,810", "Income Tax Paid Supplemental Data": "68,728", "Interest Paid Supplemental Data": "37,578", "Capital Expenditure": "-152,877", "Issuance of Capital Stock": "-", "Issuance of Debt": "2,764,414", "Repayment of Debt": "-993,728", "Repurchase of Capital Stock": "-", "Free Cash Flow": "148,519"}, "12/31/2018": {"Duration": "12/31/2018", "Operating Cash Flow": "-98,502", "Investing Cash Flow": "37,564", "Financing Cash Flow": "331,225", "End Cash Position": "582,855", "Income Tax Paid Supplemental Data": "55,553", "Interest Paid Supplemental Data": "12,992", "Capital Expenditure": "-208,738", "Issuance of Capital Stock": "0", "Issuance of Debt": "843,429", "Repayment of Debt": "-515,923", "Repurchase of Capital Stock": "0", "Free Cash Flow": "-307,240"}}}}, {"GPDB": {"quote": {"05/11/2021": {"value": "0.1500", "Market Cap": "130.022M", "Beta (5Y Monthly)": "-2.24", "PE Ratio (TTM)": "N/A", "EPS (TTM)": "-1.2590", "Earnings Date": "N/A", "Forward Dividend & Yield": "N/A (N/A)", "Ex-Dividend Date": "N/A", "1y Target Est": "N/A"}}, "fin": {}, "bs": {}, "cf": {}}}, {"LITB": {"quote": {"05/11/2021": {"value": "2.8000", "Market Cap": "335.451M", "Beta (5Y Monthly)": "0.59", "PE Ratio (TTM)": "23.33", "EPS (TTM)": "0.1200", "Earnings Date": "Jun 17, 2021 - Jun 21, 2021", "Forward Dividend & Yield": "N/A (N/A)", "Ex-Dividend Date": "N/A", "1y Target Est": "N/A"}}, "fin": {"TTM": {"Duration": "TTM", "Total Revenue": "300,007", "Cost of Revenue": "171,052", "Gross Profit": "128,955", "Operating Expense": "128,658", "Operating Income": "297", "Net Non Operating Interest Income Expense": "82", "Other Income Expense": "31,030", "Pretax Income": "31,409", "Tax Provision": "-308", "Earnings from Equity Interest Net of Tax": "-38", "Net Income Common Stockholders": "31,606", "Diluted NI Available to Com Stockholders": "31,606", "Basic EPS": "-", "Diluted EPS": "-", "Basic Average Shares": "-", "Diluted Average Shares": "-", "Total Operating Income as Reported": "297", "Total Expenses": "299,710", "Net Income from Continuing & Discontinued Operation": "31,606", "Normalized Income": "31,606", "Interest Income": "108", "Interest Expense": "215", "Net Interest Income": "82", "EBIT": "31,624", "EBITDA": "31,624", "Reconciled Cost of Revenue": "171,052", "Reconciled Depreciation": "-", "Net Income from Continuing Operation Net Minority Interest": "31,606", "Total Unusual Items Excluding Goodwill": "-", "Total Unusual Items": "-", "Normalized EBITDA": "31,624", "Tax Rate for Calcs": "0", "Tax Effect of Unusual Items": "0"}, "12/31/2019": {"Duration": "12/31/2019", "Total Revenue": "243,626", "Cost of Revenue": "146,029", "Gross Profit": "97,597", "Operating Expense": "113,649", "Operating Income": "-16,052", "Net Non Operating Interest Income Expense": "231", "Other Income Expense": "14,874", "Pretax Income": "-947", "Tax Provision": "113", "Earnings from Equity Interest Net of Tax": "2,118", "Net Income Common Stockholders": "999", "Diluted NI Available to Com Stockholders": "999", "Basic EPS": "0.02", "Diluted EPS": "-0.12", "Basic Average Shares": "68,794", "Diluted Average Shares": "111,759", "Total Operating Income as Reported": "-16,052", "Total Expenses": "259,678", "Net Income from Continuing & Discontinued Operation": "999", "Normalized Income": "999", "Interest Income": "297", "Interest Expense": "66", "Net Interest Income": "231", "EBIT": "-881", "EBITDA": "-", "Reconciled Cost of Revenue": "146,029", "Reconciled Depreciation": "2,518", "Net Income from Continuing Operation Net Minority Interest": "999", "Total Unusual Items Excluding Goodwill": "-", "Total Unusual Items": "-", "Normalized EBITDA": "1,637", "Tax Rate for Calcs": "0", "Tax Effect of Unusual Items": "0"}, "12/31/2018": {"Duration": "12/31/2018", "Total Revenue": "227,539", "Cost of Revenue": "166,343", "Gross Profit": "61,196", "Operating Expense": "98,677", "Operating Income": "-37,481", "Net Non Operating Interest Income Expense": "482", "Other Income Expense": "-22,791", "Pretax Income": "-59,790", "Tax Provision": "33", "Earnings from Equity Interest Net of Tax": "221", "Net Income Common Stockholders": "-59,601", "Diluted NI Available to Com Stockholders": "-59,601", "Basic EPS": "-0.90", "Diluted EPS": "-0.90", "Basic Average Shares": "66,734", "Diluted Average Shares": "66,734", "Total Operating Income as Reported": "-37,481", "Total Expenses": "265,020", "Net Income from Continuing & Discontinued Operation": "-59,601", "Normalized Income": "-59,601", "Interest Income": "487", "Interest Expense": "5", "Net Interest Income": "482", "EBIT": "-59,785", "EBITDA": "-", "Reconciled Cost of Revenue": "166,343", "Reconciled Depreciation": "870", "Net Income from Continuing Operation Net Minority Interest": "-59,601", "Total Unusual Items Excluding Goodwill": "-22,791", "Total Unusual Items": "-22,791", "Normalized EBITDA": "-58,915", "Tax Rate for Calcs": "0", "Tax Effect of Unusual Items": "0"}}, "bs": {"12/31/2019": {"Duration": "12/31/2019", "Total Assets": "113,201", "Total Liabilities Net Minority Interest": "81,320", "Total Equity Gross Minority Interest": "31,881", "Total Capitalization": "31,827", "Common Stock Equity": "31,827", "Capital Lease Obligations": "12,579", "Net Tangible Assets": "-4,611", "Working Capital": "-14,295", "Invested Capital": "31,827", "Tangible Book Value": "-4,611", "Total Debt": "12,579", "Net Debt": "-", "Share Issued": "201,226", "Ordinary Shares Number": "187,215", "Treasury Shares Number": "14,012"}, "12/31/2018": {"Duration": "12/31/2018", "Total Assets": "103,587", "Total Liabilities Net Minority Interest": "111,392", "Total Equity Gross Minority Interest": "-7,805", "Total Capitalization": "-7,800", "Common Stock Equity": "-7,800", "Capital Lease Obligations": "1,156", "Net Tangible Assets": "-45,859", "Working Capital": "-54,679", "Invested Capital": "44,122", "Tangible Book Value": "-45,859", "Total Debt": "51,922", "Net Debt": "13,114", "Share Issued": "147,982", "Ordinary Shares Number": "134,456", "Treasury Shares Number": "13,526"}}, "cf": {"TTM": {"Duration": "TTM", "Operating Cash Flow": "-", "Investing Cash Flow": "-", "Financing Cash Flow": "-", "End Cash Position": "-", "Income Tax Paid Supplemental Data": "-", "Interest Paid Supplemental Data": "-", "Capital Expenditure": "-", "Issuance of Capital Stock": "-", "Repayment of Debt": "-", "Repurchase of Capital Stock": "-", "Free Cash Flow": "-"}, "12/31/2019": {"Duration": "12/31/2019", "Operating Cash Flow": "1,882", "Investing Cash Flow": "-681", "Financing Cash Flow": "-551", "End Cash Position": "40,445", "Income Tax Paid Supplemental Data": "133", "Interest Paid Supplemental Data": "66", "Capital Expenditure": "-917", "Issuance of Capital Stock": "-", "Repayment of Debt": "-300", "Repurchase of Capital Stock": "-251", "Free Cash Flow": "965"}, "12/31/2018": {"Duration": "12/31/2018", "Operating Cash Flow": "-29,868", "Investing Cash Flow": "3,296", "Financing Cash Flow": "-3,365", "End Cash Position": "39,802", "Income Tax Paid Supplemental Data": "55", "Interest Paid Supplemental Data": "4", "Capital Expenditure": "-387", "Issuance of Capital Stock": "0", "Repayment of Debt": "-24", "Repurchase of Capital Stock": "-3,354", "Free Cash Flow": "-30,255"}}}}, {"LE": {"quote": {"05/11/2021": {"value": "22.65", "Market Cap": "806.501M", "Beta (5Y Monthly)": "2.56", "PE Ratio (TTM)": "68.64", "EPS (TTM)": "0.33", "Earnings Date": "Mar 17, 2021", "Forward Dividend & Yield": "N/A (N/A)", "Ex-Dividend Date": "N/A", "1y Target Est": "45.00"}}, "fin": {"TTM": {"Duration": "TTM", "Total Revenue": "1,450,201", "Cost of Revenue": "828,309", "Gross Profit": "621,892", "Operating Expense": "576,455", "Operating Income": "45,437", "Net Non Operating Interest Income Expense": "-25,987", "Other Income Expense": "1,912", "Pretax Income": "21,362", "Tax Provision": "2,072", "Net Income Common Stockholders": "19,290", "Diluted NI Available to Com Stockholders": "19,290", "Basic EPS": "-", "Diluted EPS": "-", "Basic Average Shares": "-", "Diluted Average Shares": "-", "Total Operating Income as Reported": "45,437", "Total Expenses": "1,404,764", "Net Income from Continuing & Discontinued Operation": "19,290", "Normalized Income": "19,290", "Interest Expense": "25,987", "Net Interest Income": "-25,987", "EBIT": "47,349", "EBITDA": "78,485", "Reconciled Cost of Revenue": "828,309", "Reconciled Depreciation": "31,136", "Net Income from Continuing Operation Net Minority Interest": "19,290", "Total Unusual Items Excluding Goodwill": "-", "Total Unusual Items": "-", "Normalized EBITDA": "78,485", "Tax Rate for Calcs": "0", "Tax Effect of Unusual Items": "0"}, "1/31/2021": {"Duration": "1/31/2021", "Total Revenue": "1,427,448", "Cost of Revenue": "821,595", "Gross Profit": "605,853", "Operating Expense": "564,711", "Operating Income": "41,142", "Net Non Operating Interest Income Expense": "-27,754", "Other Income Expense": "-796", "Pretax Income": "12,592", "Tax Provision": "1,756", "Net Income Common Stockholders": "10,836", "Diluted NI Available to Com Stockholders": "10,836", "Basic EPS": "-", "Diluted EPS": "-", "Basic Average Shares": "-", "Diluted Average Shares": "-", "Total Operating Income as Reported": "41,142", "Total Expenses": "1,386,306", "Net Income from Continuing & Discontinued Operation": "10,836", "Normalized Income": "10,836", "Interest Expense": "27,754", "Net Interest Income": "-27,754", "EBIT": "40,346", "EBITDA": "-", "Reconciled Cost of Revenue": "821,595", "Reconciled Depreciation": "37,343", "Net Income from Continuing Operation Net Minority Interest": "10,836", "Total Unusual Items Excluding Goodwill": "-", "Total Unusual Items": "-", "Normalized EBITDA": "77,689", "Tax Rate for Calcs": "0", "Tax Effect of Unusual Items": "0"}, "1/31/2020": {"Duration": "1/31/2020", "Total Revenue": "1,450,201", "Cost of Revenue": "828,309", "Gross Profit": "621,892", "Operating Expense": "576,455", "Operating Income": "45,437", "Net Non Operating Interest Income Expense": "-25,987", "Other Income Expense": "1,912", "Pretax Income": "21,362", "Tax Provision": "2,072", "Net Income Common Stockholders": "19,290", "Diluted NI Available to Com Stockholders": "19,290", "Basic EPS": "0.60", "Diluted EPS": "0.60", "Basic Average Shares": "32,343", "Diluted Average Shares": "32,345", "Total Operating Income as Reported": "45,437", "Total Expenses": "1,404,764", "Net Income from Continuing & Discontinued Operation": "19,290", "Normalized Income": "19,290", "Interest Expense": "25,987", "Net Interest Income": "-25,987", "EBIT": "47,349", "EBITDA": "-", "Reconciled Cost of Revenue": "828,309", "Reconciled Depreciation": "31,136", "Net Income from Continuing Operation Net Minority Interest": "19,290", "Total Unusual Items Excluding Goodwill": "-", "Total Unusual Items": "-", "Normalized EBITDA": "78,485", "Tax Rate for Calcs": "0", "Tax Effect of Unusual Items": "0"}, "1/31/2019": {"Duration": "1/31/2019", "Total Revenue": "1,451,592", "Cost of Revenue": "835,536", "Gross Profit": "616,056", "Operating Expense": "573,457", "Operating Income": "42,599", "Net Non Operating Interest Income Expense": "-28,909", "Other Income Expense": "-4,059", "Pretax Income": "9,631", "Tax Provision": "-1,959", "Net Income Common Stockholders": "11,590", "Diluted NI Available to Com Stockholders": "11,590", "Basic EPS": "0.36", "Diluted EPS": "0.36", "Basic Average Shares": "32,190", "Diluted Average Shares": "32,526", "Total Operating Income as Reported": "42,599", "Total Expenses": "1,408,993", "Net Income from Continuing & Discontinued Operation": "11,590", "Normalized Income": "11,590", "Interest Expense": "28,909", "Net Interest Income": "-28,909", "EBIT": "38,540", "EBITDA": "-", "Reconciled Cost of Revenue": "835,536", "Reconciled Depreciation": "27,558", "Net Income from Continuing Operation Net Minority Interest": "11,590", "Total Unusual Items Excluding Goodwill": "0", "Total Unusual Items": "0", "Normalized EBITDA": "66,098", "Tax Rate for Calcs": "0", "Tax Effect of Unusual Items": "0"}}, "bs": {"1/31/2021": {"Duration": "1/31/2021", "Total Assets": "1,045,508", "Total Liabilities Net Minority Interest": "675,805", "Total Equity Gross Minority Interest": "369,703", "Total Capitalization": "640,335", "Common Stock Equity": "369,703", "Capital Lease Obligations": "42,994", "Net Tangible Assets": "6,003", "Working Capital": "180,908", "Invested Capital": "654,085", "Tangible Book Value": "6,003", "Total Debt": "327,376", "Net Debt": "250,449", "Share Issued": "32,614", "Ordinary Shares Number": "32,614"}, "1/31/2020": {"Duration": "1/31/2020", "Total Assets": "1,113,629", "Total Liabilities Net Minority Interest": "765,247", "Total Equity Gross Minority Interest": "348,382", "Total Capitalization": "727,039", "Common Stock Equity": "348,382", "Capital Lease Obligations": "45,705", "Net Tangible Assets": "-18,618", "Working Capital": "261,812", "Invested Capital": "732,189", "Tangible Book Value": "-18,618", "Total Debt": "429,512", "Net Debt": "306,659", "Share Issued": "32,382", "Ordinary Shares Number": "32,382"}, "1/31/2019": {"Duration": "1/31/2019", "Total Assets": "1,110,911", "Total Liabilities Net Minority Interest": "788,200", "Total Equity Gross Minority Interest": "322,711", "Total Capitalization": "805,164", "Common Stock Equity": "322,711", "Capital Lease Obligations": "-", "Net Tangible Assets": "-44,289", "Working Capital": "347,130", "Invested Capital": "810,314", "Tangible Book Value": "-44,289", "Total Debt": "487,603", "Net Debt": "294,198", "Share Issued": "32,220", "Ordinary Shares Number": "32,220"}}, "cf": {"TTM": {"Duration": "TTM", "Operating Cash Flow": "27,289", "Investing Cash Flow": "-37,972", "Financing Cash Flow": "-105,913", "End Cash Position": "79,297", "Income Tax Paid Supplemental Data": "3,069", "Interest Paid Supplemental Data": "23,728", "Capital Expenditure": "-38,878", "Issuance of Debt": "99,550", "Repayment of Debt": "-204,700", "Free Cash Flow": "-11,589"}, "1/31/2021": {"Duration": "1/31/2021", "Operating Cash Flow": "91,633", "Investing Cash Flow": "-30,149", "Financing Cash Flow": "-103,075", "End Cash Position": "35,794", "Income Tax Paid Supplemental Data": "288", "Interest Paid Supplemental Data": "21,595", "Capital Expenditure": "-30,149", "Issuance of Debt": "501,750", "Repayment of Debt": "-598,825", "Free Cash Flow": "61,484"}, "1/31/2020": {"Duration": "1/31/2020", "Operating Cash Flow": "27,289", "Investing Cash Flow": "-37,972", "Financing Cash Flow": "-105,913", "End Cash Position": "79,297", "Income Tax Paid Supplemental Data": "3,069", "Interest Paid Supplemental Data": "23,728", "Capital Expenditure": "-38,878", "Issuance of Debt": "99,550", "Repayment of Debt": "-204,700", "Free Cash Flow": "-11,589"}, "1/31/2019": {"Duration": "1/31/2019", "Operating Cash Flow": "48,200", "Investing Cash Flow": "-44,396", "Financing Cash Flow": "-5,753", "End Cash Position": "195,353", "Income Tax Paid Supplemental Data": "1,221", "Interest Paid Supplemental Data": "27,243", "Capital Expenditure": "-44,852", "Issuance of Debt": "-", "Repayment of Debt": "-5,150", "Free Cash Flow": "3,348"}}}}, {"QVCA": {"quote": {"05/11/2021": {"value": "", "Net Assets": "N/A", "Beta (5Y Monthly)": "N/A", "Yield": "N/A", "5y Average Return": "N/A", "Holdings Turnover": "N/A", "Last Dividend": "N/A", "Average for Category": "N/A", "Inception Date": "N/A"}}, "fin": {}, "bs": {}, "cf": {}}}, {"GAIA": {"quote": {"05/11/2021": {"value": "11.07", "Market Cap": "212.553M", "Beta (5Y Monthly)": "0.65", "PE Ratio (TTM)": "48.34", "EPS (TTM)": "0.23", "Earnings Date": "Aug 02, 2021 - Aug 06, 2021", "Forward Dividend & Yield": "N/A (N/A)", "Ex-Dividend Date": "Dec 13, 2010", "1y Target Est": "17.50"}}, "fin": {"TTM": {"Duration": "TTM", "Total Revenue": "56,023", "Cost of Revenue": "7,412", "Gross Profit": "48,611", "Operating Expense": "62,632", "Operating Income": "-14,021", "Net Non Operating Interest Income Expense": "-926", "Pretax Income": "-14,947", "Tax Provision": "114", "Net Income Common Stockholders": "-15,004", "Diluted NI Available to Com Stockholders": "-15,004", "Basic EPS": "-", "Diluted EPS": "-", "Basic Average Shares": "-", "Diluted Average Shares": "-", "Total Operating Income as Reported": "-14,021", "Total Expenses": "70,044", "Net Income from Continuing & Discontinued Operation": "-15,004", "Normalized Income": "-15,061", "Net Interest Income": "-926", "EBIT": "-14,021", "EBITDA": "-3,677", "Reconciled Cost of Revenue": "7,412", "Reconciled Depreciation": "10,344", "Net Income from Continuing Operation Net Minority Interest": "-15,061", "Normalized EBITDA": "-3,677", "Tax Rate for Calcs": "0", "Tax Effect of Unusual Items": "0"}, "12/31/2020": {"Duration": "12/31/2020", "Total Revenue": "66,827", "Cost of Revenue": "8,651", "Gross Profit": "58,176", "Operating Expense": "62,804", "Operating Income": "-4,628", "Net Non Operating Interest Income Expense": "5,327", "Pretax Income": "699", "Tax Provision": "180", "Net Income Common Stockholders": "519", "Diluted NI Available to Com Stockholders": "519", "Basic EPS": "-", "Diluted EPS": "-", "Basic Average Shares": "-", "Diluted Average Shares": "-", "Total Operating Income as Reported": "-4,628", "Total Expenses": "71,455", "Net Income from Continuing & Discontinued Operation": "519", "Normalized Income": "519", "Net Interest Income": "5,327", "EBIT": "-4,628", "EBITDA": "-", "Reconciled Cost of Revenue": "8,651", "Reconciled Depreciation": "12,042", "Net Income from Continuing Operation Net Minority Interest": "519", "Normalized EBITDA": "7,414", "Tax Rate for Calcs": "0", "Tax Effect of Unusual Items": "0"}, "12/31/2019": {"Duration": "12/31/2019", "Total Revenue": "53,979", "Cost of Revenue": "7,111", "Gross Profit": "46,868", "Operating Expense": "64,072", "Operating Income": "-17,204", "Net Non Operating Interest Income Expense": "-643", "Pretax Income": "-17,847", "Tax Provision": "45", "Net Income Common Stockholders": "-18,150", "Diluted NI Available to Com Stockholders": "-18,150", "Basic EPS": "-1.00", "Diluted EPS": "-1.00", "Basic Average Shares": "18,160", "Diluted Average Shares": "18,160", "Total Operating Income as Reported": "-17,204", "Total Expenses": "71,183", "Net Income from Continuing & Discontinued Operation": "-18,150", "Normalized Income": "-17,892", "Net Interest Income": "-643", "EBIT": "-17,204", "EBITDA": "-", "Reconciled Cost of Revenue": "7,111", "Reconciled Depreciation": "9,595", "Net Income from Continuing Operation Net Minority Interest": "-17,892", "Normalized EBITDA": "-7,609", "Tax Rate for Calcs": "0", "Tax Effect of Unusual Items": "0"}, "12/31/2018": {"Duration": "12/31/2018", "Total Revenue": "43,843", "Cost of Revenue": "5,705", "Gross Profit": "38,138", "Operating Expense": "74,230", "Operating Income": "-36,092", "Net Non Operating Interest Income Expense": "355", "Pretax Income": "-35,737", "Tax Provision": "-1,944", "Net Income Common Stockholders": "-33,793", "Diluted NI Available to Com Stockholders": "-33,793", "Basic EPS": "-1.96", "Diluted EPS": "-1.96", "Basic Average Shares": "17,259", "Diluted Average Shares": "17,259", "Total Operating Income as Reported": "-36,092", "Total Expenses": "79,935", "Net Income from Continuing & Discontinued Operation": "-33,793", "Normalized Income": "-33,793", "Net Interest Income": "355", "EBIT": "-36,092", "EBITDA": "-", "Reconciled Cost of Revenue": "5,705", "Reconciled Depreciation": "6,989", "Net Income from Continuing Operation Net Minority Interest": "-33,793", "Normalized EBITDA": "-29,103", "Tax Rate for Calcs": "0", "Tax Effect of Unusual Items": "0"}}, "bs": {"12/31/2020": {"Duration": "12/31/2020", "Total Assets": "110,017", "Total Liabilities Net Minority Interest": "35,782", "Total Equity Gross Minority Interest": "74,235", "Total Capitalization": "80,485", "Common Stock Equity": "74,235", "Capital Lease Obligations": "8,643", "Net Tangible Assets": "18,970", "Working Capital": "-4,948", "Invested Capital": "80,623", "Tangible Book Value": "18,970", "Total Debt": "15,031", "Net Debt": "-", "Share Issued": "19,183", "Ordinary Shares Number": "19,183"}, "12/31/2019": {"Duration": "12/31/2019", "Total Assets": "106,172", "Total Liabilities Net Minority Interest": "37,258", "Total Equity Gross Minority Interest": "68,914", "Total Capitalization": "87,347", "Common Stock Equity": "68,914", "Capital Lease Obligations": "-", "Net Tangible Assets": "16,186", "Working Capital": "-2,372", "Invested Capital": "87,347", "Tangible Book Value": "16,186", "Total Debt": "18,433", "Net Debt": "6,939", "Share Issued": "18,423", "Ordinary Shares Number": "18,423"}, "12/31/2018": {"Duration": "12/31/2018", "Total Assets": "107,151", "Total Liabilities Net Minority Interest": "25,686", "Total Equity Gross Minority Interest": "81,465", "Total Capitalization": "93,965", "Common Stock Equity": "81,465", "Capital Lease Obligations": "-", "Net Tangible Assets": "44,500", "Working Capital": "21,468", "Invested Capital": "93,965", "Tangible Book Value": "44,500", "Total Debt": "12,500", "Net Debt": "-", "Share Issued": "17,900", "Ordinary Shares Number": "17,900"}}, "cf": {"TTM": {"Duration": "TTM", "Operating Cash Flow": "2,173", "Investing Cash Flow": "-18,952", "Financing Cash Flow": "4,499", "End Cash Position": "10,019", "Income Tax Paid Supplemental Data": "129", "Interest Paid Supplemental Data": "732", "Capital Expenditure": "-17,377", "Issuance of Capital Stock": "407", "Issuance of Debt": "4,092", "Repayment of Debt": "0", "Free Cash Flow": "-15,204"}, "12/31/2020": {"Duration": "12/31/2020", "Operating Cash Flow": "11,650", "Investing Cash Flow": "-176", "Financing Cash Flow": "-10,363", "End Cash Position": "12,605", "Income Tax Paid Supplemental Data": "129", "Interest Paid Supplemental Data": "732", "Capital Expenditure": "-13,326", "Issuance of Capital Stock": "249", "Issuance of Debt": "10,388", "Repayment of Debt": "-21,000", "Free Cash Flow": "-1,676"}, "12/31/2019": {"Duration": "12/31/2019", "Operating Cash Flow": "-2,574", "Investing Cash Flow": "-20,275", "Financing Cash Flow": "4,379", "End Cash Position": "11,494", "Income Tax Paid Supplemental Data": "9", "Interest Paid Supplemental Data": "690", "Capital Expenditure": "-18,700", "Issuance of Capital Stock": "287", "Issuance of Debt": "16,592", "Repayment of Debt": "-12,500", "Free Cash Flow": "-21,274"}, "12/31/2018": {"Duration": "12/31/2018", "Operating Cash Flow": "-21,385", "Investing Cash Flow": "-18,859", "Financing Cash Flow": "37,430", "End Cash Position": "29,964", "Income Tax Paid Supplemental Data": "10", "Interest Paid Supplemental Data": "59", "Capital Expenditure": "-18,859", "Issuance of Capital Stock": "37,430", "Issuance of Debt": "12,500", "Repayment of Debt": "-12,500", "Free Cash Flow": "-40,244"}}}}, {"VIPS": {"quote": {"05/11/2021": {"value": "25.75", "Market Cap": "17.476B", "Beta (5Y Monthly)": "0.66", "PE Ratio (TTM)": "19.36", "EPS (TTM)": "1.33", "Earnings Date": "May 25, 2021 - May 31, 2021", "Forward Dividend & Yield": "N/A (N/A)", "Ex-Dividend Date": "N/A", "1y Target Est": "40.83"}}, "fin": {"TTM": {"Duration": "TTM", "Total Revenue": "101,858,489", "Cost of Revenue": "80,573,181", "Gross Profit": "21,285,308", "Operating Expense": "15,425,222", "Operating Income": "5,860,086", "Net Non Operating Interest Income Expense": "381,660", "Other Income Expense": "777,611", "Pretax Income": "7,019,357", "Tax Provision": "1,130,016", "Earnings from Equity Interest Net of Tax": "30,015", "Net Income Common Stockholders": "5,906,957", "Average Dilution Earnings": "-", "Diluted NI Available to Com Stockholders": "5,906,957", "Basic EPS": "-", "Diluted EPS": "-", "Basic Average Shares": "-", "Diluted Average Shares": "-", "Total Operating Income as Reported": "5,860,086", "Total Expenses": "95,998,403", "Net Income from Continuing & Discontinued Operation": "5,906,957", "Normalized Income": "5,254,530", "Interest Income": "449,017", "Interest Expense": "67,357", "Net Interest Income": "381,660", "EBIT": "7,086,714", "EBITDA": "7,086,714", "Reconciled Cost of Revenue": "80,573,181", "Reconciled Depreciation": "-", "Net Income from Continuing Operation Net Minority Interest": "5,906,957", "Total Unusual Items Excluding Goodwill": "777,611", "Total Unusual Items": "777,611", "Normalized EBITDA": "6,309,103", "Tax Rate for Calcs": "0", "Tax Effect of Unusual Items": "125,184"}, "12/31/2020": {"Duration": "12/31/2020", "Total Revenue": "101,858,489", "Cost of Revenue": "80,573,181", "Gross Profit": "21,285,308", "Operating Expense": "15,425,222", "Operating Income": "5,860,086", "Net Non Operating Interest Income Expense": "381,660", "Other Income Expense": "777,611", "Pretax Income": "7,019,357", "Tax Provision": "1,130,016", "Earnings from Equity Interest Net of Tax": "30,015", "Net Income Common Stockholders": "5,906,957", "Average Dilution Earnings": "-", "Diluted NI Available to Com Stockholders": "5,906,957", "Basic EPS": "-", "Diluted EPS": "-", "Basic Average Shares": "-", "Diluted Average Shares": "-", "Total Operating Income as Reported": "5,860,086", "Total Expenses": "95,998,403", "Net Income from Continuing & Discontinued Operation": "5,906,957", "Normalized Income": "5,254,530", "Interest Income": "449,017", "Interest Expense": "67,357", "Net Interest Income": "381,660", "EBIT": "7,086,714", "EBITDA": "-", "Reconciled Cost of Revenue": "80,573,181", "Reconciled Depreciation": "-", "Net Income from Continuing Operation Net Minority Interest": "5,906,957", "Total Unusual Items Excluding Goodwill": "777,611", "Total Unusual Items": "777,611", "Normalized EBITDA": "6,309,103", "Tax Rate for Calcs": "0", "Tax Effect of Unusual Items": "125,184"}, "12/31/2019": {"Duration": "12/31/2019", "Total Revenue": "92,994,418", "Cost of Revenue": "72,314,190", "Gross Profit": "20,680,228", "Operating Expense": "15,724,979", "Operating Income": "4,955,249", "Net Non Operating Interest Income Expense": "131,023", "Other Income Expense": "-143,467", "Pretax Income": "4,942,805", "Tax Provision": "983,554", "Earnings from Equity Interest Net of Tax": "27,182", "Net Income Common Stockholders": "4,016,832", "Average Dilution Earnings": "9,062", "Diluted NI Available to Com Stockholders": "4,025,894", "Basic EPS": "6.02", "Diluted EPS": "5.92", "Basic Average Shares": "667,621", "Diluted Average Shares": "680,407", "Total Operating Income as Reported": "4,773,374", "Total Expenses": "88,039,169", "Net Income from Continuing & Discontinued Operation": "4,016,832", "Normalized Income": "4,131,751", "Interest Income": "217,027", "Interest Expense": "86,004", "Net Interest Income": "131,023", "EBIT": "5,028,809", "EBITDA": "-", "Reconciled Cost of Revenue": "72,314,190", "Reconciled Depreciation": "950,506", "Net Income from Continuing Operation Net Minority Interest": "4,016,832", "Total Unusual Items Excluding Goodwill": "-143,467", "Total Unusual Items": "-143,467", "Normalized EBITDA": "6,122,782", "Tax Rate for Calcs": "0", "Tax Effect of Unusual Items": "-28,548"}, "12/31/2018": {"Duration": "12/31/2018", "Total Revenue": "84,523,948", "Cost of Revenue": "67,454,981", "Gross Profit": "17,068,967", "Operating Expense": "14,749,632", "Operating Income": "2,319,335", "Net Non Operating Interest Income Expense": "83,128", "Other Income Expense": "344,612", "Pretax Income": "2,747,075", "Tax Provision": "566,604", "Earnings from Equity Interest Net of Tax": "-46,999", "Net Income Common Stockholders": "2,128,787", "Average Dilution Earnings": "57,293", "Diluted NI Available to Com Stockholders": "2,186,080", "Basic EPS": "3.22", "Diluted EPS": "3.12", "Basic Average Shares": "661,331", "Diluted Average Shares": "700,418", "Total Operating Income as Reported": "2,421,113", "Total Expenses": "82,204,613", "Net Income from Continuing & Discontinued Operation": "2,128,787", "Normalized Income": "1,855,254", "Interest Income": "242,872", "Interest Expense": "159,744", "Net Interest Income": "83,128", "EBIT": "2,906,819", "EBITDA": "-", "Reconciled Cost of Revenue": "67,454,981", "Reconciled Depreciation": "889,733", "Net Income from Continuing Operation Net Minority Interest": "2,128,787", "Total Unusual Items Excluding Goodwill": "344,612", "Total Unusual Items": "344,612", "Normalized EBITDA": "3,451,940", "Tax Rate for Calcs": "0", "Tax Effect of Unusual Items": "71,079"}}, "bs": {"12/31/2020": {"Duration": "12/31/2020", "Total Assets": "58,940,814", "Total Liabilities Net Minority Interest": "29,555,025", "Total Equity Gross Minority Interest": "29,385,789", "Total Capitalization": "28,497,734", "Common Stock Equity": "28,497,734", "Capital Lease Obligations": "1,660,737", "Net Tangible Assets": "21,508,258", "Working Capital": "4,604,034", "Invested Capital": "29,541,160", "Tangible Book Value": "21,508,258", "Total Debt": "2,704,163", "Share Issued": "135,734", "Ordinary Shares Number": "135,734"}, "12/31/2019": {"Duration": "12/31/2019", "Total Assets": "48,582,678", "Total Liabilities Net Minority Interest": "26,332,981", "Total Equity Gross Minority Interest": "22,249,697", "Total Capitalization": "21,891,671", "Common Stock Equity": "21,827,156", "Capital Lease Obligations": "1,728,933", "Net Tangible Assets": "15,642,129", "Working Capital": "-910,134", "Invested Capital": "22,985,316", "Tangible Book Value": "15,642,129", "Total Debt": "2,887,093", "Share Issued": "134,095", "Ordinary Shares Number": "134,095"}, "12/31/2018": {"Duration": "12/31/2018", "Total Assets": "43,562,663", "Total Liabilities Net Minority Interest": "26,351,870", "Total Equity Gross Minority Interest": "17,210,793", "Total Capitalization": "17,261,815", "Common Stock Equity": "17,261,815", "Capital Lease Obligations": "-", "Net Tangible Assets": "12,595,165", "Working Capital": "1,375,889", "Invested Capital": "23,901,243", "Tangible Book Value": "12,595,165", "Total Debt": "6,639,428", "Share Issued": "132,906", "Ordinary Shares Number": "132,906"}}, "cf": {"TTM": {"Duration": "TTM", "Operating Cash Flow": "-", "Investing Cash Flow": "-", "Financing Cash Flow": "-", "End Cash Position": "-", "Income Tax Paid Supplemental Data": "-", "Interest Paid Supplemental Data": "-", "Capital Expenditure": "-", "Issuance of Capital Stock": "-", "Issuance of Debt": "-", "Repayment of Debt": "-", "Repurchase of Capital Stock": "-", "Free Cash Flow": "-"}, "12/31/2019": {"Duration": "12/31/2019", "Operating Cash Flow": "12,290,183", "Investing Cash Flow": "-8,240,560", "Financing Cash Flow": "-6,256,700", "End Cash Position": "7,719,285", "Income Tax Paid Supplemental Data": "818,153", "Interest Paid Supplemental Data": "86,004", "Capital Expenditure": "-4,277,673", "Issuance of Capital Stock": "0", "Issuance of Debt": "1,819,380", "Repayment of Debt": "-8,055,547", "Repurchase of Capital Stock": "-", "Free Cash Flow": "8,012,510"}, "12/31/2018": {"Duration": "12/31/2018", "Operating Cash Flow": "5,745,748", "Investing Cash Flow": "-6,693,812", "Financing Cash Flow": "586,968", "End Cash Position": "10,038,472", "Income Tax Paid Supplemental Data": "956,291", "Interest Paid Supplemental Data": "159,744", "Capital Expenditure": "-3,593,043", "Issuance of Capital Stock": "0", "Issuance of Debt": "3,084,285", "Repayment of Debt": "-2,455,885", "Repurchase of Capital Stock": "0", "Free Cash Flow": "2,152,705"}}}}, {"MELI": {"quote": {"05/11/2021": {"value": "1,381.42", "Market Cap": "68.867B", "Beta (5Y Monthly)": "1.47", "PE Ratio (TTM)": "N/A", "EPS (TTM)": "-0.32", "Earnings Date": "Aug 09, 2021 - Aug 13, 2021", "Forward Dividend & Yield": "N/A (N/A)", "Ex-Dividend Date": "Dec 28, 2017", "1y Target Est": "1,924.48"}}, "fin": {"TTM": {"Duration": "TTM", "Total Revenue": "2,296,314", "Cost of Revenue": "1,194,191", "Gross Profit": "1,102,123", "Operating Expense": "1,255,284", "Operating Income": "-153,161", "Net Non Operating Interest Income Expense": "47,647", "Other Income Expense": "-1,732", "Pretax Income": "-107,246", "Tax Provision": "64,753", "Net Income Common Stockholders": "-169,242", "Diluted NI Available to Com Stockholders": "-180,840", "Basic EPS": "-", "Diluted EPS": "-", "Basic Average Shares": "-", "Diluted Average Shares": "-", "Total Operating Income as Reported": "-153,161", "Total Expenses": "2,449,475", "Net Income from Continuing & Discontinued Operation": "-165,242", "Normalized Income": "-170,856", "Interest Income": "113,523", "Interest Expense": "65,876", "Net Interest Income": "47,647", "EBIT": "-41,370", "EBITDA": "31,950", "Reconciled Cost of Revenue": "1,194,191", "Reconciled Depreciation": "73,320", "Net Income from Continuing Operation Net Minority Interest": "-171,999", "Total Unusual Items Excluding Goodwill": "-1,732", "Total Unusual Items": "-935", "Normalized EBITDA": "33,682", "Tax Rate for Calcs": "0", "Tax Effect of Unusual Items": "-588.88"}, "12/31/2020": {"Duration": "12/31/2020", "Total Revenue": "3,973,465", "Cost of Revenue": "2,264,255", "Gross Profit": "1,709,210", "Operating Expense": "1,581,518", "Operating Income": "127,692", "Net Non Operating Interest Income Expense": "-3,923", "Other Income Expense": "-42,454", "Pretax Income": "81,315", "Tax Provision": "82,022", "Net Income Common Stockholders": "-3,907", "Diluted NI Available to Com Stockholders": "-3,907", "Basic EPS": "-0.08", "Diluted EPS": "-0.08", "Basic Average Shares": "49,740", "Diluted Average Shares": "49,740", "Total Operating Income as Reported": "127,692", "Total Expenses": "3,845,773", "Net Income from Continuing & Discontinued Operation": "-707", "Normalized Income": "27,313", "Interest Income": "102,767", "Interest Expense": "106,690", "Net Interest Income": "-3,923", "EBIT": "188,005", "EBITDA": "-", "Reconciled Cost of Revenue": "2,264,255", "Reconciled Depreciation": "104,992", "Net Income from Continuing Operation Net Minority Interest": "-707", "Total Unusual Items Excluding Goodwill": "-42,454", "Total Unusual Items": "-42,454", "Normalized EBITDA": "335,451", "Tax Rate for Calcs": "0", "Tax Effect of Unusual Items": "-14,434"}, "12/31/2019": {"Duration": "12/31/2019", "Total Revenue": "2,296,314", "Cost of Revenue": "1,194,191", "Gross Profit": "1,102,123", "Operating Expense": "1,255,284", "Operating Income": "-153,161", "Net Non Operating Interest Income Expense": "47,647", "Other Income Expense": "-1,732", "Pretax Income": "-107,246", "Tax Provision": "64,753", "Net Income Common Stockholders": "-180,840", "Diluted NI Available to Com Stockholders": "-180,840", "Basic EPS": "-3.71", "Diluted EPS": "-3.71", "Basic Average Shares": "48,693", "Diluted Average Shares": "48,693", "Total Operating Income as Reported": "-153,161", "Total Expenses": "2,449,475", "Net Income from Continuing & Discontinued Operation": "-171,999", "Normalized Income": "-170,856", "Interest Income": "113,523", "Interest Expense": "65,876", "Net Interest Income": "47,647", "EBIT": "-41,370", "EBITDA": "-", "Reconciled Cost of Revenue": "1,194,191", "Reconciled Depreciation": "73,320", "Net Income from Continuing Operation Net Minority Interest": "-171,999", "Total Unusual Items Excluding Goodwill": "-1,732", "Total Unusual Items": "-1,732", "Normalized EBITDA": "33,682", "Tax Rate for Calcs": "0", "Tax Effect of Unusual Items": "-588.88"}, "12/31/2018": {"Duration": "12/31/2018", "Total Revenue": "1,439,653", "Cost of Revenue": "742,645", "Gross Profit": "697,008", "Operating Expense": "766,490", "Operating Income": "-69,482", "Net Non Operating Interest Income Expense": "-14,210", "Other Income Expense": "18,240", "Pretax Income": "-65,452", "Tax Provision": "-28,867", "Net Income Common Stockholders": "-36,585", "Diluted NI Available to Com Stockholders": "-36,585", "Basic EPS": "-0.82", "Diluted EPS": "-0.82", "Basic Average Shares": "44,530", "Diluted Average Shares": "44,530", "Total Operating Income as Reported": "-69,482", "Total Expenses": "1,509,135", "Net Income from Continuing & Discontinued Operation": "-36,585", "Normalized Income": "-48,623", "Interest Income": "42,039", "Interest Expense": "56,249", "Net Interest Income": "-14,210", "EBIT": "-9,203", "EBITDA": "-", "Reconciled Cost of Revenue": "742,645", "Reconciled Depreciation": "45,792", "Net Income from Continuing Operation Net Minority Interest": "-36,585", "Total Unusual Items Excluding Goodwill": "18,240", "Total Unusual Items": "18,240", "Normalized EBITDA": "18,349", "Tax Rate for Calcs": "0", "Tax Effect of Unusual Items": "6,202"}}, "bs": {"12/31/2020": {"Duration": "12/31/2020", "Total Assets": "6,526,332", "Total Liabilities Net Minority Interest": "4,874,754", "Total Equity Gross Minority Interest": "1,651,578", "Total Capitalization": "2,496,193", "Preferred Stock Equity": "-", "Common Stock Equity": "1,651,578", "Capital Lease Obligations": "322,502", "Net Tangible Assets": "1,552,212", "Working Capital": "1,710,927", "Invested Capital": "3,037,192", "Tangible Book Value": "1,552,212", "Total Debt": "1,708,116", "Net Debt": "-", "Share Issued": "49,870", "Ordinary Shares Number": "49,870"}, "12/31/2019": {"Duration": "12/31/2019", "Total Assets": "4,781,691", "Total Liabilities Net Minority Interest": "2,699,728", "Total Equity Gross Minority Interest": "2,081,963", "Total Capitalization": "2,705,948", "Preferred Stock Equity": "98,843", "Common Stock Equity": "1,983,120", "Capital Lease Obligations": "209,308", "Net Tangible Assets": "1,980,079", "Working Capital": "2,036,536", "Invested Capital": "2,791,235", "Tangible Book Value": "1,881,236", "Total Debt": "1,017,423", "Net Debt": "-", "Share Issued": "49,710", "Ordinary Shares Number": "49,710"}, "12/31/2018": {"Duration": "12/31/2018", "Total Assets": "2,239,519", "Total Liabilities Net Minority Interest": "1,902,819", "Total Equity Gross Minority Interest": "336,700", "Total Capitalization": "933,267", "Preferred Stock Equity": "-", "Common Stock Equity": "336,700", "Capital Lease Obligations": "7,125", "Net Tangible Assets": "229,236", "Working Capital": "344,899", "Invested Capital": "1,064,752", "Tangible Book Value": "229,236", "Total Debt": "735,177", "Net Debt": "287,720", "Share Issued": "45,203", "Ordinary Shares Number": "45,203"}}, "cf": {"TTM": {"Duration": "TTM", "Operating Cash Flow": "451,091", "Investing Cash Flow": "-1,447,790", "Financing Cash Flow": "424,340", "End Cash Position": "1,451,424", "Income Tax Paid Supplemental Data": "94,954", "Interest Paid Supplemental Data": "40,523", "Capital Expenditure": "-160,396", "Issuance of Capital Stock": "1,965,903", "Issuance of Debt": "629,891", "Repayment of Debt": "-474,851", "Repurchase of Capital Stock": "-720", "Free Cash Flow": "314,221"}, "12/31/2020": {"Duration": "12/31/2020", "Operating Cash Flow": "1,182,552", "Investing Cash Flow": "-252,181", "Financing Cash Flow": "242,266", "End Cash Position": "2,508,224", "Income Tax Paid Supplemental Data": "139,855", "Interest Paid Supplemental Data": "53,781", "Capital Expenditure": "-247,141", "Issuance of Capital Stock": "0", "Issuance of Debt": "2,396,717", "Repayment of Debt": "-1,790,221", "Repurchase of Capital Stock": "-54,085", "Free Cash Flow": "935,411"}, "12/31/2019": {"Duration": "12/31/2019", "Operating Cash Flow": "451,091", "Investing Cash Flow": "-1,447,790", "Financing Cash Flow": "2,021,012", "End Cash Position": "1,451,424", "Income Tax Paid Supplemental Data": "94,954", "Interest Paid Supplemental Data": "40,523", "Capital Expenditure": "-136,870", "Issuance of Capital Stock": "1,965,903", "Issuance of Debt": "629,891", "Repayment of Debt": "-474,851", "Repurchase of Capital Stock": "-720", "Free Cash Flow": "314,221"}, "12/31/2018": {"Duration": "12/31/2018", "Operating Cash Flow": "230,907", "Investing Cash Flow": "-672,459", "Financing Cash Flow": "608,882", "End Cash Position": "464,695", "Income Tax Paid Supplemental Data": "99,488", "Interest Paid Supplemental Data": "19,511", "Capital Expenditure": "-97,754", "Issuance of Capital Stock": "-", "Issuance of Debt": "1,116,873", "Repayment of Debt": "-472,268", "Repurchase of Capital Stock": "-", "Free Cash Flow": "133,153"}}}}, {"OSTK": {"quote": {"05/11/2021": {"value": "77.02", "Market Cap": "3.312B", "Beta (5Y Monthly)": "4.46", "PE Ratio (TTM)": "39.74", "EPS (TTM)": "1.94", "Earnings Date": "Jul 28, 2021 - Aug 02, 2021", "Forward Dividend & Yield": "N/A (N/A)", "Ex-Dividend Date": "N/A", "1y Target Est": "120.00"}}, "fin": {"TTM": {"Duration": "TTM", "Total Revenue": "1,852,097", "Cost of Revenue": "1,450,305", "Gross Profit": "401,792", "Operating Expense": "450,586", "Operating Income": "-48,794", "Net Non Operating Interest Income Expense": "752", "Other Income Expense": "-722", "Pretax Income": "-48,764", "Tax Provision": "622", "Net Income Common Stockholders": "-40,057", "Diluted NI Available to Com Stockholders": "-40,057", "Basic EPS": "-", "Diluted EPS": "-", "Basic Average Shares": "-", "Diluted Average Shares": "-", "Total Operating Income as Reported": "-48,794", "Total Expenses": "1,900,891", "Net Income from Continuing & Discontinued Operation": "-37,893", "Normalized Income": "-43,632", "Interest Income": "1,650", "Interest Expense": "898", "Net Interest Income": "752", "EBIT": "-47,866", "EBITDA": "-17,236", "Reconciled Cost of Revenue": "1,450,305", "Reconciled Depreciation": "30,630", "Net Income from Continuing Operation Net Minority Interest": "-37,893", "Total Unusual Items Excluding Goodwill": "7,862", "Total Unusual Items": "7,862", "Normalized EBITDA": "-25,098", "Tax Rate for Calcs": "0", "Tax Effect of Unusual Items": "2,123"}, "12/31/2020": {"Duration": "12/31/2020", "Total Revenue": "2,549,783", "Cost of Revenue": "1,970,250", "Gross Profit": "579,533", "Operating Expense": "527,307", "Operating Income": "52,226", "Net Non Operating Interest Income Expense": "-238", "Other Income Expense": "-4,828", "Pretax Income": "47,160", "Tax Provision": "989", "Net Income Common Stockholders": "51,507", "Diluted NI Available to Com Stockholders": "51,507", "Basic EPS": "-", "Diluted EPS": "-", "Basic Average Shares": "-", "Diluted Average Shares": "-", "Total Operating Income as Reported": "52,226", "Total Expenses": "2,497,557", "Net Income from Continuing & Discontinued Operation": "56,001", "Normalized Income": "48,623", "Interest Income": "1,733", "Interest Expense": "1,971", "Net Interest Income": "-238", "EBIT": "49,131", "EBITDA": "-", "Reconciled Cost of Revenue": "1,970,250", "Reconciled Depreciation": "30,816", "Net Income from Continuing Operation Net Minority Interest": "56,001", "Total Unusual Items Excluding Goodwill": "7,536", "Total Unusual Items": "7,536", "Normalized EBITDA": "72,411", "Tax Rate for Calcs": "0", "Tax Effect of Unusual Items": "158.256"}, "12/31/2019": {"Duration": "12/31/2019", "Total Revenue": "1,459,418", "Cost of Revenue": "1,166,325", "Gross Profit": "293,093", "Operating Expense": "416,582", "Operating Income": "-123,489", "Net Non Operating Interest Income Expense": "1,455", "Other Income Expense": "-12,501", "Pretax Income": "-134,535", "Tax Provision": "185", "Net Income Common Stockholders": "-121,841", "Diluted NI Available to Com Stockholders": "-121,841", "Basic EPS": "-3.46", "Diluted EPS": "-3.46", "Basic Average Shares": "34,865", "Diluted Average Shares": "34,865", "Total Operating Income as Reported": "-123,489", "Total Expenses": "1,582,907", "Net Income from Continuing & Discontinued Operation": "-121,841", "Normalized Income": "-117,451", "Interest Income": "1,797", "Interest Expense": "342", "Net Interest Income": "1,455", "EBIT": "-134,193", "EBITDA": "-", "Reconciled Cost of Revenue": "1,166,325", "Reconciled Depreciation": "31,031", "Net Income from Continuing Operation Net Minority Interest": "-121,841", "Total Unusual Items Excluding Goodwill": "-6,014", "Total Unusual Items": "-6,014", "Normalized EBITDA": "-97,148", "Tax Rate for Calcs": "0", "Tax Effect of Unusual Items": "-1,624"}, "12/31/2018": {"Duration": "12/31/2018", "Total Revenue": "1,821,592", "Cost of Revenue": "1,467,684", "Gross Profit": "353,908", "Operating Expense": "571,114", "Operating Income": "-217,206", "Net Non Operating Interest Income Expense": "740", "Other Income Expense": "-3,488", "Pretax Income": "-219,954", "Tax Provision": "-2,384", "Net Income Common Stockholders": "-204,877", "Diluted NI Available to Com Stockholders": "-204,877", "Basic EPS": "-6.83", "Diluted EPS": "-6.83", "Basic Average Shares": "29,976", "Diluted Average Shares": "29,976", "Total Operating Income as Reported": "-217,206", "Total Expenses": "2,038,798", "Net Income from Continuing & Discontinued Operation": "-206,070", "Normalized Income": "-206,070", "Interest Income": "2,208", "Interest Expense": "1,468", "Net Interest Income": "740", "EBIT": "-218,486", "EBITDA": "-", "Reconciled Cost of Revenue": "1,467,684", "Reconciled Depreciation": "31,697", "Net Income from Continuing Operation Net Minority Interest": "-206,070", "Total Unusual Items Excluding Goodwill": "0", "Total Unusual Items": "0", "Normalized EBITDA": "-186,789", "Tax Rate for Calcs": "0", "Tax Effect of Unusual Items": "0"}}, "bs": {"12/31/2020": {"Duration": "12/31/2020", "Total Assets": "830,214", "Total Liabilities Net Minority Interest": "393,888", "Total Equity Gross Minority Interest": "436,326", "Total Capitalization": "415,026", "Common Stock Equity": "373,692", "Capital Lease Obligations": "26,935", "Net Tangible Assets": "324,745", "Working Capital": "255,159", "Invested Capital": "415,026", "Tangible Book Value": "324,745", "Total Debt": "68,269", "Share Issued": "46,331", "Ordinary Shares Number": "42,768", "Preferred Shares Number": "4,561", "Treasury Shares Number": "3,563"}, "12/31/2019": {"Duration": "12/31/2019", "Total Assets": "417,727", "Total Liabilities Net Minority Interest": "239,872", "Total Equity Gross Minority Interest": "177,855", "Total Capitalization": "115,084", "Common Stock Equity": "115,084", "Capital Lease Obligations": "28,157", "Net Tangible Assets": "76,208", "Working Capital": "-38,636", "Invested Capital": "115,084", "Tangible Book Value": "76,208", "Total Debt": "28,157", "Share Issued": "42,790", "Ordinary Shares Number": "39,464", "Preferred Shares Number": "4,988", "Treasury Shares Number": "3,326"}, "12/31/2018": {"Duration": "12/31/2018", "Total Assets": "461,219", "Total Liabilities Net Minority Interest": "250,513", "Total Equity Gross Minority Interest": "210,706", "Total Capitalization": "134,815", "Common Stock Equity": "131,746", "Capital Lease Obligations": "-", "Net Tangible Assets": "95,481", "Working Capital": "-26,219", "Invested Capital": "134,815", "Tangible Book Value": "95,481", "Total Debt": "3,069", "Share Issued": "35,346", "Ordinary Shares Number": "32,146", "Preferred Shares Number": "355", "Treasury Shares Number": "3,200"}}, "cf": {"TTM": {"Duration": "TTM", "Operating Cash Flow": "154,683", "Investing Cash Flow": "-31,715", "Financing Cash Flow": "74,635", "End Cash Position": "321,210", "Income Tax Paid Supplemental Data": "-", "Interest Paid Supplemental Data": "-", "Capital Expenditure": "-20,587", "Issuance of Capital Stock": "33,690", "Issuance of Debt": "47,500", "Repayment of Debt": "-3,920", "Repurchase of Capital Stock": "-", "Free Cash Flow": "134,096"}, "12/31/2020": {"Duration": "12/31/2020", "Operating Cash Flow": "196,474", "Investing Cash Flow": "-23,555", "Financing Cash Flow": "231,364", "End Cash Position": "519,181", "Income Tax Paid Supplemental Data": "-", "Interest Paid Supplemental Data": "-", "Capital Expenditure": "-19,132", "Issuance of Capital Stock": "195,540", "Issuance of Debt": "47,500", "Repayment of Debt": "-2,635", "Repurchase of Capital Stock": "-", "Free Cash Flow": "177,342"}, "12/31/2019": {"Duration": "12/31/2019", "Operating Cash Flow": "-81,612", "Investing Cash Flow": "-26,852", "Financing Cash Flow": "80,548", "End Cash Position": "114,898", "Income Tax Paid Supplemental Data": "-", "Interest Paid Supplemental Data": "264", "Capital Expenditure": "-21,774", "Issuance of Capital Stock": "82,954", "Issuance of Debt": "0", "Repayment of Debt": "-3,141", "Repurchase of Capital Stock": "0", "Free Cash Flow": "-103,386"}, "12/31/2018": {"Duration": "12/31/2018", "Operating Cash Flow": "-138,934", "Investing Cash Flow": "-110,923", "Financing Cash Flow": "189,001", "End Cash Position": "142,814", "Income Tax Paid Supplemental Data": "-", "Interest Paid Supplemental Data": "-", "Capital Expenditure": "-38,277", "Issuance of Capital Stock": "94,554", "Issuance of Debt": "0", "Repayment of Debt": "-40,496", "Repurchase of Capital Stock": "0", "Free Cash Flow": "-177,211"}}}}, {"W": {"quote": {"05/11/2021": {"value": "325.94", "Market Cap": "33.963B", "Beta (5Y Monthly)": "3.14", "PE Ratio (TTM)": "68.53", "EPS (TTM)": "4.76", "Earnings Date": "Aug 03, 2021 - Aug 09, 2021", "Forward Dividend & Yield": "N/A (N/A)", "Ex-Dividend Date": "N/A", "1y Target Est": "347.61"}}, "fin": {"TTM": {"Duration": "TTM", "Total Revenue": "8,607,571", "Cost of Revenue": "6,552,472", "Gross Profit": "2,055,099", "Operating Expense": "2,809,224", "Operating Income": "-754,125", "Net Non Operating Interest Income Expense": "-44,213", "Other Income Expense": "2,717", "Pretax Income": "-795,621", "Tax Provision": "2,586", "Net Income Common Stockholders": "-798,207", "Average Dilution Earnings": "-", "Diluted NI Available to Com Stockholders": "-798,207", "Basic EPS": "-", "Diluted EPS": "-", "Basic Average Shares": "-", "Diluted Average Shares": "-", "Total Operating Income as Reported": "-754,125", "Total Expenses": "9,361,696", "Net Income from Continuing & Discontinued Operation": "-798,207", "Normalized Income": "-798,207", "Interest Expense": "146,397", "Net Interest Income": "-146,397", "EBIT": "-754,125", "EBITDA": "-583,837", "Reconciled Cost of Revenue": "6,552,472", "Reconciled Depreciation": "170,288", "Net Income from Continuing Operation Net Minority Interest": "-798,207", "Total Unusual Items Excluding Goodwill": "-", "Total Unusual Items": "-", "Normalized EBITDA": "-583,837", "Tax Rate for Calcs": "0", "Tax Effect of Unusual Items": "0"}, "12/31/2020": {"Duration": "12/31/2020", "Total Revenue": "14,145,156", "Cost of Revenue": "10,032,985", "Gross Profit": "4,112,171", "Operating Expense": "3,751,822", "Operating Income": "360,349", "Net Non Operating Interest Income Expense": "-146,397", "Other Income Expense": "-8,633", "Pretax Income": "205,319", "Tax Provision": "20,323", "Net Income Common Stockholders": "184,996", "Average Dilution Earnings": "0", "Diluted NI Available to Com Stockholders": "184,996", "Basic EPS": "-", "Diluted EPS": "-", "Basic Average Shares": "-", "Diluted Average Shares": "-", "Total Operating Income as Reported": "360,349", "Total Expenses": "13,784,807", "Net Income from Continuing & Discontinued Operation": "184,996", "Normalized Income": "184,996", "Interest Expense": "146,397", "Net Interest Income": "-146,397", "EBIT": "351,716", "EBITDA": "-", "Reconciled Cost of Revenue": "10,032,985", "Reconciled Depreciation": "285,711", "Net Income from Continuing Operation Net Minority Interest": "184,996", "Total Unusual Items Excluding Goodwill": "-", "Total Unusual Items": "-", "Normalized EBITDA": "637,427", "Tax Rate for Calcs": "0", "Tax Effect of Unusual Items": "0"}, "12/31/2019": {"Duration": "12/31/2019", "Total Revenue": "9,127,057", "Cost of Revenue": "6,979,725", "Gross Profit": "2,147,332", "Operating Expense": "3,077,273", "Operating Income": "-929,941", "Net Non Operating Interest Income Expense": "-54,514", "Other Income Expense": "2,881", "Pretax Income": "-981,574", "Tax Provision": "3,010", "Net Income Common Stockholders": "-984,584", "Average Dilution Earnings": "-", "Diluted NI Available to Com Stockholders": "-984,584", "Basic EPS": "-10.68", "Diluted EPS": "-10.68", "Basic Average Shares": "92,200", "Diluted Average Shares": "92,200", "Total Operating Income as Reported": "-929,941", "Total Expenses": "10,056,998", "Net Income from Continuing & Discontinued Operation": "-984,584", "Normalized Income": "-984,584", "Interest Expense": "-", "Net Interest Income": "-54,514", "EBIT": "-929,941", "EBITDA": "-", "Reconciled Cost of Revenue": "6,979,725", "Reconciled Depreciation": "192,419", "Net Income from Continuing Operation Net Minority Interest": "-984,584", "Total Unusual Items Excluding Goodwill": "-", "Total Unusual Items": "-", "Normalized EBITDA": "-737,522", "Tax Rate for Calcs": "0", "Tax Effect of Unusual Items": "0"}, "12/31/2018": {"Duration": "12/31/2018", "Total Revenue": "6,779,174", "Cost of Revenue": "5,192,451", "Gross Profit": "1,586,723", "Operating Expense": "2,060,002", "Operating Income": "-473,279", "Net Non Operating Interest Income Expense": "-28,560", "Other Income Expense": "-204", "Pretax Income": "-502,043", "Tax Provision": "2,037", "Net Income Common Stockholders": "-504,080", "Average Dilution Earnings": "-", "Diluted NI Available to Com Stockholders": "-504,080", "Basic EPS": "-5.63", "Diluted EPS": "-5.63", "Basic Average Shares": "89,472", "Diluted Average Shares": "89,472", "Total Operating Income as Reported": "-473,279", "Total Expenses": "7,252,453", "Net Income from Continuing & Discontinued Operation": "-504,080", "Normalized Income": "-504,080", "Interest Expense": "-", "Net Interest Income": "-28,560", "EBIT": "-473,279", "EBITDA": "-", "Reconciled Cost of Revenue": "5,192,451", "Reconciled Depreciation": "123,542", "Net Income from Continuing Operation Net Minority Interest": "-504,080", "Total Unusual Items Excluding Goodwill": "-", "Total Unusual Items": "-", "Normalized EBITDA": "-349,737", "Tax Rate for Calcs": "0", "Tax Effect of Unusual Items": "0"}}, "bs": {"12/31/2020": {"Duration": "12/31/2020", "Total Assets": "4,569,929", "Total Liabilities Net Minority Interest": "5,761,826", "Total Equity Gross Minority Interest": "-1,191,897", "Total Capitalization": "1,467,346", "Common Stock Equity": "-1,191,897", "Capital Lease Obligations": "967,244", "Net Tangible Assets": "-1,209,160", "Working Capital": "880,208", "Invested Capital": "1,467,346", "Tangible Book Value": "-1,209,160", "Total Debt": "3,626,487", "Net Debt": "529,803", "Share Issued": "99,545", "Ordinary Shares Number": "99,545"}, "12/31/2019": {"Duration": "12/31/2019", "Total Assets": "2,953,048", "Total Liabilities Net Minority Interest": "3,897,256", "Total Equity Gross Minority Interest": "-944,208", "Total Capitalization": "511,987", "Common Stock Equity": "-944,208", "Capital Lease Obligations": "913,706", "Net Tangible Assets": "-963,017", "Working Capital": "-234,381", "Invested Capital": "511,987", "Tangible Book Value": "-963,017", "Total Debt": "2,369,901", "Net Debt": "873,442", "Share Issued": "93,600", "Ordinary Shares Number": "93,600"}, "12/31/2018": {"Duration": "12/31/2018", "Total Assets": "1,890,850", "Total Liabilities Net Minority Interest": "2,221,571", "Total Equity Gross Minority Interest": "-330,721", "Total Capitalization": "408,183", "Common Stock Equity": "-330,721", "Capital Lease Obligations": "243,145", "Net Tangible Assets": "-333,306", "Working Capital": "116,713", "Invested Capital": "408,183", "Tangible Book Value": "-333,306", "Total Debt": "982,049", "Net Debt": "-", "Share Issued": "90,748", "Ordinary Shares Number": "90,748"}}, "cf": {"TTM": {"Duration": "TTM", "Operating Cash Flow": "-117,993", "Investing Cash Flow": "-328,744", "Financing Cash Flow": "1,255,663", "End Cash Position": "1,297,562", "Interest Paid Supplemental Data": "17,407", "Capital Expenditure": "-344,347", "Issuance of Debt": "1,497,193", "Repayment of Debt": "-1,240,349", "Repurchase of Capital Stock": "-380,237", "Free Cash Flow": "-462,340"}, "12/31/2020": {"Duration": "12/31/2020", "Operating Cash Flow": "1,416,731", "Investing Cash Flow": "-236,075", "Financing Cash Flow": "352,588", "End Cash Position": "2,129,440", "Interest Paid Supplemental Data": "17,407", "Capital Expenditure": "-334,434", "Issuance of Debt": "2,227,758", "Repayment of Debt": "-1,240,349", "Repurchase of Capital Stock": "-380,237", "Free Cash Flow": "1,082,297"}, "12/31/2019": {"Duration": "12/31/2019", "Operating Cash Flow": "-196,818", "Investing Cash Flow": "-854,837", "Financing Cash Flow": "786,504", "End Cash Position": "582,753", "Interest Paid Supplemental Data": "7,763", "Capital Expenditure": "-400,880", "Issuance of Debt": "935,146", "Repayment of Debt": "-", "Repurchase of Capital Stock": "-", "Free Cash Flow": "-597,698"}, "12/31/2018": {"Duration": "12/31/2018", "Operating Cash Flow": "84,861", "Investing Cash Flow": "-260,287", "Financing Cash Flow": "467,463", "End Cash Position": "849,461", "Interest Paid Supplemental Data": "-", "Capital Expenditure": "-221,955", "Issuance of Debt": "562,047", "Repayment of Debt": "-", "Repurchase of Capital Stock": "-", "Free Cash Flow": "-137,094"}}}}, {"LVNTA": {"quote": {"05/11/2021": {"value": "", "Net Assets": "N/A", "Beta (5Y Monthly)": "N/A", "Yield": "N/A", "5y Average Return": "N/A", "Holdings Turnover": "N/A", "Last Dividend": "N/A", "Average for Category": "N/A", "Inception Date": "N/A"}}, "fin": {}, "bs": {}, "cf": {}}}, {"LQDT": {"quote": {"05/11/2021": {"value": "25.91", "Market Cap": "894.652M", "Beta (5Y Monthly)": "1.10", "PE Ratio (TTM)": "57.32", "EPS (TTM)": "0.45", "Earnings Date": "Aug 04, 2021 - Aug 09, 2021", "Forward Dividend & Yield": "N/A (N/A)", "Ex-Dividend Date": "N/A", "1y Target Est": "24.50"}}, "fin": {"TTM": {"Duration": "TTM", "Total Revenue": "221,976", "Cost of Revenue": "101,634", "Gross Profit": "120,342", "Operating Expense": "139,663", "Operating Income": "-19,321", "Net Non Operating Interest Income Expense": "1,381", "Other Income Expense": "-", "Pretax Income": "-18,042", "Tax Provision": "1,392", "Net Income Common Stockholders": "-19,434", "Diluted NI Available to Com Stockholders": "-19,434", "Basic EPS": "-", "Diluted EPS": "-", "Basic Average Shares": "-", "Diluted Average Shares": "-", "Total Operating Income as Reported": "-19,423", "Total Expenses": "241,297", "Net Income from Continuing & Discontinued Operation": "-19,434", "Normalized Income": "-19,434", "Interest Income": "857", "Net Interest Income": "1,381", "EBIT": "-19,321", "EBITDA": "-13,862", "Reconciled Cost of Revenue": "101,634", "Reconciled Depreciation": "5,459", "Net Income from Continuing Operation Net Minority Interest": "-19,434", "Total Unusual Items Excluding Goodwill": "-", "Total Unusual Items": "-", "Normalized EBITDA": "-13,862", "Tax Rate for Calcs": "0", "Tax Effect of Unusual Items": "0"}, "9/30/2020": {"Duration": "9/30/2020", "Total Revenue": "205,940", "Cost of Revenue": "96,016", "Gross Profit": "109,924", "Operating Expense": "113,816", "Operating Income": "-3,892", "Net Non Operating Interest Income Expense": "924", "Other Income Expense": "-5", "Pretax Income": "-2,973", "Tax Provision": "801", "Net Income Common Stockholders": "-3,774", "Diluted NI Available to Com Stockholders": "-3,774", "Basic EPS": "-0.11", "Diluted EPS": "-0.11", "Basic Average Shares": "33,612", "Diluted Average Shares": "33,612", "Total Operating Income as Reported": "-3,897", "Total Expenses": "209,832", "Net Income from Continuing & Discontinued Operation": "-3,774", "Normalized Income": "-3,770", "Interest Income": "924", "Net Interest Income": "924", "EBIT": "-3,892", "EBITDA": "-", "Reconciled Cost of Revenue": "96,016", "Reconciled Depreciation": "6,290", "Net Income from Continuing Operation Net Minority Interest": "-3,774", "Total Unusual Items Excluding Goodwill": "-5", "Total Unusual Items": "-5", "Normalized EBITDA": "2,403", "Tax Rate for Calcs": "0", "Tax Effect of Unusual Items": "-1.35"}, "9/30/2019": {"Duration": "9/30/2019", "Total Revenue": "226,525", "Cost of Revenue": "102,414", "Gross Profit": "124,111", "Operating Expense": "143,517", "Operating Income": "-19,406", "Net Non Operating Interest Income Expense": "1,448", "Other Income Expense": "-102", "Pretax Income": "-18,060", "Tax Provision": "1,200", "Net Income Common Stockholders": "-19,260", "Diluted NI Available to Com Stockholders": "-19,260", "Basic EPS": "-0.58", "Diluted EPS": "-0.58", "Basic Average Shares": "33,063", "Diluted Average Shares": "33,063", "Total Operating Income as Reported": "-19,508", "Total Expenses": "245,931", "Net Income from Continuing & Discontinued Operation": "-19,260", "Normalized Income": "-19,186", "Interest Income": "-", "Net Interest Income": "1,448", "EBIT": "-19,406", "EBITDA": "-", "Reconciled Cost of Revenue": "102,414", "Reconciled Depreciation": "5,091", "Net Income from Continuing Operation Net Minority Interest": "-19,260", "Total Unusual Items Excluding Goodwill": "-102", "Total Unusual Items": "-102", "Normalized EBITDA": "-14,213", "Tax Rate for Calcs": "0", "Tax Effect of Unusual Items": "-27.54"}, "9/30/2018": {"Duration": "9/30/2018", "Total Revenue": "224,514", "Cost of Revenue": "100,087", "Gross Profit": "124,427", "Operating Expense": "145,353", "Operating Income": "-20,926", "Net Non Operating Interest Income Expense": "450", "Other Income Expense": "-467", "Pretax Income": "-20,943", "Tax Provision": "-9,328", "Net Income Common Stockholders": "-11,615", "Diluted NI Available to Com Stockholders": "-11,615", "Basic EPS": "-0.36", "Diluted EPS": "-0.36", "Basic Average Shares": "32,095", "Diluted Average Shares": "32,095", "Total Operating Income as Reported": "-21,393", "Total Expenses": "245,440", "Net Income from Continuing & Discontinued Operation": "-11,615", "Normalized Income": "-11,274", "Interest Income": "-", "Net Interest Income": "450", "EBIT": "-20,926", "EBITDA": "-", "Reconciled Cost of Revenue": "100,087", "Reconciled Depreciation": "4,599", "Net Income from Continuing Operation Net Minority Interest": "-11,615", "Total Unusual Items Excluding Goodwill": "-467", "Total Unusual Items": "-467", "Normalized EBITDA": "-15,860", "Tax Rate for Calcs": "0", "Tax Effect of Unusual Items": "-126.09"}}, "bs": {"9/30/2020": {"Duration": "9/30/2020", "Total Assets": "196,634", "Total Liabilities Net Minority Interest": "84,819", "Total Equity Gross Minority Interest": "111,815", "Total Capitalization": "111,815", "Common Stock Equity": "111,815", "Capital Lease Obligations": "11,317", "Net Tangible Assets": "47,218", "Working Capital": "20,255", "Invested Capital": "111,815", "Tangible Book Value": "47,218", "Total Debt": "11,317", "Share Issued": "34,630", "Ordinary Shares Number": "34,082", "Treasury Shares Number": "547.508"}, "9/30/2019": {"Duration": "9/30/2019", "Total Assets": "187,283", "Total Liabilities Net Minority Interest": "71,108", "Total Equity Gross Minority Interest": "116,175", "Total Capitalization": "116,175", "Common Stock Equity": "116,175", "Capital Lease Obligations": "-", "Net Tangible Assets": "50,665", "Working Capital": "21,103", "Invested Capital": "116,175", "Tangible Book Value": "50,665", "Total Debt": "-", "Share Issued": "33,687", "Ordinary Shares Number": "33,687", "Treasury Shares Number": "-"}, "9/30/2018": {"Duration": "9/30/2018", "Total Assets": "201,832", "Total Liabilities Net Minority Interest": "72,178", "Total Equity Gross Minority Interest": "129,654", "Total Capitalization": "129,654", "Common Stock Equity": "129,654", "Capital Lease Obligations": "-", "Net Tangible Assets": "62,469", "Working Capital": "34,512", "Invested Capital": "129,654", "Tangible Book Value": "62,469", "Total Debt": "-", "Share Issued": "32,774", "Ordinary Shares Number": "32,774", "Treasury Shares Number": "-"}}, "cf": {"TTM": {"Duration": "TTM", "Operating Cash Flow": "-16,769", "Investing Cash Flow": "2,057", "Financing Cash Flow": "34", "End Cash Position": "23,835", "Income Tax Paid Supplemental Data": "985", "Capital Expenditure": "-5,731", "Repayment of Debt": "-35", "Repurchase of Capital Stock": "-8,086", "Free Cash Flow": "-22,500"}, "9/30/2020": {"Duration": "9/30/2020", "Operating Cash Flow": "16,478", "Investing Cash Flow": "28,647", "Financing Cash Flow": "-5,700", "End Cash Position": "76,036", "Income Tax Paid Supplemental Data": "-", "Capital Expenditure": "-4,248", "Repayment of Debt": "-34", "Repurchase of Capital Stock": "-3,983", "Free Cash Flow": "12,230"}, "9/30/2019": {"Duration": "9/30/2019", "Operating Cash Flow": "-6,242", "Investing Cash Flow": "-15,714", "Financing Cash Flow": "546", "End Cash Position": "36,497", "Income Tax Paid Supplemental Data": "1,008", "Capital Expenditure": "-5,961", "Repayment of Debt": "-", "Repurchase of Capital Stock": "-", "Free Cash Flow": "-12,203"}, "9/30/2018": {"Duration": "9/30/2018", "Operating Cash Flow": "619", "Investing Cash Flow": "-37,054", "Financing Cash Flow": "404", "End Cash Position": "58,448", "Income Tax Paid Supplemental Data": "916", "Capital Expenditure": "-4,209", "Repayment of Debt": "-", "Repurchase of Capital Stock": "-", "Free Cash Flow": "-3,590"}}}}, {"EVLV": {"fin": {}, "bs": {}, "cf": {}}}, {"MJMI": {"fin": {}, "bs": {}, "cf": {}}}, {"CHWY": {"quote": {"05/11/2021": {"value": "71.42", "Market Cap": "29.658B", "Beta (5Y Monthly)": "N/A", "PE Ratio (TTM)": "N/A", "EPS (TTM)": "-0.65", "Earnings Date": "Jun 07, 2021 - Jun 11, 2021", "Forward Dividend & Yield": "N/A (N/A)", "Ex-Dividend Date": "N/A", "1y Target Est": "100.71"}}, "fin": {"TTM": {"Duration": "TTM", "Total Revenue": "6,457,777", "Cost of Revenue": "4,864,999", "Gross Profit": "1,592,778", "Operating Expense": "1,765,440", "Operating Income": "-172,662", "Net Non Operating Interest Income Expense": "-1,812", "Pretax Income": "-174,474", "Tax Provision": "0", "Net Income Common Stockholders": "-174,474", "Diluted NI Available to Com Stockholders": "-174,474", "Basic EPS": "-", "Diluted EPS": "-", "Basic Average Shares": "-", "Diluted Average Shares": "-", "Total Operating Income as Reported": "-172,662", "Total Expenses": "6,630,439", "Net Income from Continuing & Discontinued Operation": "-174,474", "Normalized Income": "-174,474", "Interest Income": "-", "Interest Expense": "-", "Net Interest Income": "-1,812", "EBIT": "-172,662", "EBITDA": "-140,135", "Reconciled Cost of Revenue": "4,864,999", "Reconciled Depreciation": "32,527", "Net Income from Continuing Operation Net Minority Interest": "-174,474", "Normalized EBITDA": "-140,135", "Tax Rate for Calcs": "0", "Tax Effect of Unusual Items": "0"}, "1/31/2020": {"Duration": "1/31/2020", "Total Revenue": "4,846,743", "Cost of Revenue": "3,702,683", "Gross Profit": "1,144,060", "Operating Expense": "1,396,786", "Operating Income": "-252,726", "Net Non Operating Interest Income Expense": "356", "Pretax Income": "-252,370", "Tax Provision": "0", "Net Income Common Stockholders": "-252,370", "Diluted NI Available to Com Stockholders": "-252,370", "Basic EPS": "-0.63", "Diluted EPS": "-0.63", "Basic Average Shares": "398,256", "Diluted Average Shares": "398,256", "Total Operating Income as Reported": "-252,726", "Total Expenses": "5,099,469", "Net Income from Continuing & Discontinued Operation": "-252,370", "Normalized Income": "-252,370", "Interest Income": "-", "Interest Expense": "-", "Net Interest Income": "356", "EBIT": "-252,726", "EBITDA": "-", "Reconciled Cost of Revenue": "3,702,683", "Reconciled Depreciation": "30,645", "Net Income from Continuing Operation Net Minority Interest": "-252,370", "Normalized EBITDA": "-222,081", "Tax Rate for Calcs": "0", "Tax Effect of Unusual Items": "0"}, "1/31/2019": {"Duration": "1/31/2019", "Total Revenue": "3,532,837", "Cost of Revenue": "2,818,032", "Gross Profit": "714,805", "Operating Expense": "982,571", "Operating Income": "-267,766", "Net Non Operating Interest Income Expense": "-124", "Pretax Income": "-267,890", "Tax Provision": "0", "Net Income Common Stockholders": "-267,890", "Diluted NI Available to Com Stockholders": "-267,890", "Basic EPS": "-0.68", "Diluted EPS": "-0.68", "Basic Average Shares": "395,712", "Diluted Average Shares": "395,712", "Total Operating Income as Reported": "-267,766", "Total Expenses": "3,800,603", "Net Income from Continuing & Discontinued Operation": "-267,890", "Normalized Income": "-267,890", "Interest Income": "57", "Interest Expense": "181", "Net Interest Income": "-124", "EBIT": "-267,709", "EBITDA": "-", "Reconciled Cost of Revenue": "2,818,032", "Reconciled Depreciation": "23,210", "Net Income from Continuing Operation Net Minority Interest": "-267,890", "Normalized EBITDA": "-244,499", "Tax Rate for Calcs": "0", "Tax Effect of Unusual Items": "0"}}, "bs": {"1/31/2020": {"Duration": "1/31/2020", "Total Assets": "932,321", "Total Liabilities Net Minority Interest": "1,336,295", "Total Equity Gross Minority Interest": "-403,974", "Total Capitalization": "-403,974", "Common Stock Equity": "-403,974", "Capital Lease Obligations": "200,439", "Net Tangible Assets": "-403,974", "Working Capital": "-470,749", "Invested Capital": "-403,974", "Tangible Book Value": "-403,974", "Total Debt": "200,439", "Share Issued": "401,368", "Ordinary Shares Number": "401,368"}, "1/31/2019": {"Duration": "1/31/2019", "Total Assets": "541,622", "Total Liabilities Net Minority Interest": "877,564", "Total Equity Gross Minority Interest": "-335,942", "Total Capitalization": "-335,942", "Common Stock Equity": "-335,942", "Capital Lease Obligations": "-", "Net Tangible Assets": "-335,942", "Working Capital": "-365,445", "Invested Capital": "-335,942", "Tangible Book Value": "-335,942", "Total Debt": "-", "Share Issued": "398,600", "Ordinary Shares Number": "398,600"}}, "cf": {"TTM": {"Duration": "TTM", "Operating Cash Flow": "129,622", "Investing Cash Flow": "-104,027", "Financing Cash Flow": "344,362", "End Cash Position": "505,828", "Interest Paid Supplemental Data": "-", "Capital Expenditure": "-110,355", "Issuance of Capital Stock": "318,548", "Repayment of Debt": "-597", "Free Cash Flow": "19,267"}, "1/31/2020": {"Duration": "1/31/2020", "Operating Cash Flow": "46,581", "Investing Cash Flow": "-49,861", "Financing Cash Flow": "127,037", "End Cash Position": "212,088", "Interest Paid Supplemental Data": "375", "Capital Expenditure": "-48,636", "Issuance of Capital Stock": "110,349", "Repayment of Debt": "-229", "Free Cash Flow": "-2,055"}, "1/31/2019": {"Duration": "1/31/2019", "Operating Cash Flow": "-13,415", "Investing Cash Flow": "31,838", "Financing Cash Flow": "1,141", "End Cash Position": "88,331", "Interest Paid Supplemental Data": "34", "Capital Expenditure": "-44,160", "Issuance of Capital Stock": "0", "Repayment of Debt": "-159", "Free Cash Flow": "-57,575"}}}}]