[{"DOMK": {"quote": {"05/11/2021": {"value": "", "Net Assets": "N/A", "Beta (5Y Monthly)": "N/A", "Yield": "N/A", "5y Average Return": "N/A", "Holdings Turnover": "N/A", "Last Dividend": "N/A", "Average for Category": "N/A", "Inception Date": "N/A"}}, "fin": {"res": "ERROR: Unable to sync data for: fin > DOMK"}, "bs": {"res": "ERROR: Unable to sync data for: bs > DOMK"}, "cf": {}}}, {"EVI": {"quote": {"05/11/2021": {"value": "26.28", "Market Cap": "321.967M", "Beta (5Y Monthly)": "0.86", "PE Ratio (TTM)": "386.47", "EPS (TTM)": "0.07", "Earnings Date": "Feb 09, 2021", "Forward Dividend & Yield": "N/A (N/A)", "Ex-Dividend Date": "Dec 24, 2018", "1y Target Est": "N/A"}}, "fin": {"TTM": {"Duration": "TTM", "Total Revenue": "231,879", "Cost of Revenue": "174,944", "Gross Profit": "56,935", "Operating Expense": "54,455", "Operating Income": "2,480", "Net Non Operating Interest Income Expense": "-717", "Other Income Expense": "-", "Pretax Income": "2,124", "Tax Provision": "576", "Net Income Common Stockholders": "1,411", "Diluted NI Available to Com Stockholders": "1,411", "Basic EPS": "-", "Diluted EPS": "-", "Basic Average Shares": "-", "Diluted Average Shares": "-", "Total Operating Income as Reported": "2,480", "Total Expenses": "229,399", "Net Income from Continuing & Discontinued Operation": "1,548", "Normalized Income": "1,285", "Interest Income": "-", "Interest Expense": "717", "Net Interest Income": "-717", "EBIT": "2,841", "EBITDA": "7,233", "Reconciled Cost of Revenue": "174,944", "Reconciled Depreciation": "4,392", "Net Income from Continuing Operation Net Minority Interest": "1,548", "Total Unusual Items Excluding Goodwill": "361", "Total Unusual Items": "361", "Normalized EBITDA": "6,872", "Tax Rate for Calcs": "0", "Tax Effect of Unusual Items": "97.8983"}, "6/30/2020": {"Duration": "6/30/2020", "Total Revenue": "235,802", "Cost of Revenue": "180,595", "Gross Profit": "55,207", "Operating Expense": "52,427", "Operating Income": "2,780", "Net Non Operating Interest Income Expense": "-1,432", "Other Income Expense": "-", "Pretax Income": "1,348", "Tax Provision": "573", "Net Income Common Stockholders": "713", "Diluted NI Available to Com Stockholders": "713", "Basic EPS": "0.06", "Diluted EPS": "0.06", "Basic Average Shares": "11,841", "Diluted Average Shares": "12,171", "Total Operating Income as Reported": "2,780", "Total Expenses": "233,022", "Net Income from Continuing & Discontinued Operation": "775", "Normalized Income": "775", "Interest Income": "-", "Interest Expense": "1,432", "Net Interest Income": "-1,432", "EBIT": "2,780", "EBITDA": "-", "Reconciled Cost of Revenue": "180,595", "Reconciled Depreciation": "3,696", "Net Income from Continuing Operation Net Minority Interest": "775", "Total Unusual Items Excluding Goodwill": "-", "Total Unusual Items": "-", "Normalized EBITDA": "6,476", "Tax Rate for Calcs": "0", "Tax Effect of Unusual Items": "0"}, "6/30/2019": {"Duration": "6/30/2019", "Total Revenue": "228,318", "Cost of Revenue": "175,620", "Gross Profit": "52,698", "Operating Expense": "45,693", "Operating Income": "7,005", "Net Non Operating Interest Income Expense": "-1,389", "Other Income Expense": "-", "Pretax Income": "5,616", "Tax Provision": "1,873", "Net Income Common Stockholders": "3,483", "Diluted NI Available to Com Stockholders": "3,483", "Basic EPS": "0.30", "Diluted EPS": "0.29", "Basic Average Shares": "11,533", "Diluted Average Shares": "12,022", "Total Operating Income as Reported": "7,005", "Total Expenses": "221,313", "Net Income from Continuing & Discontinued Operation": "3,743", "Normalized Income": "3,743", "Interest Income": "-", "Interest Expense": "1,389", "Net Interest Income": "-1,389", "EBIT": "7,005", "EBITDA": "-", "Reconciled Cost of Revenue": "175,620", "Reconciled Depreciation": "2,743", "Net Income from Continuing Operation Net Minority Interest": "3,743", "Total Unusual Items Excluding Goodwill": "-", "Total Unusual Items": "-", "Normalized EBITDA": "9,748", "Tax Rate for Calcs": "0", "Tax Effect of Unusual Items": "0"}, "6/30/2018": {"Duration": "6/30/2018", "Total Revenue": "150,007", "Cost of Revenue": "113,501", "Gross Profit": "36,506", "Operating Expense": "29,572", "Operating Income": "6,934", "Net Non Operating Interest Income Expense": "-552", "Other Income Expense": "-", "Pretax Income": "6,382", "Tax Provision": "2,416", "Net Income Common Stockholders": "3,671", "Diluted NI Available to Com Stockholders": "3,671", "Basic EPS": "0.33", "Diluted EPS": "0.33", "Basic Average Shares": "11,187", "Diluted Average Shares": "11,187", "Total Operating Income as Reported": "6,934", "Total Expenses": "143,073", "Net Income from Continuing & Discontinued Operation": "3,966", "Normalized Income": "3,966", "Interest Income": "-", "Interest Expense": "552", "Net Interest Income": "-552", "EBIT": "6,934", "EBITDA": "-", "Reconciled Cost of Revenue": "113,501", "Reconciled Depreciation": "1,579", "Net Income from Continuing Operation Net Minority Interest": "3,966", "Total Unusual Items Excluding Goodwill": "-", "Total Unusual Items": "-", "Normalized EBITDA": "8,513", "Tax Rate for Calcs": "0", "Tax Effect of Unusual Items": "0"}, "6/30/2017": {"Duration": "6/30/2017", "Total Revenue": "93,978", "Cost of Revenue": "73,639", "Gross Profit": "20,339", "Operating Expense": "14,989", "Operating Income": "5,350", "Net Non Operating Interest Income Expense": "-160", "Other Income Expense": "-", "Pretax Income": "5,190", "Tax Provision": "2,023", "Net Income Common Stockholders": "2,919", "Diluted NI Available to Com Stockholders": "2,919", "Basic EPS": "0.28", "Diluted EPS": "0.28", "Basic Average Shares": "10,468", "Diluted Average Shares": "10,468", "Total Operating Income as Reported": "5,350", "Total Expenses": "88,628", "Net Income from Continuing & Discontinued Operation": "3,167", "Normalized Income": "3,167", "Interest Income": "-160", "Interest Expense": "160", "Net Interest Income": "-160", "EBIT": "5,350", "EBITDA": "-", "Reconciled Cost of Revenue": "73,639", "Reconciled Depreciation": "576", "Net Income from Continuing Operation Net Minority Interest": "3,167", "Total Unusual Items Excluding Goodwill": "-", "Total Unusual Items": "-", "Normalized EBITDA": "5,926", "Tax Rate for Calcs": "0", "Tax Effect of Unusual Items": "0"}, "6/30/2016": {"Duration": "6/30/2016", "Total Revenue": "36,016", "Cost of Revenue": "27,804", "Gross Profit": "8,212", "Operating Expense": "5,421", "Operating Income": "2,791", "Net Non Operating Interest Income Expense": "2.259", "Other Income Expense": "-", "Pretax Income": "2,793", "Tax Provision": "1,053", "Net Income Common Stockholders": "1,740", "Diluted NI Available to Com Stockholders": "1,740", "Basic EPS": "0.25", "Diluted EPS": "0.25", "Basic Average Shares": "7,034", "Diluted Average Shares": "7,034", "Total Operating Income as Reported": "2,791", "Total Expenses": "33,225", "Net Income from Continuing & Discontinued Operation": "1,740", "Normalized Income": "1,740", "Interest Income": "2.259", "Interest Expense": "-", "Net Interest Income": "2.259", "EBIT": "2,791", "EBITDA": "-", "Reconciled Cost of Revenue": "27,804", "Reconciled Depreciation": "61.404", "Net Income from Continuing Operation Net Minority Interest": "1,740", "Total Unusual Items Excluding Goodwill": "-", "Total Unusual Items": "-", "Normalized EBITDA": "2,852", "Tax Rate for Calcs": "0", "Tax Effect of Unusual Items": "0"}, "6/30/2015": {"Duration": "6/30/2015", "Total Revenue": "30,755", "Cost of Revenue": "22,807", "Gross Profit": "7,948", "Operating Expense": "5,269", "Operating Income": "2,678", "Net Non Operating Interest Income Expense": "4.303", "Other Income Expense": "-", "Pretax Income": "2,683", "Tax Provision": "1,011", "Net Income Common Stockholders": "1,672", "Diluted NI Available to Com Stockholders": "1,672", "Basic EPS": "0.24", "Diluted EPS": "0.24", "Basic Average Shares": "7,034", "Diluted Average Shares": "7,034", "Total Operating Income as Reported": "2,678", "Total Expenses": "28,076", "Net Income from Continuing & Discontinued Operation": "1,672", "Normalized Income": "1,672", "Interest Income": "4.303", "Interest Expense": "-", "Net Interest Income": "4.303", "EBIT": "2,678", "EBITDA": "-", "Reconciled Cost of Revenue": "22,807", "Reconciled Depreciation": "58.806", "Net Income from Continuing Operation Net Minority Interest": "1,672", "Total Unusual Items Excluding Goodwill": "-", "Total Unusual Items": "-", "Normalized EBITDA": "2,737", "Tax Rate for Calcs": "0", "Tax Effect of Unusual Items": "0"}, "6/30/2014": {"Duration": "6/30/2014", "Total Revenue": "33,833", "Cost of Revenue": "26,039", "Gross Profit": "7,795", "Operating Expense": "5,196", "Operating Income": "2,599", "Net Non Operating Interest Income Expense": "6.016", "Other Income Expense": "-", "Pretax Income": "2,605", "Tax Provision": "984.421", "Net Income Common Stockholders": "1,620", "Diluted NI Available to Com Stockholders": "1,620", "Basic EPS": "0.23", "Diluted EPS": "0.23", "Basic Average Shares": "7,034", "Diluted Average Shares": "7,034", "Total Operating Income as Reported": "2,599", "Total Expenses": "31,235", "Net Income from Continuing & Discontinued Operation": "1,620", "Normalized Income": "1,620", "Interest Income": "6.016", "Interest Expense": "-", "Net Interest Income": "6.016", "EBIT": "2,599", "EBITDA": "-", "Reconciled Cost of Revenue": "26,039", "Reconciled Depreciation": "59.87", "Net Income from Continuing Operation Net Minority Interest": "1,620", "Total Unusual Items Excluding Goodwill": "-", "Total Unusual Items": "-", "Normalized EBITDA": "2,659", "Tax Rate for Calcs": "0", "Tax Effect of Unusual Items": "0"}, "6/30/2013": {"Duration": "6/30/2013", "Total Revenue": "36,227", "Cost of Revenue": "27,994", "Gross Profit": "8,232", "Operating Expense": "5,661", "Operating Income": "2,571", "Net Non Operating Interest Income Expense": "15.525", "Other Income Expense": "-", "Pretax Income": "2,587", "Tax Provision": "979.376", "Net Income Common Stockholders": "1,607", "Diluted NI Available to Com Stockholders": "1,607", "Basic EPS": "0.23", "Diluted EPS": "0.23", "Basic Average Shares": "7,034", "Diluted Average Shares": "7,034", "Total Operating Income as Reported": "2,571", "Total Expenses": "33,655", "Net Income from Continuing & Discontinued Operation": "1,607", "Normalized Income": "1,607", "Interest Income": "15.525", "Interest Expense": "-", "Net Interest Income": "15.525", "EBIT": "2,571", "EBITDA": "-", "Reconciled Cost of Revenue": "27,994", "Reconciled Depreciation": "57.865", "Net Income from Continuing Operation Net Minority Interest": "1,607", "Total Unusual Items Excluding Goodwill": "-", "Total Unusual Items": "-", "Normalized EBITDA": "2,629", "Tax Rate for Calcs": "0", "Tax Effect of Unusual Items": "0"}, "6/30/2012": {"Duration": "6/30/2012", "Total Revenue": "22,457", "Cost of Revenue": "16,928", "Gross Profit": "5,529", "Operating Expense": "4,721", "Operating Income": "808.738", "Net Non Operating Interest Income Expense": "19.457", "Other Income Expense": "-", "Pretax Income": "828.195", "Tax Provision": "316.506", "Net Income Common Stockholders": "511.689", "Diluted NI Available to Com Stockholders": "511.689", "Basic EPS": "0.07", "Diluted EPS": "0.07", "Basic Average Shares": "7,034", "Diluted Average Shares": "7,034", "Total Operating Income as Reported": "808.738", "Total Expenses": "21,648", "Net Income from Continuing & Discontinued Operation": "511.689", "Normalized Income": "511.689", "Interest Income": "19.457", "Interest Expense": "-", "Net Interest Income": "19.457", "EBIT": "808.738", "EBITDA": "-", "Reconciled Cost of Revenue": "16,928", "Reconciled Depreciation": "49.924", "Net Income from Continuing Operation Net Minority Interest": "511.689", "Total Unusual Items Excluding Goodwill": "-", "Total Unusual Items": "-", "Normalized EBITDA": "858.662", "Tax Rate for Calcs": "0", "Tax Effect of Unusual Items": "0"}, "6/30/2011": {"Duration": "6/30/2011", "Total Revenue": "21,326", "Cost of Revenue": "16,016", "Gross Profit": "5,310", "Operating Expense": "4,356", "Operating Income": "953.477", "Net Non Operating Interest Income Expense": "21.628", "Other Income Expense": "-", "Pretax Income": "975.105", "Tax Provision": "371.332", "Net Income Common Stockholders": "603.773", "Diluted NI Available to Com Stockholders": "603.773", "Basic EPS": "0.09", "Diluted EPS": "0.09", "Basic Average Shares": "7,034", "Diluted Average Shares": "7,034", "Total Operating Income as Reported": "953.477", "Total Expenses": "20,372", "Net Income from Continuing & Discontinued Operation": "603.773", "Normalized Income": "603.773", "Interest Income": "21.628", "Interest Expense": "-", "Net Interest Income": "21.628", "EBIT": "953.477", "EBITDA": "-", "Reconciled Cost of Revenue": "16,016", "Reconciled Depreciation": "55.872", "Net Income from Continuing Operation Net Minority Interest": "603.773", "Total Unusual Items Excluding Goodwill": "-", "Total Unusual Items": "-", "Normalized EBITDA": "1,009", "Tax Rate for Calcs": "0", "Tax Effect of Unusual Items": "0"}, "6/30/2010": {"Duration": "6/30/2010", "Total Revenue": "19,625", "Cost of Revenue": "14,669", "Gross Profit": "4,956", "Operating Expense": "4,302", "Operating Income": "653.978", "Net Non Operating Interest Income Expense": "13.213", "Other Income Expense": "-", "Pretax Income": "667.191", "Tax Provision": "253.125", "Net Income Common Stockholders": "414.066", "Diluted NI Available to Com Stockholders": "414.066", "Basic EPS": "0.06", "Diluted EPS": "0.06", "Basic Average Shares": "7,034", "Diluted Average Shares": "7,034", "Total Operating Income as Reported": "653.978", "Total Expenses": "18,971", "Net Income from Continuing & Discontinued Operation": "414.066", "Normalized Income": "414.066", "Interest Income": "13.213", "Interest Expense": "-", "Net Interest Income": "13.213", "EBIT": "653.978", "EBITDA": "-", "Reconciled Cost of Revenue": "14,669", "Reconciled Depreciation": "75.054", "Net Income from Continuing Operation Net Minority Interest": "414.066", "Total Unusual Items Excluding Goodwill": "-", "Total Unusual Items": "-", "Normalized EBITDA": "729.032", "Tax Rate for Calcs": "0", "Tax Effect of Unusual Items": "0"}, "6/30/2009": {"Duration": "6/30/2009", "Total Revenue": "23,155", "Cost of Revenue": "17,838", "Gross Profit": "5,318", "Operating Expense": "4,540", "Operating Income": "777.929", "Net Non Operating Interest Income Expense": "74.617", "Other Income Expense": "-", "Pretax Income": "852.546", "Tax Provision": "325.683", "Net Income Common Stockholders": "526.863", "Diluted NI Available to Com Stockholders": "526.863", "Basic EPS": "0.07", "Diluted EPS": "0.07", "Basic Average Shares": "7,034", "Diluted Average Shares": "7,034", "Total Operating Income as Reported": "777.929", "Total Expenses": "22,377", "Net Income from Continuing & Discontinued Operation": "526.863", "Normalized Income": "526.863", "Interest Income": "74.617", "Interest Expense": "-", "Net Interest Income": "74.617", "EBIT": "777.929", "EBITDA": "-", "Reconciled Cost of Revenue": "17,838", "Reconciled Depreciation": "128.219", "Net Income from Continuing Operation Net Minority Interest": "526.863", "Total Unusual Items Excluding Goodwill": "-", "Total Unusual Items": "-", "Normalized EBITDA": "906.148", "Tax Rate for Calcs": "0", "Tax Effect of Unusual Items": "0"}, "6/30/2008": {"Duration": "6/30/2008", "Total Revenue": "22,705", "Cost of Revenue": "17,024", "Gross Profit": "5,681", "Operating Expense": "4,890", "Operating Income": "791.235", "Net Non Operating Interest Income Expense": "-", "Other Income Expense": "-", "Pretax Income": "954.591", "Tax Provision": "352.739", "Net Income Common Stockholders": "601.852", "Diluted NI Available to Com Stockholders": "601.852", "Basic EPS": "0.09", "Diluted EPS": "0.09", "Basic Average Shares": "7,034", "Diluted Average Shares": "7,037", "Total Operating Income as Reported": "791.235", "Total Expenses": "21,914", "Net Income from Continuing & Discontinued Operation": "601.852", "Normalized Income": "601.852", "Interest Income": "-", "Interest Expense": "-", "Net Interest Income": "-", "EBIT": "791.235", "EBITDA": "-", "Reconciled Cost of Revenue": "17,024", "Reconciled Depreciation": "132.369", "Net Income from Continuing Operation Net Minority Interest": "601.852", "Total Unusual Items Excluding Goodwill": "-", "Total Unusual Items": "-", "Normalized EBITDA": "923.604", "Tax Rate for Calcs": "0", "Tax Effect of Unusual Items": "0"}, "6/30/2007": {"Duration": "6/30/2007", "Total Revenue": "22,749", "Cost of Revenue": "16,953", "Gross Profit": "5,796", "Operating Expense": "4,548", "Operating Income": "1,248", "Net Non Operating Interest Income Expense": "-", "Other Income Expense": "-", "Pretax Income": "1,411", "Tax Provision": "529.734", "Net Income Common Stockholders": "880.99", "Diluted NI Available to Com Stockholders": "880.99", "Basic EPS": "0.13", "Diluted EPS": "0.13", "Basic Average Shares": "7,034", "Diluted Average Shares": "7,038", "Total Operating Income as Reported": "1,248", "Total Expenses": "21,501", "Net Income from Continuing & Discontinued Operation": "880.99", "Normalized Income": "880.99", "Interest Income": "-", "Interest Expense": "-", "Net Interest Income": "-", "EBIT": "1,248", "EBITDA": "-", "Reconciled Cost of Revenue": "16,953", "Reconciled Depreciation": "120.479", "Net Income from Continuing Operation Net Minority Interest": "880.99", "Total Unusual Items Excluding Goodwill": "-", "Total Unusual Items": "-", "Normalized EBITDA": "1,368", "Tax Rate for Calcs": "0", "Tax Effect of Unusual Items": "0"}, "6/30/2006": {"Duration": "6/30/2006", "Total Revenue": "20,415", "Cost of Revenue": "14,778", "Gross Profit": "5,637", "Operating Expense": "4,484", "Operating Income": "1,153", "Net Non Operating Interest Income Expense": "-", "Other Income Expense": "-", "Pretax Income": "1,228", "Tax Provision": "424.196", "Net Income Common Stockholders": "803.981", "Diluted NI Available to Com Stockholders": "803.981", "Basic EPS": "0.11", "Diluted EPS": "0.11", "Basic Average Shares": "7,027", "Diluted Average Shares": "7,032", "Total Operating Income as Reported": "1,153", "Total Expenses": "19,262", "Net Income from Continuing & Discontinued Operation": "803.981", "Normalized Income": "803.981", "Interest Income": "-", "Interest Expense": "-", "Net Interest Income": "-", "EBIT": "1,153", "EBITDA": "-", "Reconciled Cost of Revenue": "14,778", "Reconciled Depreciation": "142.453", "Net Income from Continuing Operation Net Minority Interest": "803.981", "Total Unusual Items Excluding Goodwill": "-", "Total Unusual Items": "-", "Normalized EBITDA": "1,295", "Tax Rate for Calcs": "0", "Tax Effect of Unusual Items": "0"}, "6/30/2005": {"Duration": "6/30/2005", "Total Revenue": "18,389", "Cost of Revenue": "13,157", "Gross Profit": "5,232", "Operating Expense": "4,108", "Operating Income": "1,124", "Net Non Operating Interest Income Expense": "-", "Other Income Expense": "-", "Pretax Income": "1,134", "Tax Provision": "428.046", "Net Income Common Stockholders": "706.263", "Diluted NI Available to Com Stockholders": "706.263", "Basic EPS": "0.10", "Diluted EPS": "0.10", "Basic Average Shares": "7,023", "Diluted Average Shares": "7,038", "Total Operating Income as Reported": "1,124", "Total Expenses": "17,265", "Net Income from Continuing & Discontinued Operation": "706.263", "Normalized Income": "706.263", "Interest Income": "-", "Interest Expense": "-", "Net Interest Income": "-", "EBIT": "1,124", "EBITDA": "-", "Reconciled Cost of Revenue": "13,157", "Reconciled Depreciation": "119.242", "Net Income from Continuing Operation Net Minority Interest": "706.263", "Total Unusual Items Excluding Goodwill": "-", "Total Unusual Items": "-", "Normalized EBITDA": "1,243", "Tax Rate for Calcs": "0", "Tax Effect of Unusual Items": "0"}, "6/30/2004": {"Duration": "6/30/2004", "Total Revenue": "14,672", "Cost of Revenue": "10,138", "Gross Profit": "4,535", "Operating Expense": "3,705", "Operating Income": "829.817", "Net Non Operating Interest Income Expense": "-", "Other Income Expense": "-", "Pretax Income": "853.627", "Tax Provision": "317.41", "Net Income Common Stockholders": "536.217", "Diluted NI Available to Com Stockholders": "536.217", "Basic EPS": "0.08", "Diluted EPS": "0.08", "Basic Average Shares": "7,009", "Diluted Average Shares": "7,032", "Total Operating Income as Reported": "829.817", "Total Expenses": "13,842", "Net Income from Continuing & Discontinued Operation": "536.217", "Normalized Income": "536.217", "Interest Income": "-", "Interest Expense": "-", "Net Interest Income": "-", "EBIT": "829.817", "EBITDA": "-", "Reconciled Cost of Revenue": "10,138", "Reconciled Depreciation": "114.946", "Net Income from Continuing Operation Net Minority Interest": "536.217", "Total Unusual Items Excluding Goodwill": "-", "Total Unusual Items": "-", "Normalized EBITDA": "944.763", "Tax Rate for Calcs": "0", "Tax Effect of Unusual Items": "0"}, "6/30/2003": {"Duration": "6/30/2003", "Total Revenue": "14,317", "Cost of Revenue": "9,677", "Gross Profit": "4,640", "Operating Expense": "3,764", "Operating Income": "876.06", "Net Non Operating Interest Income Expense": "-", "Other Income Expense": "904.303", "Pretax Income": "880.223", "Tax Provision": "334.089", "Net Income Common Stockholders": "603.793", "Diluted NI Available to Com Stockholders": "603.793", "Basic EPS": "0.09", "Diluted EPS": "0.09", "Basic Average Shares": "6,996", "Diluted Average Shares": "6,996", "Total Operating Income as Reported": "876.06", "Total Expenses": "13,441", "Net Income from Continuing & Discontinued Operation": "603.793", "Normalized Income": "-14.9404", "Interest Income": "-", "Interest Expense": "-", "Net Interest Income": "-", "EBIT": "876.06", "EBITDA": "-", "Reconciled Cost of Revenue": "9,677", "Reconciled Depreciation": "114.941", "Net Income from Continuing Operation Net Minority Interest": "546.134", "Total Unusual Items Excluding Goodwill": "904.303", "Total Unusual Items": "904.303", "Normalized EBITDA": "86.698", "Tax Rate for Calcs": "0", "Tax Effect of Unusual Items": "343.2286"}, "6/30/2002": {"Duration": "6/30/2002", "Total Revenue": "13,330", "Cost of Revenue": "9,668", "Gross Profit": "3,663", "Operating Expense": "2,844", "Operating Income": "818.165", "Net Non Operating Interest Income Expense": "-", "Other Income Expense": "958.346", "Pretax Income": "775.057", "Tax Provision": "295.079", "Net Income Common Stockholders": "-280.01", "Diluted NI Available to Com Stockholders": "-280.01", "Basic EPS": "-0.04", "Diluted EPS": "-0.04", "Basic Average Shares": "6,997", "Diluted Average Shares": "6,997", "Total Operating Income as Reported": "818.165", "Total Expenses": "12,512", "Net Income from Continuing & Discontinued Operation": "-280.01", "Normalized Income": "-113.5074", "Interest Income": "-", "Interest Expense": "-", "Net Interest Income": "-", "EBIT": "818.165", "EBITDA": "-", "Reconciled Cost of Revenue": "9,668", "Reconciled Depreciation": "113.102", "Net Income from Continuing Operation Net Minority Interest": "479.978", "Total Unusual Items Excluding Goodwill": "958.346", "Total Unusual Items": "958.346", "Normalized EBITDA": "-27.079", "Tax Rate for Calcs": "0", "Tax Effect of Unusual Items": "364.8606"}, "6/30/2001": {"Duration": "6/30/2001", "Total Revenue": "17,953", "Cost of Revenue": "13,534", "Gross Profit": "4,418", "Operating Expense": "4,117", "Operating Income": "301.209", "Net Non Operating Interest Income Expense": "-", "Other Income Expense": "768.277", "Pretax Income": "198.471", "Tax Provision": "76", "Net Income Common Stockholders": "122.471", "Diluted NI Available to Com Stockholders": "122.471", "Basic EPS": "0.02", "Diluted EPS": "0.02", "Basic Average Shares": "7,001", "Diluted Average Shares": "7,121", "Total Operating Income as Reported": "301.209", "Total Expenses": "17,651", "Net Income from Continuing & Discontinued Operation": "122.471", "Normalized Income": "-351.6116", "Interest Income": "-", "Interest Expense": "-", "Net Interest Income": "-", "EBIT": "301.209", "EBITDA": "-", "Reconciled Cost of Revenue": "13,534", "Reconciled Depreciation": "223.189", "Net Income from Continuing Operation Net Minority Interest": "122.471", "Total Unusual Items Excluding Goodwill": "768.277", "Total Unusual Items": "768.277", "Normalized EBITDA": "-243.879", "Tax Rate for Calcs": "0", "Tax Effect of Unusual Items": "294.1944"}, "6/30/2000": {"Duration": "6/30/2000", "Total Revenue": "18,448", "Cost of Revenue": "13,074", "Gross Profit": "5,373", "Operating Expense": "4,792", "Operating Income": "580.77", "Net Non Operating Interest Income Expense": "-", "Other Income Expense": "1,077", "Pretax Income": "1,529", "Tax Provision": "564", "Net Income Common Stockholders": "965.449", "Diluted NI Available to Com Stockholders": "965.449", "Basic EPS": "0.14", "Diluted EPS": "0.13", "Basic Average Shares": "6,952", "Diluted Average Shares": "7,306", "Total Operating Income as Reported": "580.77", "Total Expenses": "17,867", "Net Income from Continuing & Discontinued Operation": "965.449", "Normalized Income": "285.6423", "Interest Income": "-", "Interest Expense": "-", "Net Interest Income": "-", "EBIT": "580.77", "EBITDA": "-", "Reconciled Cost of Revenue": "13,074", "Reconciled Depreciation": "139.033", "Net Income from Continuing Operation Net Minority Interest": "965.449", "Total Unusual Items Excluding Goodwill": "1,077", "Total Unusual Items": "1,077", "Normalized EBITDA": "-357.136", "Tax Rate for Calcs": "0", "Tax Effect of Unusual Items": "397.1323"}, "6/30/1999": {"Duration": "6/30/1999", "Total Revenue": "18,000", "Cost of Revenue": "13,100", "Gross Profit": "4,900", "Operating Expense": "4,200", "Operating Income": "700", "Net Non Operating Interest Income Expense": "-", "Other Income Expense": "500", "Pretax Income": "1,200", "Tax Provision": "400", "Net Income Common Stockholders": "800", "Diluted NI Available to Com Stockholders": "800", "Basic EPS": "0.12", "Diluted EPS": "0.12", "Basic Average Shares": "6,165", "Diluted Average Shares": "6,491", "Total Operating Income as Reported": "700", "Total Expenses": "17,300", "Net Income from Continuing & Discontinued Operation": "800", "Normalized Income": "466.6667", "Interest Income": "-", "Interest Expense": "-", "Net Interest Income": "-", "EBIT": "700", "EBITDA": "-", "Reconciled Cost of Revenue": "13,100", "Reconciled Depreciation": "100", "Net Income from Continuing Operation Net Minority Interest": "800", "Total Unusual Items Excluding Goodwill": "500", "Total Unusual Items": "500", "Normalized EBITDA": "300", "Tax Rate for Calcs": "0", "Tax Effect of Unusual Items": "166.6667"}, "6/30/1998": {"Duration": "6/30/1998", "Total Revenue": "3,839", "Cost of Revenue": "2,571", "Gross Profit": "1,269", "Operating Expense": "1,478", "Operating Income": "-209.851", "Net Non Operating Interest Income Expense": "-", "Other Income Expense": "-", "Pretax Income": "-499.67", "Tax Provision": "-150", "Net Income Common Stockholders": "-349.67", "Diluted NI Available to Com Stockholders": "-349.67", "Basic EPS": "-0.17", "Diluted EPS": "-0.17", "Basic Average Shares": "2,054", "Diluted Average Shares": "2,054", "Total Operating Income as Reported": "-209.851", "Total Expenses": "4,049", "Net Income from Continuing & Discontinued Operation": "-349.67", "Normalized Income": "-349.67", "Interest Income": "-", "Interest Expense": "-", "Net Interest Income": "-", "EBIT": "-209.851", "EBITDA": "-", "Reconciled Cost of Revenue": "2,571", "Reconciled Depreciation": "74.012", "Net Income from Continuing Operation Net Minority Interest": "-349.67", "Total Unusual Items Excluding Goodwill": "-", "Total Unusual Items": "-", "Normalized EBITDA": "-135.839", "Tax Rate for Calcs": "0", "Tax Effect of Unusual Items": "0"}, "6/30/1997": {"Duration": "6/30/1997", "Total Revenue": "3,883", "Cost of Revenue": "2,414", "Gross Profit": "1,469", "Operating Expense": "1,450", "Operating Income": "18.867", "Net Non Operating Interest Income Expense": "-", "Other Income Expense": "-", "Pretax Income": "25.121", "Tax Provision": "13", "Net Income Common Stockholders": "12.121", "Diluted NI Available to Com Stockholders": "12.121", "Basic EPS": "0.01", "Diluted EPS": "0.01", "Basic Average Shares": "2,026", "Diluted Average Shares": "2,026", "Total Operating Income as Reported": "18.867", "Total Expenses": "3,864", "Net Income from Continuing & Discontinued Operation": "12.121", "Normalized Income": "12.121", "Interest Income": "-", "Interest Expense": "-", "Net Interest Income": "-", "EBIT": "18.867", "EBITDA": "-", "Reconciled Cost of Revenue": "2,414", "Reconciled Depreciation": "66.558", "Net Income from Continuing Operation Net Minority Interest": "12.121", "Total Unusual Items Excluding Goodwill": "-", "Total Unusual Items": "-", "Normalized EBITDA": "85.425", "Tax Rate for Calcs": "0", "Tax Effect of Unusual Items": "0"}, "6/30/1996": {"Duration": "6/30/1996", "Total Revenue": "4,229", "Cost of Revenue": "2,638", "Gross Profit": "1,590", "Operating Expense": "1,433", "Operating Income": "157.476", "Net Non Operating Interest Income Expense": "-", "Other Income Expense": "-", "Pretax Income": "168.472", "Tax Provision": "44", "Net Income Common Stockholders": "124.472", "Diluted NI Available to Com Stockholders": "124.472", "Basic EPS": "0.06", "Diluted EPS": "0.06", "Basic Average Shares": "2,004", "Diluted Average Shares": "2,004", "Total Operating Income as Reported": "157.476", "Total Expenses": "4,071", "Net Income from Continuing & Discontinued Operation": "124.472", "Normalized Income": "124.472", "Interest Income": "-", "Interest Expense": "-", "Net Interest Income": "-", "EBIT": "157.476", "EBITDA": "-", "Reconciled Cost of Revenue": "2,638", "Reconciled Depreciation": "72.158", "Net Income from Continuing Operation Net Minority Interest": "124.472", "Total Unusual Items Excluding Goodwill": "-", "Total Unusual Items": "-", "Normalized EBITDA": "229.634", "Tax Rate for Calcs": "0", "Tax Effect of Unusual Items": "0"}, "6/30/1995": {"Duration": "6/30/1995", "Total Revenue": "4,200", "Cost of Revenue": "2,500", "Gross Profit": "1,700", "Operating Expense": "1,600", "Operating Income": "100", "Net Non Operating Interest Income Expense": "-", "Other Income Expense": "-", "Pretax Income": "200", "Tax Provision": "100", "Net Income Common Stockholders": "100", "Diluted NI Available to Com Stockholders": "100", "Basic EPS": "0.01", "Diluted EPS": "0.01", "Basic Average Shares": "6,667", "Diluted Average Shares": "6,667", "Total Operating Income as Reported": "-", "Total Expenses": "4,100", "Net Income from Continuing & Discontinued Operation": "100", "Normalized Income": "100", "Interest Income": "-", "Interest Expense": "-", "Net Interest Income": "-", "EBIT": "100", "EBITDA": "-", "Reconciled Cost of Revenue": "2,700", "Reconciled Depreciation": "-100", "Net Income from Continuing Operation Net Minority Interest": "100", "Total Unusual Items Excluding Goodwill": "-", "Total Unusual Items": "-", "Normalized EBITDA": "200", "Tax Rate for Calcs": "0", "Tax Effect of Unusual Items": "0"}, "6/30/1994": {"Duration": "6/30/1994", "Total Revenue": "4,100", "Cost of Revenue": "2,400", "Gross Profit": "1,700", "Operating Expense": "1,700", "Operating Income": "0", "Net Non Operating Interest Income Expense": "-", "Other Income Expense": "100", "Pretax Income": "200", "Tax Provision": "100", "Net Income Common Stockholders": "100", "Diluted NI Available to Com Stockholders": "100", "Basic EPS": "0.01", "Diluted EPS": "0.01", "Basic Average Shares": "6,667", "Diluted Average Shares": "6,667", "Total Operating Income as Reported": "-", "Total Expenses": "4,100", "Net Income from Continuing & Discontinued Operation": "100", "Normalized Income": "40", "Interest Income": "-", "Interest Expense": "-", "Net Interest Income": "-", "EBIT": "0", "EBITDA": "-", "Reconciled Cost of Revenue": "2,600", "Reconciled Depreciation": "-100", "Net Income from Continuing Operation Net Minority Interest": "100", "Total Unusual Items Excluding Goodwill": "100", "Total Unusual Items": "100", "Normalized EBITDA": "0", "Tax Rate for Calcs": "0", "Tax Effect of Unusual Items": "40"}, "6/30/1993": {"Duration": "6/30/1993", "Total Revenue": "4,600", "Cost of Revenue": "2,600", "Gross Profit": "2,000", "Operating Expense": "1,600", "Operating Income": "400", "Net Non Operating Interest Income Expense": "-", "Other Income Expense": "300", "Pretax Income": "700", "Tax Provision": "300", "Net Income Common Stockholders": "400", "Diluted NI Available to Com Stockholders": "400", "Basic EPS": "0.06", "Diluted EPS": "0.06", "Basic Average Shares": "6,667", "Diluted Average Shares": "6,667", "Total Operating Income as Reported": "-", "Total Expenses": "4,200", "Net Income from Continuing & Discontinued Operation": "400", "Normalized Income": "220", "Interest Income": "-", "Interest Expense": "-", "Net Interest Income": "-", "EBIT": "400", "EBITDA": "-", "Reconciled Cost of Revenue": "2,800", "Reconciled Depreciation": "-100", "Net Income from Continuing Operation Net Minority Interest": "400", "Total Unusual Items Excluding Goodwill": "300", "Total Unusual Items": "300", "Normalized EBITDA": "200", "Tax Rate for Calcs": "0", "Tax Effect of Unusual Items": "120"}, "6/30/1992": {"Duration": "6/30/1992", "Total Revenue": "4,400", "Cost of Revenue": "2,500", "Gross Profit": "1,900", "Operating Expense": "1,900", "Operating Income": "0", "Net Non Operating Interest Income Expense": "-", "Other Income Expense": "100", "Pretax Income": "-", "Tax Provision": "-", "Net Income Common Stockholders": "-100", "Diluted NI Available to Com Stockholders": "-100", "Basic EPS": "-0.01", "Diluted EPS": "-0.01", "Basic Average Shares": "6,667", "Diluted Average Shares": "6,667", "Total Operating Income as Reported": "-", "Total Expenses": "4,400", "Net Income from Continuing & Discontinued Operation": "-100", "Normalized Income": "-160", "Interest Income": "-", "Interest Expense": "-", "Net Interest Income": "-", "EBIT": "0", "EBITDA": "-", "Reconciled Cost of Revenue": "2,900", "Reconciled Depreciation": "-200", "Net Income from Continuing Operation Net Minority Interest": "-100", "Total Unusual Items Excluding Goodwill": "100", "Total Unusual Items": "100", "Normalized EBITDA": "100", "Tax Rate for Calcs": "0", "Tax Effect of Unusual Items": "40"}, "6/30/1991": {"Duration": "6/30/1991", "Total Revenue": "4,600", "Cost of Revenue": "3,000", "Gross Profit": "1,600", "Operating Expense": "2,000", "Operating Income": "-400", "Net Non Operating Interest Income Expense": "-", "Other Income Expense": "300", "Pretax Income": "-", "Tax Provision": "-", "Net Income Common Stockholders": "-100", "Diluted NI Available to Com Stockholders": "-100", "Basic EPS": "-0.01", "Diluted EPS": "-0.01", "Basic Average Shares": "6,667", "Diluted Average Shares": "6,667", "Total Operating Income as Reported": "-", "Total Expenses": "5,000", "Net Income from Continuing & Discontinued Operation": "-100", "Normalized Income": "-280", "Interest Income": "-", "Interest Expense": "-", "Net Interest Income": "-", "EBIT": "-400", "EBITDA": "-", "Reconciled Cost of Revenue": "3,400", "Reconciled Depreciation": "-200", "Net Income from Continuing Operation Net Minority Interest": "-100", "Total Unusual Items Excluding Goodwill": "300", "Total Unusual Items": "300", "Normalized EBITDA": "-500", "Tax Rate for Calcs": "0", "Tax Effect of Unusual Items": "120"}, "6/30/1990": {"Duration": "6/30/1990", "Total Revenue": "4,900", "Cost of Revenue": "3,200", "Gross Profit": "1,700", "Operating Expense": "1,900", "Operating Income": "-200", "Net Non Operating Interest Income Expense": "-", "Other Income Expense": "-", "Pretax Income": "-200", "Tax Provision": "-100", "Net Income Common Stockholders": "-100", "Diluted NI Available to Com Stockholders": "-100", "Basic EPS": "-0.01", "Diluted EPS": "-0.01", "Basic Average Shares": "6,667", "Diluted Average Shares": "6,667", "Total Operating Income as Reported": "-", "Total Expenses": "5,100", "Net Income from Continuing & Discontinued Operation": "-100", "Normalized Income": "-100", "Interest Income": "-", "Interest Expense": "-", "Net Interest Income": "-", "EBIT": "-200", "EBITDA": "-", "Reconciled Cost of Revenue": "3,200", "Reconciled Depreciation": "200", "Net Income from Continuing Operation Net Minority Interest": "-100", "Total Unusual Items Excluding Goodwill": "-", "Total Unusual Items": "-", "Normalized EBITDA": "0", "Tax Rate for Calcs": "0", "Tax Effect of Unusual Items": "0"}, "6/30/1989": {"Duration": "6/30/1989", "Total Revenue": "5,400", "Cost of Revenue": "3,200", "Gross Profit": "2,200", "Operating Expense": "1,900", "Operating Income": "300", "Net Non Operating Interest Income Expense": "-", "Other Income Expense": "-", "Pretax Income": "-", "Tax Provision": "-", "Net Income Common Stockholders": "100", "Diluted NI Available to Com Stockholders": "100", "Basic EPS": "0.01", "Diluted EPS": "0.01", "Basic Average Shares": "6,667", "Diluted Average Shares": "6,667", "Total Operating Income as Reported": "-", "Total Expenses": "5,100", "Net Income from Continuing & Discontinued Operation": "100", "Normalized Income": "100", "Interest Income": "-", "Interest Expense": "-", "Net Interest Income": "-", "EBIT": "300", "EBITDA": "-", "Reconciled Cost of Revenue": "3,200", "Reconciled Depreciation": "200", "Net Income from Continuing Operation Net Minority Interest": "100", "Total Unusual Items Excluding Goodwill": "-", "Total Unusual Items": "-", "Normalized EBITDA": "500", "Tax Rate for Calcs": "0", "Tax Effect of Unusual Items": "0"}, "6/30/1988": {"Duration": "6/30/1988", "Total Revenue": "6,300", "Cost of Revenue": "3,700", "Gross Profit": "2,600", "Operating Expense": "2,300", "Operating Income": "300", "Net Non Operating Interest Income Expense": "-", "Other Income Expense": "200", "Pretax Income": "200", "Tax Provision": "100", "Net Income Common Stockholders": "100", "Diluted NI Available to Com Stockholders": "100", "Basic EPS": "0.01", "Diluted EPS": "0.01", "Basic Average Shares": "6,667", "Diluted Average Shares": "6,667", "Total Operating Income as Reported": "-", "Total Expenses": "6,000", "Net Income from Continuing & Discontinued Operation": "100", "Normalized Income": "-20", "Interest Income": "-", "Interest Expense": "-", "Net Interest Income": "-", "EBIT": "300", "EBITDA": "-", "Reconciled Cost of Revenue": "3,700", "Reconciled Depreciation": "300", "Net Income from Continuing Operation Net Minority Interest": "100", "Total Unusual Items Excluding Goodwill": "200", "Total Unusual Items": "200", "Normalized EBITDA": "400", "Tax Rate for Calcs": "0", "Tax Effect of Unusual Items": "80"}, "6/30/1987": {"Duration": "6/30/1987", "Total Revenue": "5,800", "Cost of Revenue": "3,800", "Gross Profit": "2,000", "Operating Expense": "2,100", "Operating Income": "-100", "Net Non Operating Interest Income Expense": "-", "Other Income Expense": "100", "Pretax Income": "-200", "Tax Provision": "-100", "Net Income Common Stockholders": "-100", "Diluted NI Available to Com Stockholders": "-100", "Basic EPS": "-0.01", "Diluted EPS": "-0.01", "Basic Average Shares": "6,667", "Diluted Average Shares": "6,667", "Total Operating Income as Reported": "-", "Total Expenses": "5,900", "Net Income from Continuing & Discontinued Operation": "-100", "Normalized Income": "-160", "Interest Income": "-", "Interest Expense": "-", "Net Interest Income": "-", "EBIT": "-100", "EBITDA": "-", "Reconciled Cost of Revenue": "3,800", "Reconciled Depreciation": "200", "Net Income from Continuing Operation Net Minority Interest": "-100", "Total Unusual Items Excluding Goodwill": "100", "Total Unusual Items": "100", "Normalized EBITDA": "0", "Tax Rate for Calcs": "0", "Tax Effect of Unusual Items": "40"}, "6/30/1986": {"Duration": "6/30/1986", "Total Revenue": "5,500", "Cost of Revenue": "3,000", "Gross Profit": "2,500", "Operating Expense": "1,700", "Operating Income": "800", "Net Non Operating Interest Income Expense": "-", "Other Income Expense": "-", "Pretax Income": "600", "Tax Provision": "300", "Net Income Common Stockholders": "300", "Diluted NI Available to Com Stockholders": "300", "Basic EPS": "0.04", "Diluted EPS": "0.04", "Basic Average Shares": "6,667", "Diluted Average Shares": "6,667", "Total Operating Income as Reported": "-", "Total Expenses": "4,700", "Net Income from Continuing & Discontinued Operation": "300", "Normalized Income": "300", "Interest Income": "-", "Interest Expense": "-", "Net Interest Income": "-", "EBIT": "800", "EBITDA": "-", "Reconciled Cost of Revenue": "3,000", "Reconciled Depreciation": "100", "Net Income from Continuing Operation Net Minority Interest": "300", "Total Unusual Items Excluding Goodwill": "-", "Total Unusual Items": "-", "Normalized EBITDA": "900", "Tax Rate for Calcs": "0", "Tax Effect of Unusual Items": "0"}}, "bs": {"6/30/2020": {"Duration": "6/30/2020", "Total Assets": "160,718", "Total Liabilities Net Minority Interest": "72,892", "Total Equity Gross Minority Interest": "87,826", "Total Capitalization": "112,856", "Common Stock Equity": "87,826", "Capital Lease Obligations": "5,329", "Net Tangible Assets": "9,394", "Working Capital": "22,177", "Invested Capital": "115,536", "Tangible Book Value": "9,394", "Total Debt": "33,039", "Net Debt": "17,921", "Share Issued": "12,030", "Ordinary Shares Number": "11,935", "Treasury Shares Number": "95.396"}, "6/30/2019": {"Duration": "6/30/2019", "Total Assets": "154,485", "Total Liabilities Net Minority Interest": "72,983", "Total Equity Gross Minority Interest": "81,502", "Total Capitalization": "122,065", "Common Stock Equity": "81,502", "Capital Lease Obligations": "-", "Net Tangible Assets": "4,650", "Working Capital": "37,156", "Invested Capital": "122,065", "Tangible Book Value": "4,650", "Total Debt": "40,563", "Net Debt": "35,525", "Share Issued": "11,826", "Ordinary Shares Number": "11,753", "Treasury Shares Number": "72.934"}, "6/30/2018": {"Duration": "6/30/2018", "Total Assets": "95,474", "Total Liabilities Net Minority Interest": "38,443", "Total Equity Gross Minority Interest": "57,031", "Total Capitalization": "65,848", "Common Stock Equity": "57,031", "Capital Lease Obligations": "-", "Net Tangible Assets": "4,195", "Working Capital": "7,306", "Invested Capital": "67,043", "Tangible Book Value": "4,195", "Total Debt": "10,012", "Net Debt": "8,682", "Share Issued": "11,240", "Ordinary Shares Number": "11,187", "Treasury Shares Number": "52.686"}, "6/30/2017": {"Duration": "6/30/2017", "Total Assets": "57,135", "Total Liabilities Net Minority Interest": "24,911", "Total Equity Gross Minority Interest": "32,224", "Total Capitalization": "35,955", "Common Stock Equity": "32,224", "Capital Lease Obligations": "-", "Net Tangible Assets": "311", "Working Capital": "2,620", "Invested Capital": "36,669", "Tangible Book Value": "311", "Total Debt": "4,445", "Net Debt": "3,718", "Share Issued": "10,499", "Ordinary Shares Number": "10,468", "Treasury Shares Number": "31.768"}, "6/30/2016": {"Duration": "6/30/2016", "Total Assets": "10,161", "Total Liabilities Net Minority Interest": "5,072", "Total Equity Gross Minority Interest": "5,089", "Total Capitalization": "5,089", "Common Stock Equity": "5,089", "Capital Lease Obligations": "-", "Net Tangible Assets": "5,062", "Working Capital": "4,914", "Invested Capital": "5,089", "Tangible Book Value": "5,062", "Total Debt": "-", "Net Debt": "-", "Share Issued": "7,066", "Ordinary Shares Number": "7,034", "Treasury Shares Number": "31.768"}, "6/30/2015": {"Duration": "6/30/2015", "Total Assets": "9,283", "Total Liabilities Net Minority Interest": "4,527", "Total Equity Gross Minority Interest": "4,756", "Total Capitalization": "4,756", "Common Stock Equity": "4,756", "Capital Lease Obligations": "-", "Net Tangible Assets": "4,722", "Working Capital": "4,510", "Invested Capital": "4,756", "Tangible Book Value": "4,722", "Total Debt": "-", "Net Debt": "-", "Share Issued": "7,066", "Ordinary Shares Number": "7,034", "Treasury Shares Number": "31.768"}, "6/30/2014": {"Duration": "6/30/2014", "Total Assets": "13,818", "Total Liabilities Net Minority Interest": "9,328", "Total Equity Gross Minority Interest": "4,490", "Total Capitalization": "4,490", "Common Stock Equity": "4,490", "Capital Lease Obligations": "-", "Net Tangible Assets": "4,450", "Working Capital": "4,247", "Invested Capital": "4,490", "Tangible Book Value": "4,450", "Total Debt": "-", "Net Debt": "-", "Share Issued": "7,066", "Ordinary Shares Number": "7,034", "Treasury Shares Number": "31.768"}, "6/30/2013": {"Duration": "6/30/2013", "Total Assets": "11,052", "Total Liabilities Net Minority Interest": "5,369", "Total Equity Gross Minority Interest": "5,684", "Total Capitalization": "5,684", "Common Stock Equity": "5,684", "Capital Lease Obligations": "-", "Net Tangible Assets": "5,630", "Working Capital": "5,421", "Invested Capital": "5,684", "Tangible Book Value": "5,630", "Total Debt": "-", "Net Debt": "-", "Share Issued": "7,066", "Ordinary Shares Number": "7,034", "Treasury Shares Number": "31.768"}, "6/30/2012": {"Duration": "6/30/2012", "Total Assets": "10,873", "Total Liabilities Net Minority Interest": "2,576", "Total Equity Gross Minority Interest": "8,297", "Total Capitalization": "8,297", "Common Stock Equity": "8,297", "Capital Lease Obligations": "-", "Net Tangible Assets": "8,231", "Working Capital": "7,980", "Invested Capital": "8,297", "Tangible Book Value": "8,231", "Total Debt": "-", "Net Debt": "-", "Share Issued": "7,066", "Ordinary Shares Number": "7,034", "Treasury Shares Number": "31.768"}, "6/30/2011": {"Duration": "6/30/2011", "Total Assets": "10,996", "Total Liabilities Net Minority Interest": "2,859", "Total Equity Gross Minority Interest": "8,137", "Total Capitalization": "8,137", "Common Stock Equity": "8,137", "Capital Lease Obligations": "-", "Net Tangible Assets": "8,057", "Working Capital": "7,819", "Invested Capital": "8,137", "Tangible Book Value": "8,057", "Total Debt": "-", "Net Debt": "-", "Share Issued": "7,066", "Ordinary Shares Number": "7,034", "Treasury Shares Number": "31.768"}, "6/30/2010": {"Duration": "6/30/2010", "Total Assets": "9,731", "Total Liabilities Net Minority Interest": "2,198", "Total Equity Gross Minority Interest": "7,533", "Total Capitalization": "7,533", "Common Stock Equity": "7,533", "Capital Lease Obligations": "-", "Net Tangible Assets": "7,439", "Working Capital": "7,154", "Invested Capital": "7,533", "Tangible Book Value": "7,439", "Total Debt": "-", "Net Debt": "-", "Share Issued": "7,066", "Ordinary Shares Number": "7,034", "Treasury Shares Number": "31.768"}, "6/30/2009": {"Duration": "6/30/2009", "Total Assets": "10,187", "Total Liabilities Net Minority Interest": "3,068", "Total Equity Gross Minority Interest": "7,119", "Total Capitalization": "7,119", "Common Stock Equity": "7,119", "Capital Lease Obligations": "-", "Net Tangible Assets": "7,006", "Working Capital": "6,732", "Invested Capital": "7,119", "Tangible Book Value": "7,006", "Total Debt": "-", "Net Debt": "-", "Share Issued": "7,066", "Ordinary Shares Number": "7,034", "Treasury Shares Number": "31.768"}, "6/30/2008": {"Duration": "6/30/2008", "Total Assets": "11,167", "Total Liabilities Net Minority Interest": "4,575", "Total Equity Gross Minority Interest": "6,592", "Total Capitalization": "6,592", "Common Stock Equity": "6,592", "Capital Lease Obligations": "-", "Net Tangible Assets": "6,409", "Working Capital": "6,131", "Invested Capital": "6,592", "Tangible Book Value": "6,409", "Total Debt": "-", "Net Debt": "-", "Share Issued": "7,066", "Ordinary Shares Number": "7,034", "Treasury Shares Number": "31.625"}, "6/30/2007": {"Duration": "6/30/2007", "Total Assets": "9,444", "Total Liabilities Net Minority Interest": "3,171", "Total Equity Gross Minority Interest": "6,272", "Total Capitalization": "6,272", "Common Stock Equity": "6,272", "Capital Lease Obligations": "-", "Net Tangible Assets": "6,025", "Working Capital": "5,754", "Invested Capital": "6,272", "Tangible Book Value": "6,025", "Total Debt": "-", "Net Debt": "-", "Share Issued": "7,034", "Ordinary Shares Number": "7,034", "Treasury Shares Number": "-"}, "6/30/2006": {"Duration": "6/30/2006", "Total Assets": "8,794", "Total Liabilities Net Minority Interest": "2,840", "Total Equity Gross Minority Interest": "5,954", "Total Capitalization": "5,954", "Common Stock Equity": "5,954", "Capital Lease Obligations": "-", "Net Tangible Assets": "5,646", "Working Capital": "5,387", "Invested Capital": "5,954", "Tangible Book Value": "5,646", "Total Debt": "-", "Net Debt": "-", "Share Issued": "7,034", "Ordinary Shares Number": "7,034", "Treasury Shares Number": "-"}, "6/30/2005": {"Duration": "6/30/2005", "Total Assets": "7,541", "Total Liabilities Net Minority Interest": "1,842", "Total Equity Gross Minority Interest": "5,699", "Total Capitalization": "5,699", "Common Stock Equity": "5,699", "Capital Lease Obligations": "-", "Net Tangible Assets": "5,325", "Working Capital": "5,085", "Invested Capital": "5,699", "Tangible Book Value": "5,325", "Total Debt": "-", "Net Debt": "-", "Share Issued": "7,056", "Ordinary Shares Number": "7,056", "Treasury Shares Number": "-"}, "6/30/2004": {"Duration": "6/30/2004", "Total Assets": "7,424", "Total Liabilities Net Minority Interest": "1,780", "Total Equity Gross Minority Interest": "5,644", "Total Capitalization": "5,644", "Common Stock Equity": "5,644", "Capital Lease Obligations": "-", "Net Tangible Assets": "5,258", "Working Capital": "4,936", "Invested Capital": "5,644", "Tangible Book Value": "5,258", "Total Debt": "-", "Net Debt": "-", "Share Issued": "7,028", "Ordinary Shares Number": "7,028", "Treasury Shares Number": "-"}, "6/30/2003": {"Duration": "6/30/2003", "Total Assets": "6,956", "Total Liabilities Net Minority Interest": "1,515", "Total Equity Gross Minority Interest": "5,441", "Total Capitalization": "5,441", "Common Stock Equity": "5,441", "Capital Lease Obligations": "-", "Net Tangible Assets": "5,031", "Working Capital": "4,557", "Invested Capital": "5,441", "Tangible Book Value": "5,031", "Total Debt": "-", "Net Debt": "-", "Share Issued": "6,996", "Ordinary Shares Number": "6,996", "Treasury Shares Number": "-"}, "6/30/2002": {"Duration": "6/30/2002", "Total Assets": "7,913", "Total Liabilities Net Minority Interest": "3,076", "Total Equity Gross Minority Interest": "4,837", "Total Capitalization": "5,317", "Common Stock Equity": "4,837", "Capital Lease Obligations": "-", "Net Tangible Assets": "4,382", "Working Capital": "4,563", "Invested Capital": "5,637", "Tangible Book Value": "4,382", "Total Debt": "800", "Net Debt": "-", "Share Issued": "7,028", "Ordinary Shares Number": "7,028", "Treasury Shares Number": "-"}, "6/30/2001": {"Duration": "6/30/2001", "Total Assets": "8,328", "Total Liabilities Net Minority Interest": "3,208", "Total Equity Gross Minority Interest": "5,120", "Total Capitalization": "5,120", "Common Stock Equity": "5,120", "Capital Lease Obligations": "-", "Net Tangible Assets": "4,568", "Working Capital": "4,221", "Invested Capital": "6,280", "Tangible Book Value": "4,568", "Total Debt": "1,160", "Net Debt": "784.088", "Share Issued": "7,028", "Ordinary Shares Number": "7,028", "Treasury Shares Number": "-"}, "6/30/2000": {"Duration": "6/30/2000", "Total Assets": "8,584", "Total Liabilities Net Minority Interest": "3,598", "Total Equity Gross Minority Interest": "4,986", "Total Capitalization": "6,146", "Common Stock Equity": "4,986", "Capital Lease Obligations": "-", "Net Tangible Assets": "4,364", "Working Capital": "5,136", "Invested Capital": "6,626", "Tangible Book Value": "4,364", "Total Debt": "1,640", "Net Debt": "657.412", "Share Issued": "6,990", "Ordinary Shares Number": "6,990", "Treasury Shares Number": "-"}, "6/30/1999": {"Duration": "6/30/1999", "Total Assets": "7,700", "Total Liabilities Net Minority Interest": "3,700", "Total Equity Gross Minority Interest": "4,000", "Total Capitalization": "5,700", "Common Stock Equity": "4,000", "Capital Lease Obligations": "-", "Net Tangible Assets": "4,000", "Working Capital": "5,200", "Invested Capital": "6,100", "Tangible Book Value": "4,000", "Total Debt": "2,100", "Net Debt": "1,100", "Share Issued": "6,925", "Ordinary Shares Number": "6,925", "Treasury Shares Number": "-"}, "6/30/1998": {"Duration": "6/30/1998", "Total Assets": "3,532", "Total Liabilities Net Minority Interest": "718.26", "Total Equity Gross Minority Interest": "2,814", "Total Capitalization": "2,814", "Common Stock Equity": "2,814", "Capital Lease Obligations": "-", "Net Tangible Assets": "2,050", "Working Capital": "1,761", "Invested Capital": "2,814", "Tangible Book Value": "2,050", "Total Debt": "-", "Net Debt": "-", "Share Issued": "2,054", "Ordinary Shares Number": "2,054", "Treasury Shares Number": "-"}, "6/30/1997": {"Duration": "6/30/1997", "Total Assets": "3,555", "Total Liabilities Net Minority Interest": "391.051", "Total Equity Gross Minority Interest": "3,164", "Total Capitalization": "3,164", "Common Stock Equity": "3,164", "Capital Lease Obligations": "-", "Net Tangible Assets": "2,370", "Working Capital": "2,252", "Invested Capital": "3,164", "Tangible Book Value": "2,370", "Total Debt": "-", "Net Debt": "-", "Share Issued": "2,054", "Ordinary Shares Number": "2,054", "Treasury Shares Number": "-"}, "6/30/1996": {"Duration": "6/30/1996", "Total Assets": "3,522", "Total Liabilities Net Minority Interest": "417.038", "Total Equity Gross Minority Interest": "3,105", "Total Capitalization": "3,105", "Common Stock Equity": "3,105", "Capital Lease Obligations": "-", "Net Tangible Assets": "2,282", "Working Capital": "2,184", "Invested Capital": "3,105", "Tangible Book Value": "2,282", "Total Debt": "-", "Net Debt": "-", "Share Issued": "2,004", "Ordinary Shares Number": "2,004", "Treasury Shares Number": "-"}, "6/30/1995": {"Duration": "6/30/1995", "Total Assets": "3,400", "Total Liabilities Net Minority Interest": "400", "Total Equity Gross Minority Interest": "3,000", "Total Capitalization": "3,000", "Common Stock Equity": "3,000", "Capital Lease Obligations": "-", "Net Tangible Assets": "2,100", "Working Capital": "2,000", "Invested Capital": "3,000", "Tangible Book Value": "2,100", "Total Debt": "-", "Net Debt": "-", "Share Issued": "2,004", "Ordinary Shares Number": "2,004", "Treasury Shares Number": "-"}, "6/30/1994": {"Duration": "6/30/1994", "Total Assets": "3,300", "Total Liabilities Net Minority Interest": "400", "Total Equity Gross Minority Interest": "2,900", "Total Capitalization": "2,900", "Common Stock Equity": "2,900", "Capital Lease Obligations": "-", "Net Tangible Assets": "2,000", "Working Capital": "1,900", "Invested Capital": "2,900", "Tangible Book Value": "2,000", "Total Debt": "-", "Net Debt": "-", "Share Issued": "2,004", "Ordinary Shares Number": "2,004", "Treasury Shares Number": "-"}, "6/30/1993": {"Duration": "6/30/1993", "Total Assets": "4,100", "Total Liabilities Net Minority Interest": "1,300", "Total Equity Gross Minority Interest": "2,800", "Total Capitalization": "2,800", "Common Stock Equity": "2,800", "Capital Lease Obligations": "-", "Net Tangible Assets": "1,900", "Working Capital": "1,800", "Invested Capital": "3,300", "Tangible Book Value": "1,900", "Total Debt": "500", "Net Debt": "-", "Share Issued": "2,004", "Ordinary Shares Number": "2,004", "Treasury Shares Number": "-"}, "6/30/1992": {"Duration": "6/30/1992", "Total Assets": "3,700", "Total Liabilities Net Minority Interest": "1,300", "Total Equity Gross Minority Interest": "2,400", "Total Capitalization": "3,000", "Common Stock Equity": "2,400", "Capital Lease Obligations": "-", "Net Tangible Assets": "1,500", "Working Capital": "1,900", "Invested Capital": "3,300", "Tangible Book Value": "1,500", "Total Debt": "900", "Net Debt": "600", "Share Issued": "2,004", "Ordinary Shares Number": "2,004", "Treasury Shares Number": "-"}, "6/30/1991": {"Duration": "6/30/1991", "Total Assets": "4,000", "Total Liabilities Net Minority Interest": "1,300", "Total Equity Gross Minority Interest": "2,700", "Total Capitalization": "3,400", "Common Stock Equity": "2,700", "Capital Lease Obligations": "-", "Net Tangible Assets": "1,700", "Working Capital": "2,100", "Invested Capital": "3,600", "Tangible Book Value": "1,700", "Total Debt": "900", "Net Debt": "400", "Share Issued": "2,004", "Ordinary Shares Number": "2,004", "Treasury Shares Number": "-"}, "6/30/1990": {"Duration": "6/30/1990", "Total Assets": "4,400", "Total Liabilities Net Minority Interest": "2,000", "Total Equity Gross Minority Interest": "2,400", "Total Capitalization": "3,100", "Common Stock Equity": "2,400", "Capital Lease Obligations": "-", "Net Tangible Assets": "1,400", "Working Capital": "2,100", "Invested Capital": "3,500", "Tangible Book Value": "1,400", "Total Debt": "1,100", "Net Debt": "900", "Share Issued": "2,004", "Ordinary Shares Number": "2,004", "Treasury Shares Number": "-"}, "6/30/1989": {"Duration": "6/30/1989", "Total Assets": "5,000", "Total Liabilities Net Minority Interest": "2,400", "Total Equity Gross Minority Interest": "2,600", "Total Capitalization": "3,700", "Common Stock Equity": "2,600", "Capital Lease Obligations": "-", "Net Tangible Assets": "1,600", "Working Capital": "2,400", "Invested Capital": "4,100", "Tangible Book Value": "1,600", "Total Debt": "1,500", "Net Debt": "1,300", "Share Issued": "2,004", "Ordinary Shares Number": "2,004", "Treasury Shares Number": "-"}, "6/30/1988": {"Duration": "6/30/1988", "Total Assets": "5,300", "Total Liabilities Net Minority Interest": "2,800", "Total Equity Gross Minority Interest": "2,500", "Total Capitalization": "4,000", "Common Stock Equity": "2,500", "Capital Lease Obligations": "-", "Net Tangible Assets": "1,400", "Working Capital": "2,600", "Invested Capital": "4,400", "Tangible Book Value": "1,400", "Total Debt": "1,900", "Net Debt": "1,500", "Share Issued": "2,004", "Ordinary Shares Number": "2,004", "Treasury Shares Number": "-"}, "6/30/1987": {"Duration": "6/30/1987", "Total Assets": "6,300", "Total Liabilities Net Minority Interest": "3,900", "Total Equity Gross Minority Interest": "2,400", "Total Capitalization": "4,800", "Common Stock Equity": "2,400", "Capital Lease Obligations": "-", "Net Tangible Assets": "1,300", "Working Capital": "2,700", "Invested Capital": "5,100", "Tangible Book Value": "1,300", "Total Debt": "2,700", "Net Debt": "2,200", "Share Issued": "2,004", "Ordinary Shares Number": "2,004", "Treasury Shares Number": "-"}, "6/30/1986": {"Duration": "6/30/1986", "Total Assets": "5,100", "Total Liabilities Net Minority Interest": "2,500", "Total Equity Gross Minority Interest": "2,600", "Total Capitalization": "4,400", "Common Stock Equity": "2,600", "Capital Lease Obligations": "-", "Net Tangible Assets": "1,400", "Working Capital": "2,400", "Invested Capital": "4,600", "Tangible Book Value": "1,400", "Total Debt": "2,000", "Net Debt": "1,300", "Share Issued": "2,004", "Ordinary Shares Number": "2,004", "Treasury Shares Number": "-"}}, "cf": {"TTM": {"Duration": "TTM", "Operating Cash Flow": "14,229", "Investing Cash Flow": "-7,387", "Financing Cash Flow": "-7,840", "End Cash Position": "2,919", "Income Tax Paid Supplemental Data": "647", "Interest Paid Supplemental Data": "648", "Capital Expenditure": "-2,524", "Issuance of Capital Stock": "-", "Issuance of Debt": "54,392", "Repayment of Debt": "-61,500", "Repurchase of Capital Stock": "-777", "Free Cash Flow": "11,705"}, "6/30/2020": {"Duration": "6/30/2020", "Operating Cash Flow": "23,066", "Investing Cash Flow": "-4,754", "Financing Cash Flow": "-13,561", "End Cash Position": "9,789", "Income Tax Paid Supplemental Data": "345", "Interest Paid Supplemental Data": "1,475", "Capital Expenditure": "-3,375", "Issuance of Capital Stock": "-", "Issuance of Debt": "24,892", "Repayment of Debt": "-37,930", "Repurchase of Capital Stock": "-573", "Free Cash Flow": "19,691"}, "6/30/2019": {"Duration": "6/30/2019", "Operating Cash Flow": "-8,725", "Investing Cash Flow": "-15,521", "Financing Cash Flow": "27,954", "End Cash Position": "5,038", "Income Tax Paid Supplemental Data": "1,737", "Interest Paid Supplemental Data": "1,231", "Capital Expenditure": "-2,979", "Issuance of Capital Stock": "45", "Issuance of Debt": "112,963", "Repayment of Debt": "-82,435", "Repurchase of Capital Stock": "-728", "Free Cash Flow": "-11,704"}, "6/30/2018": {"Duration": "6/30/2018", "Operating Cash Flow": "11,345", "Investing Cash Flow": "-14,181", "Financing Cash Flow": "3,439", "End Cash Position": "1,330", "Income Tax Paid Supplemental Data": "1,223", "Interest Paid Supplemental Data": "499", "Capital Expenditure": "-829", "Issuance of Capital Stock": "0", "Issuance of Debt": "71,628", "Repayment of Debt": "-66,079", "Repurchase of Capital Stock": "-707", "Free Cash Flow": "10,516"}, "6/30/2017": {"Duration": "6/30/2017", "Operating Cash Flow": "2,590", "Investing Cash Flow": "-14,945", "Financing Cash Flow": "9,140", "End Cash Position": "727", "Income Tax Paid Supplemental Data": "1,843", "Interest Paid Supplemental Data": "152", "Capital Expenditure": "-237", "Issuance of Capital Stock": "6,000", "Issuance of Debt": "25,934", "Repayment of Debt": "-21,666", "Repurchase of Capital Stock": "-", "Free Cash Flow": "2,353"}, "6/30/2016": {"Duration": "6/30/2016", "Operating Cash Flow": "1,441", "Investing Cash Flow": "-1.563", "Financing Cash Flow": "-1,407", "End Cash Position": "3,942", "Income Tax Paid Supplemental Data": "913", "Interest Paid Supplemental Data": "-", "Capital Expenditure": "-1.563", "Issuance of Capital Stock": "-", "Issuance of Debt": "-", "Repayment of Debt": "-", "Repurchase of Capital Stock": "-", "Free Cash Flow": "1,440"}, "6/30/2015": {"Duration": "6/30/2015", "Operating Cash Flow": "-3,851", "Investing Cash Flow": "-58.021", "Financing Cash Flow": "-1,407", "End Cash Position": "3,909", "Income Tax Paid Supplemental Data": "1,164", "Interest Paid Supplemental Data": "-", "Capital Expenditure": "-58.021", "Issuance of Capital Stock": "-", "Issuance of Debt": "-", "Repayment of Debt": "-", "Repurchase of Capital Stock": "-", "Free Cash Flow": "-3,909"}, "6/30/2014": {"Duration": "6/30/2014", "Operating Cash Flow": "6,159", "Investing Cash Flow": "-65.11", "Financing Cash Flow": "-2,813", "End Cash Position": "9,224", "Income Tax Paid Supplemental Data": "1,124", "Interest Paid Supplemental Data": "-", "Capital Expenditure": "-65.11", "Issuance of Capital Stock": "-", "Issuance of Debt": "-", "Repayment of Debt": "-", "Repurchase of Capital Stock": "-", "Free Cash Flow": "6,094"}, "6/30/2013": {"Duration": "6/30/2013", "Operating Cash Flow": "3,660", "Investing Cash Flow": "-23.54", "Financing Cash Flow": "-4,220", "End Cash Position": "5,944", "Income Tax Paid Supplemental Data": "766", "Interest Paid Supplemental Data": "-", "Capital Expenditure": "-23.54", "Issuance of Capital Stock": "-", "Issuance of Debt": "-", "Repayment of Debt": "-", "Repurchase of Capital Stock": "-", "Free Cash Flow": "3,637"}, "6/30/2012": {"Duration": "6/30/2012", "Operating Cash Flow": "38.053", "Investing Cash Flow": "-65.446", "Financing Cash Flow": "-351.687", "End Cash Position": "6,528", "Income Tax Paid Supplemental Data": "357", "Interest Paid Supplemental Data": "-", "Capital Expenditure": "-65.446", "Issuance of Capital Stock": "-", "Issuance of Debt": "-", "Repayment of Debt": "-", "Repurchase of Capital Stock": "-", "Free Cash Flow": "-27.393"}, "6/30/2011": {"Duration": "6/30/2011", "Operating Cash Flow": "868.997", "Investing Cash Flow": "-23.355", "Financing Cash Flow": "-", "End Cash Position": "6,907", "Income Tax Paid Supplemental Data": "293.5", "Interest Paid Supplemental Data": "-", "Capital Expenditure": "-23.355", "Issuance of Capital Stock": "-", "Issuance of Debt": "-", "Repayment of Debt": "-", "Repurchase of Capital Stock": "-", "Free Cash Flow": "845.642"}, "6/30/2010": {"Duration": "6/30/2010", "Operating Cash Flow": "617.994", "Investing Cash Flow": "-17.57", "Financing Cash Flow": "0", "End Cash Position": "6,061", "Income Tax Paid Supplemental Data": "160", "Interest Paid Supplemental Data": "-", "Capital Expenditure": "-17.57", "Issuance of Capital Stock": "-", "Issuance of Debt": "-", "Repayment of Debt": "-", "Repurchase of Capital Stock": "0", "Free Cash Flow": "600.424"}, "6/30/2009": {"Duration": "6/30/2009", "Operating Cash Flow": "1,597", "Investing Cash Flow": "-25.715", "Financing Cash Flow": "-0.115", "End Cash Position": "5,461", "Income Tax Paid Supplemental Data": "470.5", "Interest Paid Supplemental Data": "-", "Capital Expenditure": "-25.715", "Issuance of Capital Stock": "-", "Issuance of Debt": "-", "Repayment of Debt": "-", "Repurchase of Capital Stock": "-0.115", "Free Cash Flow": "1,571"}, "6/30/2008": {"Duration": "6/30/2008", "Operating Cash Flow": "-72.539", "Investing Cash Flow": "-52.258", "Financing Cash Flow": "-281.882", "End Cash Position": "3,890", "Income Tax Paid Supplemental Data": "-", "Interest Paid Supplemental Data": "-", "Capital Expenditure": "-52.258", "Issuance of Capital Stock": "-", "Issuance of Debt": "-", "Repayment of Debt": "-", "Repurchase of Capital Stock": "-0.51", "Free Cash Flow": "-124.797"}, "6/30/2007": {"Duration": "6/30/2007", "Operating Cash Flow": "1,848", "Investing Cash Flow": "-95.046", "Financing Cash Flow": "-563.043", "End Cash Position": "4,296", "Income Tax Paid Supplemental Data": "-", "Interest Paid Supplemental Data": "-", "Capital Expenditure": "-95.046", "Issuance of Capital Stock": "-", "Issuance of Debt": "-", "Repayment of Debt": "-", "Repurchase of Capital Stock": "-0.293", "Free Cash Flow": "1,753"}, "6/30/2006": {"Duration": "6/30/2006", "Operating Cash Flow": "2,082", "Investing Cash Flow": "-4.582", "Financing Cash Flow": "-553.293", "End Cash Position": "3,107", "Income Tax Paid Supplemental Data": "-", "Interest Paid Supplemental Data": "-", "Capital Expenditure": "-72.439", "Issuance of Capital Stock": "9.063", "Issuance of Debt": "-", "Repayment of Debt": "-", "Repurchase of Capital Stock": "-", "Free Cash Flow": "2,010"}, "6/30/2005": {"Duration": "6/30/2005", "Operating Cash Flow": "460.462", "Investing Cash Flow": "36.727", "Financing Cash Flow": "-657.324", "End Cash Position": "1,582", "Income Tax Paid Supplemental Data": "-", "Interest Paid Supplemental Data": "-", "Capital Expenditure": "-88.461", "Issuance of Capital Stock": "10", "Issuance of Debt": "-", "Repayment of Debt": "-", "Repurchase of Capital Stock": "-", "Free Cash Flow": "372.001"}, "6/30/2004": {"Duration": "6/30/2004", "Operating Cash Flow": "391.611", "Investing Cash Flow": "69.221", "Financing Cash Flow": "-332.722", "End Cash Position": "1,742", "Income Tax Paid Supplemental Data": "-", "Interest Paid Supplemental Data": "-", "Capital Expenditure": "-40.905", "Issuance of Capital Stock": "18", "Issuance of Debt": "-", "Repayment of Debt": "-", "Repurchase of Capital Stock": "-", "Free Cash Flow": "350.706"}, "6/30/2003": {"Duration": "6/30/2003", "Operating Cash Flow": "787.62", "Investing Cash Flow": "362.164", "Financing Cash Flow": "-800", "End Cash Position": "1,614", "Income Tax Paid Supplemental Data": "-", "Interest Paid Supplemental Data": "-", "Capital Expenditure": "-15.634", "Issuance of Capital Stock": "-", "Issuance of Debt": "-", "Repayment of Debt": "-", "Repurchase of Capital Stock": "-", "Free Cash Flow": "771.986"}, "6/30/2002": {"Duration": "6/30/2002", "Operating Cash Flow": "1,252", "Investing Cash Flow": "-0.243", "Financing Cash Flow": "-363.02", "End Cash Position": "1,264", "Income Tax Paid Supplemental Data": "-", "Interest Paid Supplemental Data": "-", "Capital Expenditure": "-97.969", "Issuance of Capital Stock": "-", "Issuance of Debt": "-", "Repayment of Debt": "-", "Repurchase of Capital Stock": "-3.02", "Free Cash Flow": "1,154"}, "6/30/2001": {"Duration": "6/30/2001", "Operating Cash Flow": "4.209", "Investing Cash Flow": "-142.135", "Financing Cash Flow": "-468.75", "End Cash Position": "375.912", "Income Tax Paid Supplemental Data": "-", "Interest Paid Supplemental Data": "-", "Capital Expenditure": "-128.762", "Issuance of Capital Stock": "11.25", "Issuance of Debt": "-", "Repayment of Debt": "-", "Repurchase of Capital Stock": "-", "Free Cash Flow": "-124.553"}, "6/30/2000": {"Duration": "6/30/2000", "Operating Cash Flow": "1,200", "Investing Cash Flow": "-767.612", "Financing Cash Flow": "-415", "End Cash Position": "982.588", "Income Tax Paid Supplemental Data": "-", "Interest Paid Supplemental Data": "-", "Capital Expenditure": "-137.612", "Issuance of Capital Stock": "65", "Issuance of Debt": "-", "Repayment of Debt": "-", "Repurchase of Capital Stock": "-", "Free Cash Flow": "1,063"}, "6/30/1999": {"Duration": "6/30/1999", "Operating Cash Flow": "200", "Investing Cash Flow": "200", "Financing Cash Flow": "-200", "End Cash Position": "1,000", "Income Tax Paid Supplemental Data": "-", "Interest Paid Supplemental Data": "-", "Capital Expenditure": "-100", "Issuance of Capital Stock": "100", "Issuance of Debt": "-", "Repayment of Debt": "-", "Repurchase of Capital Stock": "-", "Free Cash Flow": "100"}, "6/30/1998": {"Duration": "6/30/1998", "Operating Cash Flow": "56.986", "Investing Cash Flow": "-80.093", "Financing Cash Flow": "0", "End Cash Position": "475.508", "Income Tax Paid Supplemental Data": "-", "Interest Paid Supplemental Data": "-", "Capital Expenditure": "-80.093", "Issuance of Capital Stock": "0", "Issuance of Debt": "-", "Repayment of Debt": "-", "Repurchase of Capital Stock": "-", "Free Cash Flow": "-23.107"}, "6/30/1997": {"Duration": "6/30/1997", "Operating Cash Flow": "101.033", "Investing Cash Flow": "-60.842", "Financing Cash Flow": "46.5", "End Cash Position": "498.615", "Income Tax Paid Supplemental Data": "-", "Interest Paid Supplemental Data": "-", "Capital Expenditure": "-60.842", "Issuance of Capital Stock": "46.5", "Issuance of Debt": "-", "Repayment of Debt": "-", "Repurchase of Capital Stock": "-", "Free Cash Flow": "40.191"}, "6/30/1996": {"Duration": "6/30/1996", "Operating Cash Flow": "166.855", "Investing Cash Flow": "-52.088", "Financing Cash Flow": "0", "End Cash Position": "411.924", "Income Tax Paid Supplemental Data": "-", "Interest Paid Supplemental Data": "-", "Capital Expenditure": "-52.088", "Issuance of Capital Stock": "-", "Issuance of Debt": "-", "Repayment of Debt": "0", "Repurchase of Capital Stock": "-", "Free Cash Flow": "114.767"}, "6/30/1995": {"Duration": "6/30/1995", "Operating Cash Flow": "200", "Investing Cash Flow": "-", "Financing Cash Flow": "-", "End Cash Position": "-", "Income Tax Paid Supplemental Data": "-", "Interest Paid Supplemental Data": "-", "Capital Expenditure": "-", "Issuance of Capital Stock": "-", "Issuance of Debt": "-", "Repayment of Debt": "-", "Repurchase of Capital Stock": "-", "Free Cash Flow": "200"}, "6/30/1994": {"Duration": "6/30/1994", "Operating Cash Flow": "200", "Investing Cash Flow": "-", "Financing Cash Flow": "-500", "End Cash Position": "-", "Income Tax Paid Supplemental Data": "-", "Interest Paid Supplemental Data": "-", "Capital Expenditure": "-", "Issuance of Capital Stock": "-", "Issuance of Debt": "-", "Repayment of Debt": "-", "Repurchase of Capital Stock": "-", "Free Cash Flow": "200"}, "6/30/1993": {"Duration": "6/30/1993", "Operating Cash Flow": "500", "Investing Cash Flow": "-", "Financing Cash Flow": "-300", "End Cash Position": "-", "Income Tax Paid Supplemental Data": "-", "Interest Paid Supplemental Data": "-", "Capital Expenditure": "-", "Issuance of Capital Stock": "-", "Issuance of Debt": "-", "Repayment of Debt": "-", "Repurchase of Capital Stock": "-", "Free Cash Flow": "500"}, "6/30/1992": {"Duration": "6/30/1992", "Operating Cash Flow": "100", "Investing Cash Flow": "-", "Financing Cash Flow": "-300", "End Cash Position": "-", "Income Tax Paid Supplemental Data": "-", "Interest Paid Supplemental Data": "-", "Capital Expenditure": "-", "Issuance of Capital Stock": "-", "Issuance of Debt": "-", "Repayment of Debt": "-", "Repurchase of Capital Stock": "-", "Free Cash Flow": "100"}, "6/30/1991": {"Duration": "6/30/1991", "Operating Cash Flow": "600", "Investing Cash Flow": "-", "Financing Cash Flow": "-200", "End Cash Position": "-", "Income Tax Paid Supplemental Data": "-", "Interest Paid Supplemental Data": "-", "Capital Expenditure": "-", "Issuance of Capital Stock": "-", "Issuance of Debt": "-", "Repayment of Debt": "-", "Repurchase of Capital Stock": "-", "Free Cash Flow": "600"}}, "ks": {"Current": {"Duration": "Current", "Market Cap (intraday) 5": "359.90M", "Enterprise Value 3": "387.79M", "Trailing P/E ": "244.67", "Forward P/E 1": "N/A", "PEG Ratio (5 yr expected) 1": "N/A", "Price/Sales (ttm)": "1.57", "Price/Book (mrq)": "3.62", "Enterprise Value/Revenue 3": "1.67", "Enterprise Value/EBITDA 7": "53.61"}, "3/31/2021": {"Duration": "3/31/2021", "Market Cap (intraday) 5": "352.67M", "Enterprise Value 3": "378.51M", "Trailing P/E ": "479.50", "Forward P/E 1": "N/A", "PEG Ratio (5 yr expected) 1": "N/A", "Price/Sales (ttm)": "1.55", "Price/Book (mrq)": "3.59", "Enterprise Value/Revenue 3": "6.06", "Enterprise Value/EBITDA 7": "163.08"}, "12/31/2020": {"Duration": "12/31/2020", "Market Cap (intraday) 5": "366.07M", "Enterprise Value 3": "388.27M", "Trailing P/E ": "598.40", "Forward P/E 1": "N/A", "PEG Ratio (5 yr expected) 1": "N/A", "Price/Sales (ttm)": "1.53", "Price/Book (mrq)": "4.12", "Enterprise Value/Revenue 3": "6.79", "Enterprise Value/EBITDA 7": "230.57"}, "9/30/2020": {"Duration": "9/30/2020", "Market Cap (intraday) 5": "317.58M", "Enterprise Value 3": "340.83M", "Trailing P/E ": "443.50", "Forward P/E 1": "N/A", "PEG Ratio (5 yr expected) 1": "N/A", "Price/Sales (ttm)": "1.37", "Price/Book (mrq)": "3.62", "Enterprise Value/Revenue 3": "5.89", "Enterprise Value/EBITDA 7": "181.19"}, "6/30/2020": {"Duration": "6/30/2020", "Market Cap (intraday) 5": "259.10M", "Enterprise Value 3": "290.79M", "Trailing P/E ": "144.63", "Forward P/E 1": "N/A", "PEG Ratio (5 yr expected) 1": "N/A", "Price/Sales (ttm)": "1.05", "Price/Book (mrq)": "2.96", "Enterprise Value/Revenue 3": "5.34", "Enterprise Value/EBITDA 7": "215.88"}, "3/31/2020": {"Duration": "3/31/2020", "Market Cap (intraday) 5": "188.01M", "Enterprise Value 3": "222.63M", "Trailing P/E ": "85.97", "Forward P/E 1": "N/A", "PEG Ratio (5 yr expected) 1": "N/A", "Price/Sales (ttm)": "0.76", "Price/Book (mrq)": "2.23", "Enterprise Value/Revenue 3": "3.77", "Enterprise Value/EBITDA 7": "169.56"}, "12/31/2019": {"Duration": "12/31/2019", "Market Cap (intraday) 5": "319.36M", "Enterprise Value 3": "360.59M", "Trailing P/E ": "102.01", "Forward P/E 1": "N/A", "PEG Ratio (5 yr expected) 1": "N/A", "Price/Sales (ttm)": "1.32", "Price/Book (mrq)": "3.81", "Enterprise Value/Revenue 3": "5.41", "Enterprise Value/EBITDA 7": "209.16"}, "9/30/2019": {"Duration": "9/30/2019", "Market Cap (intraday) 5": "376.33M", "Enterprise Value 3": "411.85M", "Trailing P/E ": "110.07", "Forward P/E 1": "N/A", "PEG Ratio (5 yr expected) 1": "N/A", "Price/Sales (ttm)": "1.68", "Price/Book (mrq)": "4.62", "Enterprise Value/Revenue 3": "7.40", "Enterprise Value/EBITDA 7": "196.87"}, "6/30/2019": {"Duration": "6/30/2019", "Market Cap (intraday) 5": "449.15M", "Enterprise Value 3": "483.97M", "Trailing P/E ": "145.77", "Forward P/E 1": "N/A", "PEG Ratio (5 yr expected) 1": "N/A", "Price/Sales (ttm)": "2.17", "Price/Book (mrq)": "5.61", "Enterprise Value/Revenue 3": "7.46", "Enterprise Value/EBITDA 7": "150.63"}, "3/31/2019": {"Duration": "3/31/2019", "Market Cap (intraday) 5": "438.25M", "Enterprise Value 3": "465.62M", "Trailing P/E ": "120.18", "Forward P/E 1": "N/A", "PEG Ratio (5 yr expected) 1": "N/A", "Price/Sales (ttm)": "2.28", "Price/Book (mrq)": "6.16", "Enterprise Value/Revenue 3": "7.85", "Enterprise Value/EBITDA 7": "266.68"}, "12/31/2018": {"Duration": "12/31/2018", "Market Cap (intraday) 5": "383.31M", "Enterprise Value 3": "402.80M", "Trailing P/E ": "97.09", "Forward P/E 1": "N/A", "PEG Ratio (5 yr expected) 1": "N/A", "Price/Sales (ttm)": "2.27", "Price/Book (mrq)": "5.59", "Enterprise Value/Revenue 3": "6.62", "Enterprise Value/EBITDA 7": "142.64"}, "9/30/2018": {"Duration": "9/30/2018", "Market Cap (intraday) 5": "435.73M", "Enterprise Value 3": "444.41M", "Trailing P/E ": "118.70", "Forward P/E 1": "N/A", "PEG Ratio (5 yr expected) 1": "N/A", "Price/Sales (ttm)": "2.90", "Price/Book (mrq)": "7.76", "Enterprise Value/Revenue 3": "10.25", "Enterprise Value/EBITDA 7": "226.17"}, "6/30/2018": {"Duration": "6/30/2018", "Market Cap (intraday) 5": "450.20M", "Enterprise Value 3": "470.87M", "Trailing P/E ": "127.25", "Forward P/E 1": "N/A", "PEG Ratio (5 yr expected) 1": "N/A", "Price/Sales (ttm)": "3.40", "Price/Book (mrq)": "8.01", "Enterprise Value/Revenue 3": "10.70", "Enterprise Value/EBITDA 7": "195.22"}, "3/31/2018": {"Duration": "3/31/2018", "Market Cap (intraday) 5": "437.80M", "Enterprise Value 3": "447.72M", "Trailing P/E ": "128.64", "Forward P/E 1": "N/A", "PEG Ratio (5 yr expected) 1": "N/A", "Price/Sales (ttm)": "3.74", "Price/Book (mrq)": "10.34", "Enterprise Value/Revenue 3": "10.25", "Enterprise Value/EBITDA 7": "189.47"}, "12/31/2017": {"Duration": "12/31/2017", "Market Cap (intraday) 5": "432.23M", "Enterprise Value 3": "436.69M", "Trailing P/E ": "143.68", "Forward P/E 1": "N/A", "PEG Ratio (5 yr expected) 1": "N/A", "Price/Sales (ttm)": "3.78", "Price/Book (mrq)": "13.06", "Enterprise Value/Revenue 3": "12.09", "Enterprise Value/EBITDA 7": "172.20"}, "9/30/2017": {"Duration": "9/30/2017", "Market Cap (intraday) 5": "289.43M", "Enterprise Value 3": "293.15M", "Trailing P/E ": "99.15", "Forward P/E 1": "N/A", "PEG Ratio (5 yr expected) 1": "N/A", "Price/Sales (ttm)": "3.08", "Price/Book (mrq)": "8.98", "Enterprise Value/Revenue 3": "11.16", "Enterprise Value/EBITDA 7": "243.89"}, "6/30/2017": {"Duration": "6/30/2017", "Market Cap (intraday) 5": "283.15M", "Enterprise Value 3": "284.16M", "Trailing P/E ": "93.67", "Forward P/E 1": "N/A", "PEG Ratio (5 yr expected) 1": "N/A", "Price/Sales (ttm)": "3.85", "Price/Book (mrq)": "9.81", "Enterprise Value/Revenue 3": "10.74", "Enterprise Value/EBITDA 7": "241.43"}, "3/31/2017": {"Duration": "3/31/2017", "Market Cap (intraday) 5": "205.02M", "Enterprise Value 3": "207.00M", "Trailing P/E ": "58.81", "Forward P/E 1": "N/A", "PEG Ratio (5 yr expected) 1": "N/A", "Price/Sales (ttm)": "3.19", "Price/Book (mrq)": "7.37", "Enterprise Value/Revenue 3": "8.40", "Enterprise Value/EBITDA 7": "118.28"}, "12/31/2016": {"Duration": "12/31/2016", "Market Cap (intraday) 5": "144.72M", "Enterprise Value 3": "143.26M", "Trailing P/E ": "52.71", "Forward P/E 1": "N/A", "PEG Ratio (5 yr expected) 1": "N/A", "Price/Sales (ttm)": "2.60", "Price/Book (mrq)": "28.74", "Enterprise Value/Revenue 3": "4.29", "Enterprise Value/EBITDA 7": "59.18"}, "9/30/2016": {"Duration": "9/30/2016", "Market Cap (intraday) 5": "57.25M", "Enterprise Value 3": "53.31M", "Trailing P/E ": "32.90", "Forward P/E 1": "N/A", "PEG Ratio (5 yr expected) 1": "N/A", "Price/Sales (ttm)": "1.59", "Price/Book (mrq)": "11.25", "Enterprise Value/Revenue 3": "5.63", "Enterprise Value/EBITDA 7": "92.11"}, "6/30/2016": {"Duration": "6/30/2016", "Market Cap (intraday) 5": "26.94M", "Enterprise Value 3": "23.98M", "Trailing P/E ": "16.82", "Forward P/E 1": "N/A", "PEG Ratio (5 yr expected) 1": "N/A", "Price/Sales (ttm)": "0.76", "Price/Book (mrq)": "5.78", "Enterprise Value/Revenue 3": "2.86", "Enterprise Value/EBITDA 7": "34.04"}, "3/31/2016": {"Duration": "3/31/2016", "Market Cap (intraday) 5": "22.86M", "Enterprise Value 3": "18.26M", "Trailing P/E ": "18.15", "Forward P/E 1": "N/A", "PEG Ratio (5 yr expected) 1": "N/A", "Price/Sales (ttm)": "0.77", "Price/Book (mrq)": "5.88", "Enterprise Value/Revenue 3": "1.43", "Enterprise Value/EBITDA 7": "14.55"}, "12/31/2015": {"Duration": "12/31/2015", "Market Cap (intraday) 5": "29.33M", "Enterprise Value 3": "21.02M", "Trailing P/E ": "21.49", "Forward P/E 1": "N/A", "PEG Ratio (5 yr expected) 1": "N/A", "Price/Sales (ttm)": "1.05", "Price/Book (mrq)": "5.97", "Enterprise Value/Revenue 3": "2.44", "Enterprise Value/EBITDA 7": "33.49"}, "9/30/2015": {"Duration": "9/30/2015", "Market Cap (intraday) 5": "28.06M", "Enterprise Value 3": "24.16M", "Trailing P/E ": "16.79", "Forward P/E 1": "N/A", "PEG Ratio (5 yr expected) 1": "N/A", "Price/Sales (ttm)": "0.91", "Price/Book (mrq)": "5.90", "Enterprise Value/Revenue 3": "3.87", "Enterprise Value/EBITDA 7": "91.15"}, "6/30/2015": {"Duration": "6/30/2015", "Market Cap (intraday) 5": "31.44M", "Enterprise Value 3": "27.37M", "Trailing P/E ": "17.63", "Forward P/E 1": "N/A", "PEG Ratio (5 yr expected) 1": "N/A", "Price/Sales (ttm)": "0.98", "Price/Book (mrq)": "7.04", "Enterprise Value/Revenue 3": "3.53", "Enterprise Value/EBITDA 7": "56.87"}, "3/31/2015": {"Duration": "3/31/2015", "Market Cap (intraday) 5": "20.96M", "Enterprise Value 3": "15.58M", "Trailing P/E ": "12.58", "Forward P/E 1": "N/A", "PEG Ratio (5 yr expected) 1": "N/A", "Price/Sales (ttm)": "0.67", "Price/Book (mrq)": "5.20", "Enterprise Value/Revenue 3": "2.23", "Enterprise Value/EBITDA 7": "22.05"}, "12/31/2014": {"Duration": "12/31/2014", "Market Cap (intraday) 5": "19.34M", "Enterprise Value 3": "14.84M", "Trailing P/E ": "11.65", "Forward P/E 1": "N/A", "PEG Ratio (5 yr expected) 1": "N/A", "Price/Sales (ttm)": "0.56", "Price/Book (mrq)": "3.90", "Enterprise Value/Revenue 3": "2.14", "Enterprise Value/EBITDA 7": "18.74"}, "9/30/2014": {"Duration": "9/30/2014", "Market Cap (intraday) 5": "17.94M", "Enterprise Value 3": "8.71M", "Trailing P/E ": "11.07", "Forward P/E 1": "N/A", "PEG Ratio (5 yr expected) 1": "N/A", "Price/Sales (ttm)": "0.53", "Price/Book (mrq)": "3.99", "Enterprise Value/Revenue 3": "0.96", "Enterprise Value/EBITDA 7": "11.50"}, "6/30/2014": {"Duration": "6/30/2014", "Market Cap (intraday) 5": "17.58M", "Enterprise Value 3": "12.65M", "Trailing P/E ": "7.65", "Forward P/E 1": "N/A", "PEG Ratio (5 yr expected) 1": "N/A", "Price/Sales (ttm)": "0.42", "Price/Book (mrq)": "4.30", "Enterprise Value/Revenue 3": "1.41", "Enterprise Value/EBITDA 7": "19.08"}, "3/31/2014": {"Duration": "3/31/2014", "Market Cap (intraday) 5": "23.70M", "Enterprise Value 3": "17.23M", "Trailing P/E ": "10.61", "Forward P/E 1": "N/A", "PEG Ratio (5 yr expected) 1": "N/A", "Price/Sales (ttm)": "0.57", "Price/Book (mrq)": "6.28", "Enterprise Value/Revenue 3": "2.63", "Enterprise Value/EBITDA 7": "33.20"}, "12/31/2013": {"Duration": "12/31/2013", "Market Cap (intraday) 5": "21.10M", "Enterprise Value 3": "12.74M", "Trailing P/E ": "11.23", "Forward P/E 1": "N/A", "PEG Ratio (5 yr expected) 1": "N/A", "Price/Sales (ttm)": "0.55", "Price/Book (mrq)": "3.45", "Enterprise Value/Revenue 3": "1.30", "Enterprise Value/EBITDA 7": "16.35"}, "9/30/2013": {"Duration": "9/30/2013", "Market Cap (intraday) 5": "13.99M", "Enterprise Value 3": "8.05M", "Trailing P/E ": "8.67", "Forward P/E 1": "N/A", "PEG Ratio (5 yr expected) 1": "N/A", "Price/Sales (ttm)": "0.38", "Price/Book (mrq)": "2.46", "Enterprise Value/Revenue 3": "0.95", "Enterprise Value/EBITDA 7": "11.54"}, "6/30/2013": {"Duration": "6/30/2013", "Market Cap (intraday) 5": "12.36M", "Enterprise Value 3": "6.13M", "Trailing P/E ": "17.74", "Forward P/E 1": "N/A", "PEG Ratio (5 yr expected) 1": "N/A", "Price/Sales (ttm)": "0.48", "Price/Book (mrq)": "2.69", "Enterprise Value/Revenue 3": "0.37", "Enterprise Value/EBITDA 7": "3.51"}, "3/31/2013": {"Duration": "3/31/2013", "Market Cap (intraday) 5": "11.11M", "Enterprise Value 3": "5.34M", "Trailing P/E ": "21.40", "Forward P/E 1": "N/A", "PEG Ratio (5 yr expected) 1": "N/A", "Price/Sales (ttm)": "0.46", "Price/Book (mrq)": "2.55", "Enterprise Value/Revenue 3": "0.81", "Enterprise Value/EBITDA 7": "12.88"}, "12/31/2012": {"Duration": "12/31/2012", "Market Cap (intraday) 5": "11.94M", "Enterprise Value 3": "6.17M", "Trailing P/E ": "22.89", "Forward P/E 1": "N/A", "PEG Ratio (5 yr expected) 1": "N/A", "Price/Sales (ttm)": "0.49", "Price/Book (mrq)": "2.74", "Enterprise Value/Revenue 3": "0.96", "Enterprise Value/EBITDA 7": "29.12"}, "9/30/2012": {"Duration": "9/30/2012", "Market Cap (intraday) 5": "11.32M", "Enterprise Value 3": "4.80M", "Trailing P/E ": "23.00", "Forward P/E 1": "N/A", "PEG Ratio (5 yr expected) 1": "N/A", "Price/Sales (ttm)": "0.50", "Price/Book (mrq)": "1.36", "Enterprise Value/Revenue 3": "0.74", "Enterprise Value/EBITDA 7": "18.65"}, "6/30/2012": {"Duration": "6/30/2012", "Market Cap (intraday) 5": "9.07M", "Enterprise Value 3": "2.24M", "Trailing P/E ": "12.90", "Forward P/E 1": "N/A", "PEG Ratio (5 yr expected) 1": "N/A", "Price/Sales (ttm)": "0.40", "Price/Book (mrq)": "1.12", "Enterprise Value/Revenue 3": "0.37", "Enterprise Value/EBITDA 7": "7.22"}, "3/31/2012": {"Duration": "3/31/2012", "Market Cap (intraday) 5": "9.28M", "Enterprise Value 3": "2.62M", "Trailing P/E ": "13.20", "Forward P/E 1": "N/A", "PEG Ratio (5 yr expected) 1": "N/A", "Price/Sales (ttm)": "0.41", "Price/Book (mrq)": "1.16", "Enterprise Value/Revenue 3": "0.51", "Enterprise Value/EBITDA 7": "20.66"}, "12/31/2011": {"Duration": "12/31/2011", "Market Cap (intraday) 5": "8.65M", "Enterprise Value 3": "1.86M", "Trailing P/E ": "12.30", "Forward P/E 1": "N/A", "PEG Ratio (5 yr expected) 1": "N/A", "Price/Sales (ttm)": "0.38", "Price/Book (mrq)": "1.03", "Enterprise Value/Revenue 3": "0.37", "Enterprise Value/EBITDA 7": "51.39"}, "9/30/2011": {"Duration": "9/30/2011", "Market Cap (intraday) 5": "9.64M", "Enterprise Value 3": "2.85M", "Trailing P/E ": "13.70", "Forward P/E 1": "N/A", "PEG Ratio (5 yr expected) 1": "N/A", "Price/Sales (ttm)": "0.42", "Price/Book (mrq)": "1.15", "Enterprise Value/Revenue 3": "0.45", "Enterprise Value/EBITDA 7": "7.39"}, "6/30/2011": {"Duration": "6/30/2011", "Market Cap (intraday) 5": "9.35M", "Enterprise Value 3": "2.45M", "Trailing P/E ": "14.78", "Forward P/E 1": "N/A", "PEG Ratio (5 yr expected) 1": "N/A", "Price/Sales (ttm)": "0.44", "Price/Book (mrq)": "1.15", "Enterprise Value/Revenue 3": "0.38", "Enterprise Value/EBITDA 7": "5.01"}, "3/31/2011": {"Duration": "3/31/2011", "Market Cap (intraday) 5": "9.68M", "Enterprise Value 3": "2.28M", "Trailing P/E ": "19.57", "Forward P/E 1": "N/A", "PEG Ratio (5 yr expected) 1": "N/A", "Price/Sales (ttm)": "0.47", "Price/Book (mrq)": "1.23", "Enterprise Value/Revenue 3": "0.48", "Enterprise Value/EBITDA 7": "14.62"}, "12/31/2010": {"Duration": "12/31/2010", "Market Cap (intraday) 5": "7.60M", "Enterprise Value 3": "597.64k", "Trailing P/E ": "15.43", "Forward P/E 1": "N/A", "PEG Ratio (5 yr expected) 1": "N/A", "Price/Sales (ttm)": "0.38", "Price/Book (mrq)": "0.98", "Enterprise Value/Revenue 3": "0.11", "Enterprise Value/EBITDA 7": "4.17"}, "9/30/2010": {"Duration": "9/30/2010", "Market Cap (intraday) 5": "7.60M", "Enterprise Value 3": "656.10k", "Trailing P/E ": "12.00", "Forward P/E 1": "N/A", "PEG Ratio (5 yr expected) 1": "N/A", "Price/Sales (ttm)": "0.36", "Price/Book (mrq)": "0.99", "Enterprise Value/Revenue 3": "0.14", "Enterprise Value/EBITDA 7": "2.96"}, "6/30/2010": {"Duration": "6/30/2010", "Market Cap (intraday) 5": "7.95M", "Enterprise Value 3": "1.89M", "Trailing P/E ": "18.83", "Forward P/E 1": "7.52", "PEG Ratio (5 yr expected) 1": "0.58", "Price/Sales (ttm)": "0.40", "Price/Book (mrq)": "1.06", "Enterprise Value/Revenue 3": "0.33", "Enterprise Value/EBITDA 7": "5.78"}, "3/31/2010": {"Duration": "3/31/2010", "Market Cap (intraday) 5": "8.51M", "Enterprise Value 3": "2.79M", "Trailing P/E ": "40.33", "Forward P/E 1": "N/A", "PEG Ratio (5 yr expected) 1": "N/A", "Price/Sales (ttm)": "0.45", "Price/Book (mrq)": "1.16", "Enterprise Value/Revenue 3": "0.68", "Enterprise Value/EBITDA 7": "23.23"}, "12/31/2009": {"Duration": "12/31/2009", "Market Cap (intraday) 5": "8.27M", "Enterprise Value 3": "2.42M", "Trailing P/E ": "39.00", "Forward P/E 1": "N/A", "PEG Ratio (5 yr expected) 1": "N/A", "Price/Sales (ttm)": "0.41", "Price/Book (mrq)": "1.14", "Enterprise Value/Revenue 3": "0.40", "Enterprise Value/EBITDA 7": "6.38"}, "9/30/2009": {"Duration": "9/30/2009", "Market Cap (intraday) 5": "7.35M", "Enterprise Value 3": "1.53M", "Trailing P/E ": "34.67", "Forward P/E 1": "N/A", "PEG Ratio (5 yr expected) 1": "N/A", "Price/Sales (ttm)": "0.37", "Price/Book (mrq)": "1.04", "Enterprise Value/Revenue 3": "0.42", "Enterprise Value/EBITDA 7": "-15.82"}, "6/30/2009": {"Duration": "6/30/2009", "Market Cap (intraday) 5": "6.47M", "Enterprise Value 3": "1.01M", "Trailing P/E ": "13.14", "Forward P/E 1": "N/A", "PEG Ratio (5 yr expected) 1": "N/A", "Price/Sales (ttm)": "0.28", "Price/Book (mrq)": "0.91", "Enterprise Value/Revenue 3": "0.20", "Enterprise Value/EBITDA 7": "24.32"}, "3/31/2009": {"Duration": "3/31/2009", "Market Cap (intraday) 5": "6.19M", "Enterprise Value 3": "914.42k", "Trailing P/E ": "8.00", "Forward P/E 1": "N/A", "PEG Ratio (5 yr expected) 1": "N/A", "Price/Sales (ttm)": "0.24", "Price/Book (mrq)": "0.87", "Enterprise Value/Revenue 3": "0.18", "Enterprise Value/EBITDA 7": "5.84"}, "12/31/2008": {"Duration": "12/31/2008", "Market Cap (intraday) 5": "5.70M", "Enterprise Value 3": "487.51k", "Trailing P/E ": "7.36", "Forward P/E 1": "N/A", "PEG Ratio (5 yr expected) 1": "N/A", "Price/Sales (ttm)": "0.23", "Price/Book (mrq)": "0.81", "Enterprise Value/Revenue 3": "0.08", "Enterprise Value/EBITDA 7": "1.31"}, "9/30/2008": {"Duration": "9/30/2008", "Market Cap (intraday) 5": "6.68M", "Enterprise Value 3": "2.43M", "Trailing P/E ": "9.50", "Forward P/E 1": "N/A", "PEG Ratio (5 yr expected) 1": "N/A", "Price/Sales (ttm)": "0.27", "Price/Book (mrq)": "0.98", "Enterprise Value/Revenue 3": "0.36", "Enterprise Value/EBITDA 7": "7.22"}, "6/30/2008": {"Duration": "6/30/2008", "Market Cap (intraday) 5": "6.33M", "Enterprise Value 3": "2.44M", "Trailing P/E ": "10.00", "Forward P/E 1": "N/A", "PEG Ratio (5 yr expected) 1": "N/A", "Price/Sales (ttm)": "0.28", "Price/Book (mrq)": "0.96", "Enterprise Value/Revenue 3": "0.32", "Enterprise Value/EBITDA 7": "6.52"}, "3/31/2008": {"Duration": "3/31/2008", "Market Cap (intraday) 5": "6.61M", "Enterprise Value 3": "2.46M", "Trailing P/E ": "10.44", "Forward P/E 1": "N/A", "PEG Ratio (5 yr expected) 1": "N/A", "Price/Sales (ttm)": "0.32", "Price/Book (mrq)": "1.04", "Enterprise Value/Revenue 3": "0.52", "Enterprise Value/EBITDA 7": "20.65"}, "12/31/2007": {"Duration": "12/31/2007", "Market Cap (intraday) 5": "11.61M", "Enterprise Value 3": "8.03M", "Trailing P/E ": "15.00", "Forward P/E 1": "N/A", "PEG Ratio (5 yr expected) 1": "N/A", "Price/Sales (ttm)": "0.56", "Price/Book (mrq)": "1.85", "Enterprise Value/Revenue 3": "1.42", "Enterprise Value/EBITDA 7": "29.99"}, "9/30/2007": {"Duration": "9/30/2007", "Market Cap (intraday) 5": "13.72M", "Enterprise Value 3": "9.42M", "Trailing P/E ": "15.00", "Forward P/E 1": "N/A", "PEG Ratio (5 yr expected) 1": "N/A", "Price/Sales (ttm)": "0.60", "Price/Book (mrq)": "2.19", "Enterprise Value/Revenue 3": "1.99", "Enterprise Value/EBITDA 7": "58.06"}, "6/30/2007": {"Duration": "6/30/2007", "Market Cap (intraday) 5": "14.07M", "Enterprise Value 3": "10.64M", "Trailing P/E ": "18.18", "Forward P/E 1": "N/A", "PEG Ratio (5 yr expected) 1": "N/A", "Price/Sales (ttm)": "0.60", "Price/Book (mrq)": "2.33", "Enterprise Value/Revenue 3": "2.00", "Enterprise Value/EBITDA 7": "31.59"}, "3/31/2007": {"Duration": "3/31/2007", "Market Cap (intraday) 5": "14.07M", "Enterprise Value 3": "10.99M", "Trailing P/E ": "16.67", "Forward P/E 1": "N/A", "PEG Ratio (5 yr expected) 1": "N/A", "Price/Sales (ttm)": "0.58", "Price/Book (mrq)": "2.31", "Enterprise Value/Revenue 3": "2.12", "Enterprise Value/EBITDA 7": "30.71"}, "12/31/2006": {"Duration": "12/31/2006", "Market Cap (intraday) 5": "15.26M", "Enterprise Value 3": "12.43M", "Trailing P/E ": "18.08", "Forward P/E 1": "N/A", "PEG Ratio (5 yr expected) 1": "N/A", "Price/Sales (ttm)": "0.67", "Price/Book (mrq)": "2.61", "Enterprise Value/Revenue 3": "1.96", "Enterprise Value/EBITDA 7": "32.68"}, "9/30/2006": {"Duration": "9/30/2006", "Market Cap (intraday) 5": "14.42M", "Enterprise Value 3": "11.31M", "Trailing P/E ": "18.64", "Forward P/E 1": "N/A", "PEG Ratio (5 yr expected) 1": "N/A", "Price/Sales (ttm)": "0.71", "Price/Book (mrq)": "2.42", "Enterprise Value/Revenue 3": "1.91", "Enterprise Value/EBITDA 7": "38.57"}, "6/30/2006": {"Duration": "6/30/2006", "Market Cap (intraday) 5": "12.94M", "Enterprise Value 3": "9.84M", "Trailing P/E ": "16.73", "Forward P/E 1": "N/A", "PEG Ratio (5 yr expected) 1": "N/A", "Price/Sales (ttm)": "0.63", "Price/Book (mrq)": "2.17", "Enterprise Value/Revenue 3": "1.63", "Enterprise Value/EBITDA 7": "38.38"}, "3/31/2006": {"Duration": "3/31/2006", "Market Cap (intraday) 5": "15.10M", "Enterprise Value 3": "12.92M", "Trailing P/E ": "19.54", "Forward P/E 1": "N/A", "PEG Ratio (5 yr expected) 1": "N/A", "Price/Sales (ttm)": "0.80", "Price/Book (mrq)": "2.63", "Enterprise Value/Revenue 3": "2.27", "Enterprise Value/EBITDA 7": "34.47"}, "12/31/2005": {"Duration": "12/31/2005", "Market Cap (intraday) 5": "15.03M", "Enterprise Value 3": "12.44M", "Trailing P/E ": "21.55", "Forward P/E 1": "N/A", "PEG Ratio (5 yr expected) 1": "N/A", "Price/Sales (ttm)": "0.86", "Price/Book (mrq)": "2.72", "Enterprise Value/Revenue 3": "2.40", "Enterprise Value/EBITDA 7": "26.80"}, "9/30/2005": {"Duration": "9/30/2005", "Market Cap (intraday) 5": "18.26M", "Enterprise Value 3": "15.68M", "Trailing P/E ": "26.18", "Forward P/E 1": "N/A", "PEG Ratio (5 yr expected) 1": "N/A", "Price/Sales (ttm)": "1.04", "Price/Book (mrq)": "3.31", "Enterprise Value/Revenue 3": "4.56", "Enterprise Value/EBITDA 7": "78.47"}, "6/30/2005": {"Duration": "6/30/2005", "Market Cap (intraday) 5": "17.99M", "Enterprise Value 3": "16.41M", "Trailing P/E ": "25.50", "Forward P/E 1": "N/A", "PEG Ratio (5 yr expected) 1": "N/A", "Price/Sales (ttm)": "0.98", "Price/Book (mrq)": "3.16", "Enterprise Value/Revenue 3": "3.57", "Enterprise Value/EBITDA 7": "59.45"}, "3/31/2005": {"Duration": "3/31/2005", "Market Cap (intraday) 5": "22.34M", "Enterprise Value 3": "20.37M", "Trailing P/E ": "31.19", "Forward P/E 1": "N/A", "PEG Ratio (5 yr expected) 1": "N/A", "Price/Sales (ttm)": "1.28", "Price/Book (mrq)": "4.05", "Enterprise Value/Revenue 3": "4.61", "Enterprise Value/EBITDA 7": "69.63"}, "12/31/2004": {"Duration": "12/31/2004", "Market Cap (intraday) 5": "16.26M", "Enterprise Value 3": "15.40M", "Trailing P/E ": "26.74", "Forward P/E 1": "N/A", "PEG Ratio (5 yr expected) 1": "N/A", "Price/Sales (ttm)": "0.98", "Price/Book (mrq)": "2.90", "Enterprise Value/Revenue 3": "2.99", "Enterprise Value/EBITDA 7": "33.36"}, "9/30/2004": {"Duration": "9/30/2004", "Market Cap (intraday) 5": "17.56M", "Enterprise Value 3": "15.76M", "Trailing P/E ": "30.39", "Forward P/E 1": "N/A", "PEG Ratio (5 yr expected) 1": "N/A", "Price/Sales (ttm)": "1.13", "Price/Book (mrq)": "3.29", "Enterprise Value/Revenue 3": "3.72", "Enterprise Value/EBITDA 7": "74.05"}, "6/30/2004": {"Duration": "6/30/2004", "Market Cap (intraday) 5": "11.24M", "Enterprise Value 3": "9.50M", "Trailing P/E ": "20.98", "Forward P/E 1": "N/A", "PEG Ratio (5 yr expected) 1": "N/A", "Price/Sales (ttm)": "0.77", "Price/Book (mrq)": "1.99", "Enterprise Value/Revenue 3": "2.59", "Enterprise Value/EBITDA 7": "36.16"}, "3/31/2004": {"Duration": "3/31/2004", "Market Cap (intraday) 5": "12.33M", "Enterprise Value 3": "11.02M", "Trailing P/E ": "19.44", "Forward P/E 1": "N/A", "PEG Ratio (5 yr expected) 1": "N/A", "Price/Sales (ttm)": "0.83", "Price/Book (mrq)": "2.25", "Enterprise Value/Revenue 3": "3.09", "Enterprise Value/EBITDA 7": "64.34"}, "12/31/2003": {"Duration": "12/31/2003", "Market Cap (intraday) 5": "12.68M", "Enterprise Value 3": "11.24M", "Trailing P/E ": "20.07", "Forward P/E 1": "N/A", "PEG Ratio (5 yr expected) 1": "N/A", "Price/Sales (ttm)": "0.87", "Price/Book (mrq)": "2.35", "Enterprise Value/Revenue 3": "2.71", "Enterprise Value/EBITDA 7": "31.92"}, "9/30/2003": {"Duration": "9/30/2003", "Market Cap (intraday) 5": "10.14M", "Enterprise Value 3": "8.58M", "Trailing P/E ": "24.17", "Forward P/E 1": "N/A", "PEG Ratio (5 yr expected) 1": "N/A", "Price/Sales (ttm)": "0.73", "Price/Book (mrq)": "1.96", "Enterprise Value/Revenue 3": "2.60", "Enterprise Value/EBITDA 7": "54.06"}, "6/30/2003": {"Duration": "6/30/2003", "Market Cap (intraday) 5": "4.55M", "Enterprise Value 3": "2.93M", "Trailing P/E ": "8.12", "Forward P/E 1": "N/A", "PEG Ratio (5 yr expected) 1": "N/A", "Price/Sales (ttm)": "0.32", "Price/Book (mrq)": "0.84", "Enterprise Value/Revenue 3": "0.76", "Enterprise Value/EBITDA 7": "6.47"}, "3/31/2003": {"Duration": "3/31/2003", "Market Cap (intraday) 5": "4.20M", "Enterprise Value 3": "3.45M", "Trailing P/E ": "10.00", "Forward P/E 1": "N/A", "PEG Ratio (5 yr expected) 1": "N/A", "Price/Sales (ttm)": "0.32", "Price/Book (mrq)": "0.82", "Enterprise Value/Revenue 3": "1.08", "Enterprise Value/EBITDA 7": "22.01"}, "12/31/2002": {"Duration": "12/31/2002", "Market Cap (intraday) 5": "3.85M", "Enterprise Value 3": "3.09M", "Trailing P/E ": "6.88", "Forward P/E 1": "N/A", "PEG Ratio (5 yr expected) 1": "N/A", "Price/Sales (ttm)": "0.27", "Price/Book (mrq)": "0.76", "Enterprise Value/Revenue 3": "0.89", "Enterprise Value/EBITDA 7": "95.90"}, "9/30/2002": {"Duration": "9/30/2002", "Market Cap (intraday) 5": "2.80M", "Enterprise Value 3": "2.22M", "Trailing P/E ": "3.77", "Forward P/E 1": "N/A", "PEG Ratio (5 yr expected) 1": "N/A", "Price/Sales (ttm)": "0.21", "Price/Book (mrq)": "0.56", "Enterprise Value/Revenue 3": "0.58", "Enterprise Value/EBITDA 7": "6.36"}, "6/30/2002": {"Duration": "6/30/2002", "Market Cap (intraday) 5": "4.50M", "Enterprise Value 3": "4.83M", "Trailing P/E ": "N/A", "Forward P/E 1": "N/A", "PEG Ratio (5 yr expected) 1": "N/A", "Price/Sales (ttm)": "0.29", "Price/Book (mrq)": "0.84", "Enterprise Value/Revenue 3": "3.41", "Enterprise Value/EBITDA 7": "13.96"}, "3/31/2002": {"Duration": "3/31/2002", "Market Cap (intraday) 5": "4.22M", "Enterprise Value 3": "4.89M", "Trailing P/E ": "N/A", "Forward P/E 1": "N/A", "PEG Ratio (5 yr expected) 1": "N/A", "Price/Sales (ttm)": "0.25", "Price/Book (mrq)": "0.80", "Enterprise Value/Revenue 3": "1.29", "Enterprise Value/EBITDA 7": "18.59"}, "12/31/2001": {"Duration": "12/31/2001", "Market Cap (intraday) 5": "3.71M", "Enterprise Value 3": "4.38M", "Trailing P/E ": "N/A", "Forward P/E 1": "N/A", "PEG Ratio (5 yr expected) 1": "N/A", "Price/Sales (ttm)": "0.22", "Price/Book (mrq)": "0.71", "Enterprise Value/Revenue 3": "1.07", "Enterprise Value/EBITDA 7": "12.08"}, "9/30/2001": {"Duration": "9/30/2001", "Market Cap (intraday) 5": "4.57M", "Enterprise Value 3": "5.35M", "Trailing P/E ": "32.50", "Forward P/E 1": "N/A", "PEG Ratio (5 yr expected) 1": "N/A", "Price/Sales (ttm)": "0.26", "Price/Book (mrq)": "0.89", "Enterprise Value/Revenue 3": "1.32", "Enterprise Value/EBITDA 7": "-191.96"}, "6/30/2001": {"Duration": "6/30/2001", "Market Cap (intraday) 5": "5.62M", "Enterprise Value 3": "6.58M", "Trailing P/E ": "8.00", "Forward P/E 1": "N/A", "PEG Ratio (5 yr expected) 1": "N/A", "Price/Sales (ttm)": "0.30", "Price/Book (mrq)": "1.04", "Enterprise Value/Revenue 3": "1.76", "Enterprise Value/EBITDA 7": "1.28"}, "3/31/2001": {"Duration": "3/31/2001", "Market Cap (intraday) 5": "4.90M", "Enterprise Value 3": "6.72M", "Trailing P/E ": "5.38", "Forward P/E 1": "N/A", "PEG Ratio (5 yr expected) 1": "N/A", "Price/Sales (ttm)": "0.27", "Price/Book (mrq)": "0.92", "Enterprise Value/Revenue 3": "1.42", "Enterprise Value/EBITDA 7": "32.10"}, "12/31/2000": {"Duration": "12/31/2000", "Market Cap (intraday) 5": "7.44M", "Enterprise Value 3": "8.71M", "Trailing P/E ": "7.59", "Forward P/E 1": "N/A", "PEG Ratio (5 yr expected) 1": "N/A", "Price/Sales (ttm)": "0.42", "Price/Book (mrq)": "1.41", "Enterprise Value/Revenue 3": "1.91", "Enterprise Value/EBITDA 7": "44.62"}, "9/30/2000": {"Duration": "9/30/2000", "Market Cap (intraday) 5": "10.98M", "Enterprise Value 3": "11.64M", "Trailing P/E ": "12.02", "Forward P/E 1": "N/A", "PEG Ratio (5 yr expected) 1": "N/A", "Price/Sales (ttm)": "0.62", "Price/Book (mrq)": "2.20", "Enterprise Value/Revenue 3": "2.37", "Enterprise Value/EBITDA 7": "22.88"}, "6/30/2000": {"Duration": "6/30/2000", "Market Cap (intraday) 5": "10.48M", "Enterprise Value 3": "11.14M", "Trailing P/E ": "11.54", "Forward P/E 1": "N/A", "PEG Ratio (5 yr expected) 1": "N/A", "Price/Sales (ttm)": "0.59", "Price/Book (mrq)": "2.10", "Enterprise Value/Revenue 3": "2.36", "Enterprise Value/EBITDA 7": "194.94"}, "3/31/2000": {"Duration": "3/31/2000", "Market Cap (intraday) 5": "26.16M", "Enterprise Value 3": "27.30M", "Trailing P/E ": "N/A", "Forward P/E 1": "N/A", "PEG Ratio (5 yr expected) 1": "N/A", "Price/Sales (ttm)": "1.44", "Price/Book (mrq)": "5.65", "Enterprise Value/Revenue 3": "5.37", "Enterprise Value/EBITDA 7": "77.53"}, "12/31/1999": {"Duration": "12/31/1999", "Market Cap (intraday) 5": "10.85M", "Enterprise Value 3": "12.35M", "Trailing P/E ": "N/A", "Forward P/E 1": "N/A", "PEG Ratio (5 yr expected) 1": "N/A", "Price/Sales (ttm)": "0.60", "Price/Book (mrq)": "2.52", "Enterprise Value/Revenue 3": "2.87", "Enterprise Value/EBITDA 7": "30.88"}, "9/30/1999": {"Duration": "9/30/1999", "Market Cap (intraday) 5": "16.02M", "Enterprise Value 3": "17.42M", "Trailing P/E ": "19.27", "Forward P/E 1": "N/A", "PEG Ratio (5 yr expected) 1": "N/A", "Price/Sales (ttm)": "0.74", "Price/Book (mrq)": "3.91", "Enterprise Value/Revenue 3": "3.79", "Enterprise Value/EBITDA 7": "87.09"}, "12/31/1998": {"Duration": "12/31/1998", "Market Cap (intraday) 5": "6.68M", "Enterprise Value 3": "8.58M", "Trailing P/E ": "N/A", "Forward P/E 1": "N/A", "PEG Ratio (5 yr expected) 1": "N/A", "Price/Sales (ttm)": "1.32", "Price/Book (mrq)": "1.85", "Enterprise Value/Revenue 3": "1.62", "Enterprise Value/EBITDA 7": "17.15"}, "9/30/1998": {"Duration": "9/30/1998", "Market Cap (intraday) 5": "1.93M", "Enterprise Value 3": "1.43M", "Trailing P/E ": "N/A", "Forward P/E 1": "N/A", "PEG Ratio (5 yr expected) 1": "N/A", "Price/Sales (ttm)": "0.50", "Price/Book (mrq)": "0.66", "Enterprise Value/Revenue 3": "1.43", "Enterprise Value/EBITDA 7": "N/A"}, "6/30/1998": {"Duration": "6/30/1998", "Market Cap (intraday) 5": "2.82M", "Enterprise Value 3": "2.35M", "Trailing P/E ": "N/A", "Forward P/E 1": "N/A", "PEG Ratio (5 yr expected) 1": "N/A", "Price/Sales (ttm)": "0.74", "Price/Book (mrq)": "1.00", "Enterprise Value/Revenue 3": "2.26", "Enterprise Value/EBITDA 7": "36.61"}, "3/31/1998": {"Duration": "3/31/1998", "Market Cap (intraday) 5": "2.50M", "Enterprise Value 3": "2.20M", "Trailing P/E ": "121.90", "Forward P/E 1": "N/A", "PEG Ratio (5 yr expected) 1": "N/A", "Price/Sales (ttm)": "0.64", "Price/Book (mrq)": "0.81", "Enterprise Value/Revenue 3": "2.75", "Enterprise Value/EBITDA 7": "-22.04"}, "12/31/1997": {"Duration": "12/31/1997", "Market Cap (intraday) 5": "2.31M", "Enterprise Value 3": "1.91M", "Trailing P/E ": "112.50", "Forward P/E 1": "N/A", "PEG Ratio (5 yr expected) 1": "N/A", "Price/Sales (ttm)": "0.57", "Price/Book (mrq)": "0.72", "Enterprise Value/Revenue 3": "1.91", "Enterprise Value/EBITDA 7": "N/A"}, "9/30/1997": {"Duration": "9/30/1997", "Market Cap (intraday) 5": "2.05M", "Enterprise Value 3": "1.65M", "Trailing P/E ": "100.00", "Forward P/E 1": "N/A", "PEG Ratio (5 yr expected) 1": "N/A", "Price/Sales (ttm)": "0.53", "Price/Book (mrq)": "0.64", "Enterprise Value/Revenue 3": "1.65", "Enterprise Value/EBITDA 7": "N/A"}, "6/30/1997": {"Duration": "6/30/1997", "Market Cap (intraday) 5": "1.25M", "Enterprise Value 3": "753.91k", "Trailing P/E ": "62.50", "Forward P/E 1": "N/A", "PEG Ratio (5 yr expected) 1": "N/A", "Price/Sales (ttm)": "0.33", "Price/Book (mrq)": "0.40", "Enterprise Value/Revenue 3": "0.70", "Enterprise Value/EBITDA 7": "6.34"}, "3/31/1997": {"Duration": "3/31/1997", "Market Cap (intraday) 5": "2.13M", "Enterprise Value 3": "1.63M", "Trailing P/E ": "17.72", "Forward P/E 1": "N/A", "PEG Ratio (5 yr expected) 1": "N/A", "Price/Sales (ttm)": "0.53", "Price/Book (mrq)": "0.69", "Enterprise Value/Revenue 3": "1.48", "Enterprise Value/EBITDA 7": "16.30"}, "12/31/1996": {"Duration": "12/31/1996", "Market Cap (intraday) 5": "2.25M", "Enterprise Value 3": "2.05M", "Trailing P/E ": "18.75", "Forward P/E 1": "N/A", "PEG Ratio (5 yr expected) 1": "N/A", "Price/Sales (ttm)": "0.56", "Price/Book (mrq)": "0.75", "Enterprise Value/Revenue 3": "2.94", "Enterprise Value/EBITDA 7": "-10.27"}, "9/30/1996": {"Duration": "9/30/1996", "Market Cap (intraday) 5": "2.51M", "Enterprise Value 3": "2.11M", "Trailing P/E ": "20.83", "Forward P/E 1": "N/A", "PEG Ratio (5 yr expected) 1": "N/A", "Price/Sales (ttm)": "0.58", "Price/Book (mrq)": "0.81", "Enterprise Value/Revenue 3": "2.11", "Enterprise Value/EBITDA 7": "21.05"}}, "inside": {"Date": ["INSIDER NAME", "TITLE", "DATE", "TRANSATION", "SHARE", "PRICE", "AMOUNT"], "2020-11-13 17:01:20": ["LUCAS HAL M", "DIRECTIOR", "2020-11-13", "SELL", "1,500", "31.76", "47,644"]}}}, {"MYEC": {"quote": {"05/11/2021": {"value": "", "Net Assets": "N/A", "Beta (5Y Monthly)": "N/A", "Yield": "N/A", "5y Average Return": "N/A", "Holdings Turnover": "N/A", "Last Dividend": "N/A", "Average for Category": "N/A", "Inception Date": "N/A"}}, "fin": {"res": "ERROR: Unable to sync data for: fin > MYEC"}, "bs": {"res": "ERROR: Unable to sync data for: bs > MYEC"}, "cf": {}}}, {"INTX": {"quote": {"05/11/2021": {"value": "", "Net Assets": "N/A", "Beta (5Y Monthly)": "N/A", "Yield": "N/A", "5y Average Return": "N/A", "Holdings Turnover": "N/A", "Last Dividend": "N/A", "Average for Category": "N/A", "Inception Date": "N/A"}}, "fin": {}, "bs": {}, "cf": {}}}, {"STB": {"fin": {}, "bs": {}, "cf": {}}}]