[{"APEI": {"quote": {"03/21/2021": {"value": "38.82", "Market Cap": "723.663M", "Beta (5Y Monthly)": "0.73", "PE Ratio (TTM)": "31.06", "EPS (TTM)": "1.25", "Earnings Date": "May 10, 2021 - May 14, 2021", "Forward Dividend & Yield": "N/A (N/A)", "Ex-Dividend Date": "N/A", "1y Target Est": "40.00"}}, "fin": {"TTM": {"Duration": "TTM", "Total Revenue": "299,012", "Cost of Revenue": "115,250", "Gross Profit": "183,762", "Operating Expense": "164,101", "Operating Income": "19,661", "Net Non Operating Interest Income Expense": "2,601", "Other Income Expense": "-2,231", "Pretax Income": "20,031", "Tax Provision": "6,858", "Earnings from Equity Interest Net of Tax": "17", "Net Income Common Stockholders": "13,190", "Diluted NI Available to Com Stockholders": "13,190", "Basic EPS": "-", "Diluted EPS": "-", "Basic Average Shares": "-", "Diluted Average Shares": "-", "Total Operating Income as Reported": "-", "Total Expenses": "279,351", "Net Income from Continuing & Discontinued Operation": "13,190", "Normalized Income": "14,657", "Interest Income": "2,601", "Net Interest Income": "2,601", "EBIT": "19,661", "EBITDA": "33,992", "Reconciled Cost of Revenue": "115,250", "Reconciled Depreciation": "14,331", "Net Income from Continuing Operation Net Minority Interest": "13,190", "Total Unusual Items Excluding Goodwill": "-2,231", "Total Unusual Items": "-2,231", "Normalized EBITDA": "36,223", "Tax Rate for Calcs": "0", "Tax Effect of Unusual Items": "-763.826"}, "12/31/2020": {"Duration": "12/31/2020", "Total Revenue": "321,785", "Cost of Revenue": "122,161", "Gross Profit": "199,624", "Operating Expense": "174,016", "Operating Income": "25,608", "Net Non Operating Interest Income Expense": "1,092", "Other Income Expense": "-851", "Pretax Income": "25,849", "Tax Provision": "7,020", "Earnings from Equity Interest Net of Tax": "-7", "Net Income Common Stockholders": "18,822", "Diluted NI Available to Com Stockholders": "18,822", "Basic EPS": "1.27", "Diluted EPS": "1.25", "Basic Average Shares": "14,876", "Diluted Average Shares": "15,047", "Total Operating Income as Reported": "-", "Total Expenses": "296,177", "Net Income from Continuing & Discontinued Operation": "18,822", "Normalized Income": "19,442", "Interest Income": "1,092", "Net Interest Income": "1,092", "EBIT": "25,608", "EBITDA": "-", "Reconciled Cost of Revenue": "122,161", "Reconciled Depreciation": "12,984", "Net Income from Continuing Operation Net Minority Interest": "18,822", "Total Unusual Items Excluding Goodwill": "-851", "Total Unusual Items": "-851", "Normalized EBITDA": "39,443", "Tax Rate for Calcs": "0", "Tax Effect of Unusual Items": "-231.2167"}, "12/31/2019": {"Duration": "12/31/2019", "Total Revenue": "286,270", "Cost of Revenue": "111,916", "Gross Profit": "174,354", "Operating Expense": "153,706", "Operating Income": "20,648", "Net Non Operating Interest Income Expense": "3,908", "Other Income Expense": "-7,892", "Pretax Income": "16,664", "Tax Provision": "5,187", "Earnings from Equity Interest Net of Tax": "-1,464", "Net Income Common Stockholders": "10,013", "Diluted NI Available to Com Stockholders": "10,013", "Basic EPS": "0.62", "Diluted EPS": "0.62", "Basic Average Shares": "16,094", "Diluted Average Shares": "16,255", "Total Operating Income as Reported": "-", "Total Expenses": "265,622", "Net Income from Continuing & Discontinued Operation": "10,013", "Normalized Income": "15,211", "Interest Income": "3,908", "Net Interest Income": "3,908", "EBIT": "20,648", "EBITDA": "-", "Reconciled Cost of Revenue": "111,916", "Reconciled Depreciation": "15,596", "Net Income from Continuing Operation Net Minority Interest": "10,013", "Total Unusual Items Excluding Goodwill": "-7,892", "Total Unusual Items": "-7,892", "Normalized EBITDA": "44,136", "Tax Rate for Calcs": "0", "Tax Effect of Unusual Items": "-2,694"}, "12/31/2018": {"Duration": "12/31/2018", "Total Revenue": "297,687", "Cost of Revenue": "115,280", "Gross Profit": "182,407", "Operating Expense": "148,999", "Operating Income": "33,408", "Net Non Operating Interest Income Expense": "2,915", "Other Income Expense": "-882", "Pretax Income": "35,441", "Tax Provision": "9,287", "Earnings from Equity Interest Net of Tax": "-515", "Net Income Common Stockholders": "25,639", "Diluted NI Available to Com Stockholders": "25,639", "Basic EPS": "1.56", "Diluted EPS": "1.54", "Basic Average Shares": "16,404", "Diluted Average Shares": "16,634", "Total Operating Income as Reported": "-", "Total Expenses": "264,279", "Net Income from Continuing & Discontinued Operation": "25,639", "Normalized Income": "26,286", "Interest Income": "2,915", "Net Interest Income": "2,915", "EBIT": "33,408", "EBITDA": "-", "Reconciled Cost of Revenue": "115,280", "Reconciled Depreciation": "17,501", "Net Income from Continuing Operation Net Minority Interest": "25,639", "Total Unusual Items Excluding Goodwill": "-882", "Total Unusual Items": "-882", "Normalized EBITDA": "51,791", "Tax Rate for Calcs": "0", "Tax Effect of Unusual Items": "-234.612"}}, "bs": {"12/31/2020": {"Duration": "12/31/2020", "Total Assets": "371,018", "Total Liabilities Net Minority Interest": "64,093", "Total Equity Gross Minority Interest": "306,925", "Total Capitalization": "306,925", "Common Stock Equity": "306,925", "Capital Lease Obligations": "8,847", "Net Tangible Assets": "280,362", "Working Capital": "196,752", "Invested Capital": "306,925", "Tangible Book Value": "280,362", "Total Debt": "8,847", "Share Issued": "14,809", "Ordinary Shares Number": "14,809"}, "12/31/2019": {"Duration": "12/31/2019", "Total Assets": "354,897", "Total Liabilities Net Minority Interest": "58,164", "Total Equity Gross Minority Interest": "296,733", "Total Capitalization": "296,733", "Common Stock Equity": "296,733", "Capital Lease Obligations": "11,778", "Net Tangible Assets": "266,127", "Working Capital": "177,631", "Invested Capital": "296,733", "Tangible Book Value": "266,127", "Total Debt": "11,778", "Share Issued": "15,178", "Ordinary Shares Number": "15,178"}, "12/31/2018": {"Duration": "12/31/2018", "Total Assets": "370,958", "Total Liabilities Net Minority Interest": "49,692", "Total Equity Gross Minority Interest": "321,266", "Total Capitalization": "321,266", "Common Stock Equity": "321,266", "Capital Lease Obligations": "-", "Net Tangible Assets": "287,367", "Working Capital": "188,242", "Invested Capital": "321,266", "Tangible Book Value": "287,367", "Total Debt": "-", "Share Issued": "16,425", "Ordinary Shares Number": "16,425"}}, "cf": {"TTM": {"Duration": "TTM", "Operating Cash Flow": "46,395", "Investing Cash Flow": "-7,191", "Financing Cash Flow": "-43,999", "End Cash Position": "216,038", "Income Tax Paid Supplemental Data": "4,990", "Capital Expenditure": "-7,191", "Issuance of Capital Stock": "-", "Repurchase of Capital Stock": "-43,999", "Free Cash Flow": "39,204"}, "12/31/2020": {"Duration": "12/31/2020", "Operating Cash Flow": "44,810", "Investing Cash Flow": "-4,159", "Financing Cash Flow": "-15,705", "End Cash Position": "227,686", "Income Tax Paid Supplemental Data": "5,898", "Capital Expenditure": "-4,926", "Issuance of Capital Stock": "-", "Repurchase of Capital Stock": "-15,705", "Free Cash Flow": "39,884"}, "12/31/2019": {"Duration": "12/31/2019", "Operating Cash Flow": "38,370", "Investing Cash Flow": "-7,255", "Financing Cash Flow": "-40,506", "End Cash Position": "202,740", "Income Tax Paid Supplemental Data": "8,019", "Capital Expenditure": "-7,255", "Issuance of Capital Stock": "0", "Repurchase of Capital Stock": "-40,506", "Free Cash Flow": "31,115"}, "12/31/2018": {"Duration": "12/31/2018", "Operating Cash Flow": "44,179", "Investing Cash Flow": "-9,430", "Financing Cash Flow": "-1,823", "End Cash Position": "212,131", "Income Tax Paid Supplemental Data": "12,712", "Capital Expenditure": "-9,430", "Issuance of Capital Stock": "0", "Repurchase of Capital Stock": "-1,823", "Free Cash Flow": "34,749"}}}}, {"ABCD": {"quote": {"03/21/2021": {"value": "", "Net Assets": "N/A", "Beta (5Y Monthly)": "N/A", "Yield": "N/A", "5y Average Return": "N/A", "Holdings Turnover": "N/A", "Last Dividend": "N/A", "Average for Category": "N/A", "Inception Date": "N/A"}}, "fin": {}, "bs": {}, "cf": {}}}, {"NAUH": {"quote": {"03/21/2021": {"value": "0.2230", "Market Cap": "5.49M", "Beta (5Y Monthly)": "-1.38", "PE Ratio (TTM)": "N/A", "EPS (TTM)": "-1.0270", "Earnings Date": "Oct 11, 2018", "Forward Dividend & Yield": "N/A (N/A)", "Ex-Dividend Date": "Sep 28, 2017", "1y Target Est": "4.00"}}, "fin": {"TTM": {"Duration": "TTM", "Total Revenue": "13,895", "Cost of Revenue": "2,534", "Gross Profit": "11,361", "Operating Expense": "13,008", "Operating Income": "-1,647", "Net Non Operating Interest Income Expense": "-1,345", "Other Income Expense": "13,787", "Pretax Income": "10,795", "Tax Provision": "26", "Net Income Common Stockholders": "-6,193", "Diluted NI Available to Com Stockholders": "-6,193", "Basic EPS": "-", "Diluted EPS": "-", "Basic Average Shares": "-", "Diluted Average Shares": "-", "Total Operating Income as Reported": "12,215", "Total Expenses": "15,542", "Net Income from Continuing & Discontinued Operation": "-6,193", "Normalized Income": "2,764", "Interest Income": "161", "Interest Expense": "1,506", "Net Interest Income": "-1,345", "EBIT": "12,301", "EBITDA": "13,718", "Reconciled Cost of Revenue": "2,534", "Reconciled Depreciation": "1,417", "Net Income from Continuing Operation Net Minority Interest": "10,758", "Total Unusual Items Excluding Goodwill": "8,013", "Total Unusual Items": "8,013", "Normalized EBITDA": "5,705", "Tax Rate for Calcs": "0", "Tax Effect of Unusual Items": "19.2995"}, "5/31/2020": {"Duration": "5/31/2020", "Total Revenue": "24,442", "Cost of Revenue": "11,123", "Gross Profit": "13,319", "Operating Expense": "20,368", "Operating Income": "-7,049", "Net Non Operating Interest Income Expense": "-1,420", "Other Income Expense": "4,819", "Pretax Income": "-3,650", "Tax Provision": "-4,705", "Net Income Common Stockholders": "1,050", "Diluted NI Available to Com Stockholders": "1,050", "Basic EPS": "0.04", "Diluted EPS": "0.04", "Basic Average Shares": "24,648", "Diluted Average Shares": "24,648", "Total Operating Income as Reported": "-7,049", "Total Expenses": "31,491", "Net Income from Continuing & Discontinued Operation": "1,050", "Normalized Income": "-2,498", "Interest Income": "138", "Interest Expense": "1,558", "Net Interest Income": "-1,420", "EBIT": "-2,092", "EBITDA": "-", "Reconciled Cost of Revenue": "11,123", "Reconciled Depreciation": "2,008", "Net Income from Continuing Operation Net Minority Interest": "1,050", "Total Unusual Items Excluding Goodwill": "4,860", "Total Unusual Items": "4,860", "Normalized EBITDA": "-4,944", "Tax Rate for Calcs": "0", "Tax Effect of Unusual Items": "1,312"}, "5/31/2019": {"Duration": "5/31/2019", "Total Revenue": "37,265", "Cost of Revenue": "12,884", "Gross Profit": "24,381", "Operating Expense": "30,258", "Operating Income": "-5,877", "Net Non Operating Interest Income Expense": "-1,155", "Other Income Expense": "-1,031", "Pretax Income": "-8,063", "Tax Provision": "31", "Net Income Common Stockholders": "-25,093", "Diluted NI Available to Com Stockholders": "-25,093", "Basic EPS": "-1.02", "Diluted EPS": "-1.02", "Basic Average Shares": "24,421", "Diluted Average Shares": "24,421", "Total Operating Income as Reported": "-6,891", "Total Expenses": "43,142", "Net Income from Continuing & Discontinued Operation": "-25,093", "Normalized Income": "-7,402", "Interest Income": "136", "Interest Expense": "1,291", "Net Interest Income": "-1,155", "EBIT": "-6,772", "EBITDA": "-", "Reconciled Cost of Revenue": "12,884", "Reconciled Depreciation": "2,580", "Net Income from Continuing Operation Net Minority Interest": "-8,142", "Total Unusual Items Excluding Goodwill": "-1,014", "Total Unusual Items": "-1,014", "Normalized EBITDA": "-3,178", "Tax Rate for Calcs": "0", "Tax Effect of Unusual Items": "-273.78"}, "5/31/2018": {"Duration": "5/31/2018", "Total Revenue": "77,184", "Cost of Revenue": "29,596", "Gross Profit": "47,588", "Operating Expense": "56,183", "Operating Income": "-8,595", "Net Non Operating Interest Income Expense": "-770", "Other Income Expense": "-2,978", "Pretax Income": "-12,343", "Tax Provision": "-232", "Net Income Common Stockholders": "-12,161", "Diluted NI Available to Com Stockholders": "-12,161", "Basic EPS": "-0.50", "Diluted EPS": "-0.50", "Basic Average Shares": "24,240", "Diluted Average Shares": "24,240", "Total Operating Income as Reported": "-11,501", "Total Expenses": "85,779", "Net Income from Continuing & Discontinued Operation": "-12,161", "Normalized Income": "-9,665", "Interest Income": "76", "Interest Expense": "846", "Net Interest Income": "-770", "EBIT": "-11,497", "EBITDA": "-", "Reconciled Cost of Revenue": "29,596", "Reconciled Depreciation": "4,642", "Net Income from Continuing Operation Net Minority Interest": "-12,161", "Total Unusual Items Excluding Goodwill": "-2,544", "Total Unusual Items": "-2,544", "Normalized EBITDA": "-4,311", "Tax Rate for Calcs": "0", "Tax Effect of Unusual Items": "-47.8172"}}, "bs": {"5/31/2020": {"Duration": "5/31/2020", "Total Assets": "27,638", "Total Liabilities Net Minority Interest": "35,266", "Total Equity Gross Minority Interest": "-7,628", "Total Capitalization": "-7,628", "Common Stock Equity": "-7,628", "Capital Lease Obligations": "10,425", "Net Tangible Assets": "-9,039", "Working Capital": "-13,128", "Invested Capital": "-1,968", "Tangible Book Value": "-9,039", "Total Debt": "16,085", "Net Debt": "4,454", "Share Issued": "29,119", "Ordinary Shares Number": "24,593", "Treasury Shares Number": "4,526"}, "5/31/2019": {"Duration": "5/31/2019", "Total Assets": "38,045", "Total Liabilities Net Minority Interest": "46,203", "Total Equity Gross Minority Interest": "-8,158", "Total Capitalization": "7,460", "Common Stock Equity": "-8,240", "Capital Lease Obligations": "10,857", "Net Tangible Assets": "-10,100", "Working Capital": "-10,994", "Invested Capital": "8,260", "Tangible Book Value": "-10,100", "Total Debt": "27,357", "Net Debt": "15,165", "Share Issued": "29,082", "Ordinary Shares Number": "24,650", "Treasury Shares Number": "4,432"}, "5/31/2018": {"Duration": "5/31/2018", "Total Assets": "48,807", "Total Liabilities Net Minority Interest": "31,834", "Total Equity Gross Minority Interest": "16,973", "Total Capitalization": "24,139", "Common Stock Equity": "16,939", "Capital Lease Obligations": "11,237", "Net Tangible Assets": "14,528", "Working Capital": "-652", "Invested Capital": "24,939", "Tangible Book Value": "14,528", "Total Debt": "19,237", "Net Debt": "2,676", "Share Issued": "28,685", "Ordinary Shares Number": "24,344", "Treasury Shares Number": "4,341"}}, "cf": {"TTM": {"Duration": "TTM", "Operating Cash Flow": "-3,119", "Investing Cash Flow": "3,685", "Financing Cash Flow": "-603", "End Cash Position": "388", "Income Tax Paid Supplemental Data": "-", "Interest Paid Supplemental Data": "1,745", "Capital Expenditure": "-153", "Issuance of Debt": "8,575", "Repayment of Debt": "-8,909", "Repurchase of Capital Stock": "-6", "Free Cash Flow": "-3,272"}, "5/31/2020": {"Duration": "5/31/2020", "Operating Cash Flow": "-4,977", "Investing Cash Flow": "13,829", "Financing Cash Flow": "-8,981", "End Cash Position": "1,206", "Income Tax Paid Supplemental Data": "2", "Interest Paid Supplemental Data": "1,574", "Capital Expenditure": "-79", "Issuance of Debt": "2,642", "Repayment of Debt": "-11,617", "Repurchase of Capital Stock": "-6", "Free Cash Flow": "-5,056"}, "5/31/2019": {"Duration": "5/31/2019", "Operating Cash Flow": "-5,451", "Investing Cash Flow": "-6,644", "Financing Cash Flow": "8,106", "End Cash Position": "1,335", "Income Tax Paid Supplemental Data": "-", "Interest Paid Supplemental Data": "1,293", "Capital Expenditure": "-795", "Issuance of Debt": "8,500", "Repayment of Debt": "-380", "Repurchase of Capital Stock": "-14", "Free Cash Flow": "-6,246"}, "5/31/2018": {"Duration": "5/31/2018", "Operating Cash Flow": "-3,796", "Investing Cash Flow": "-8,324", "Financing Cash Flow": "5,471", "End Cash Position": "5,324", "Income Tax Paid Supplemental Data": "-", "Interest Paid Supplemental Data": "835", "Capital Expenditure": "-2,025", "Issuance of Debt": "8,000", "Repayment of Debt": "-331", "Repurchase of Capital Stock": "-15", "Free Cash Flow": "-5,821"}}}}, {"NORD": {"quote": {"03/21/2021": {"value": "", "Net Assets": "N/A", "Beta (5Y Monthly)": "N/A", "Yield": "N/A", "5y Average Return": "N/A", "Holdings Turnover": "N/A", "Last Dividend": "N/A", "Average for Category": "N/A", "Inception Date": "N/A"}}, "fin": {}, "bs": {}, "cf": {}}}, {"AMBOY": {"quote": {"03/21/2021": {"value": "", "Net Assets": "N/A", "Beta (5Y Monthly)": "N/A", "Yield": "N/A", "5y Average Return": "N/A", "Holdings Turnover": "N/A", "Last Dividend": "N/A", "Average for Category": "N/A", "Inception Date": "N/A"}}, "fin": {}, "bs": {}, "cf": {}}}, {"ASPU": {"quote": {"03/21/2021": {"value": "6.78", "Market Cap": "169.164M", "Beta (5Y Monthly)": "0.77", "PE Ratio (TTM)": "N/A", "EPS (TTM)": "-0.38", "Earnings Date": "Mar 16, 2021", "Forward Dividend & Yield": "N/A (N/A)", "Ex-Dividend Date": "N/A", "1y Target Est": "13.83"}}, "fin": {"TTM": {"Duration": "TTM", "Total Revenue": "62,841", "Cost of Revenue": "26,163", "Gross Profit": "36,677", "Operating Expense": "40,485", "Operating Income": "-3,808", "Net Non Operating Interest Income Expense": "-2,412", "Other Income Expense": "-2,539", "Pretax Income": "-8,759", "Tax Provision": "34.402", "Net Income Common Stockholders": "-8,794", "Diluted NI Available to Com Stockholders": "-8,794", "Basic EPS": "-", "Diluted EPS": "-", "Basic Average Shares": "-", "Diluted Average Shares": "-", "Total Operating Income as Reported": "-6,290", "Total Expenses": "66,649", "Net Income from Continuing & Discontinued Operation": "-8,794", "Normalized Income": "-7,304", "Interest Expense": "2,412", "Net Interest Income": "-2,412", "EBIT": "-6,347", "EBITDA": "-4,301", "Reconciled Cost of Revenue": "26,163", "Reconciled Depreciation": "2,046", "Net Income from Continuing Operation Net Minority Interest": "-8,794", "Total Unusual Items Excluding Goodwill": "-2,482", "Total Unusual Items": "-2,482", "Normalized EBITDA": "-1,819", "Tax Rate for Calcs": "0", "Tax Effect of Unusual Items": "-992.802"}, "4/30/2020": {"Duration": "4/30/2020", "Total Revenue": "49,061", "Cost of Revenue": "19,135", "Gross Profit": "29,926", "Operating Expense": "32,533", "Operating Income": "-2,607", "Net Non Operating Interest Income Expense": "-1,818", "Other Income Expense": "-1,182", "Pretax Income": "-5,607", "Tax Provision": "51.82", "Net Income Common Stockholders": "-5,659", "Diluted NI Available to Com Stockholders": "-5,659", "Basic EPS": "-0.29", "Diluted EPS": "-0.29", "Basic Average Shares": "19,709", "Diluted Average Shares": "19,709", "Total Operating Income as Reported": "-4,038", "Total Expenses": "51,668", "Net Income from Continuing & Discontinued Operation": "-5,659", "Normalized Income": "-4,614", "Interest Expense": "1,818", "Net Interest Income": "-1,818", "EBIT": "-3,789", "EBITDA": "-", "Reconciled Cost of Revenue": "19,135", "Reconciled Depreciation": "2,203", "Net Income from Continuing Operation Net Minority Interest": "-5,659", "Total Unusual Items Excluding Goodwill": "-1,431", "Total Unusual Items": "-1,431", "Normalized EBITDA": "-154.496", "Tax Rate for Calcs": "0", "Tax Effect of Unusual Items": "-386.4267"}, "4/30/2019": {"Duration": "4/30/2019", "Total Revenue": "34,025", "Cost of Revenue": "15,977", "Gross Profit": "18,048", "Operating Expense": "27,158", "Operating Income": "-9,110", "Net Non Operating Interest Income Expense": "-444.68", "Other Income Expense": "276.189", "Pretax Income": "-9,278", "Tax Provision": "0", "Net Income Common Stockholders": "-9,278", "Diluted NI Available to Com Stockholders": "-9,278", "Basic EPS": "-0.50", "Diluted EPS": "-0.50", "Basic Average Shares": "18,409", "Diluted Average Shares": "18,409", "Total Operating Income as Reported": "-9,110", "Total Expenses": "43,135", "Net Income from Continuing & Discontinued Operation": "-9,278", "Normalized Income": "-9,278", "Interest Expense": "444.68", "Net Interest Income": "-444.68", "EBIT": "-8,834", "EBITDA": "-", "Reconciled Cost of Revenue": "15,977", "Reconciled Depreciation": "2,170", "Net Income from Continuing Operation Net Minority Interest": "-9,278", "Total Unusual Items Excluding Goodwill": "-", "Total Unusual Items": "-", "Normalized EBITDA": "-6,663", "Tax Rate for Calcs": "0", "Tax Effect of Unusual Items": "0"}, "4/30/2018": {"Duration": "4/30/2018", "Total Revenue": "22,022", "Cost of Revenue": "9,854", "Gross Profit": "12,168", "Operating Expense": "17,421", "Operating Income": "-5,253", "Net Non Operating Interest Income Expense": "-2,010", "Other Income Expense": "202.261", "Pretax Income": "-7,061", "Tax Provision": "0", "Net Income Common Stockholders": "-7,061", "Diluted NI Available to Com Stockholders": "-7,061", "Basic EPS": "-0.50", "Diluted EPS": "-0.50", "Basic Average Shares": "14,216", "Diluted Average Shares": "14,216", "Total Operating Income as Reported": "-5,253", "Total Expenses": "27,275", "Net Income from Continuing & Discontinued Operation": "-7,061", "Normalized Income": "-7,114", "Interest Expense": "2,010", "Net Interest Income": "-2,010", "EBIT": "-5,051", "EBITDA": "-", "Reconciled Cost of Revenue": "9,854", "Reconciled Depreciation": "1,092", "Net Income from Continuing Operation Net Minority Interest": "-7,061", "Total Unusual Items Excluding Goodwill": "52.5", "Total Unusual Items": "52.5", "Normalized EBITDA": "-4,011", "Tax Rate for Calcs": "0", "Tax Effect of Unusual Items": "0"}}, "bs": {"4/30/2020": {"Duration": "4/30/2020", "Total Assets": "66,240", "Total Liabilities Net Minority Interest": "24,492", "Total Equity Gross Minority Interest": "41,748", "Total Capitalization": "50,197", "Common Stock Equity": "41,748", "Capital Lease Obligations": "7,369", "Net Tangible Assets": "28,725", "Working Capital": "23,014", "Invested Capital": "50,197", "Tangible Book Value": "28,725", "Total Debt": "15,818", "Net Debt": "-", "Share Issued": "21,771", "Ordinary Shares Number": "21,754", "Treasury Shares Number": "16.667"}, "4/30/2019": {"Duration": "4/30/2019", "Total Assets": "43,205", "Total Liabilities Net Minority Interest": "16,743", "Total Equity Gross Minority Interest": "26,461", "Total Capitalization": "36,108", "Common Stock Equity": "26,461", "Capital Lease Obligations": "-", "Net Tangible Assets": "12,746", "Working Capital": "14,687", "Invested Capital": "36,158", "Tangible Book Value": "12,746", "Total Debt": "9,697", "Net Debt": "177.32", "Share Issued": "18,666", "Ordinary Shares Number": "18,649", "Treasury Shares Number": "16.667"}, "4/30/2018": {"Duration": "4/30/2018", "Total Assets": "41,589", "Total Liabilities Net Minority Interest": "7,855", "Total Equity Gross Minority Interest": "33,734", "Total Capitalization": "34,734", "Common Stock Equity": "33,734", "Capital Lease Obligations": "-", "Net Tangible Assets": "18,942", "Working Capital": "15,212", "Invested Capital": "35,784", "Tangible Book Value": "18,942", "Total Debt": "2,050", "Net Debt": "-", "Share Issued": "18,334", "Ordinary Shares Number": "18,317", "Treasury Shares Number": "16.667"}}, "cf": {"TTM": {"Duration": "TTM", "Operating Cash Flow": "-7,199", "Investing Cash Flow": "-4,259", "Financing Cash Flow": "3,871", "End Cash Position": "13,382", "Income Tax Paid Supplemental Data": "-9.479", "Interest Paid Supplemental Data": "539.451", "Capital Expenditure": "-4,259", "Issuance of Capital Stock": "16.327", "Issuance of Debt": "-", "Repayment of Debt": "-", "Repurchase of Capital Stock": "-", "Free Cash Flow": "-11,458"}, "4/30/2020": {"Duration": "4/30/2020", "Operating Cash Flow": "-5,749", "Investing Cash Flow": "-3,290", "Financing Cash Flow": "16,978", "End Cash Position": "17,907", "Income Tax Paid Supplemental Data": "51.82", "Interest Paid Supplemental Data": "1,208", "Capital Expenditure": "-3,290", "Issuance of Capital Stock": "16,067", "Issuance of Debt": "0", "Repayment of Debt": "0", "Repurchase of Capital Stock": "0", "Free Cash Flow": "-9,039"}, "4/30/2019": {"Duration": "4/30/2019", "Operating Cash Flow": "-10,216", "Investing Cash Flow": "-2,623", "Financing Cash Flow": "8,004", "End Cash Position": "9,968", "Income Tax Paid Supplemental Data": "0", "Interest Paid Supplemental Data": "118.217", "Capital Expenditure": "-2,623", "Issuance of Capital Stock": "7,370", "Issuance of Debt": "10,000", "Repayment of Debt": "-2,061", "Repurchase of Capital Stock": "-7,370", "Free Cash Flow": "-12,839"}, "4/30/2018": {"Duration": "4/30/2018", "Operating Cash Flow": "-5,610", "Investing Cash Flow": "-3,712", "Financing Cash Flow": "21,178", "End Cash Position": "14,613", "Income Tax Paid Supplemental Data": "0", "Interest Paid Supplemental Data": "540.341", "Capital Expenditure": "-1,885", "Issuance of Capital Stock": "23,023", "Issuance of Debt": "7,500", "Repayment of Debt": "-7,500", "Repurchase of Capital Stock": "-", "Free Cash Flow": "-7,495"}}}}, {"CPLA": {"quote": {"03/21/2021": {"value": "", "Net Assets": "N/A", "Beta (5Y Monthly)": "N/A", "Yield": "N/A", "5y Average Return": "N/A", "Holdings Turnover": "N/A", "Last Dividend": "N/A", "Average for Category": "N/A", "Inception Date": "N/A"}}, "fin": {}, "bs": {}, "cf": {}}}, {"LOPE": {"quote": {"03/21/2021": {"value": "110.82", "Market Cap": "5.195B", "Beta (5Y Monthly)": "0.59", "PE Ratio (TTM)": "20.33", "EPS (TTM)": "5.45", "Earnings Date": "May 05, 2021 - May 10, 2021", "Forward Dividend & Yield": "N/A (N/A)", "Ex-Dividend Date": "N/A", "1y Target Est": "123.80"}}, "fin": {"TTM": {"Duration": "TTM", "Total Revenue": "778,643", "Cost of Revenue": "314,110", "Gross Profit": "464,533", "Operating Expense": "199,402", "Operating Income": "265,131", "Net Non Operating Interest Income Expense": "47,986", "Other Income Expense": "4,385", "Pretax Income": "317,502", "Tax Provision": "58,327", "Net Income Common Stockholders": "259,175", "Diluted NI Available to Com Stockholders": "259,175", "Basic EPS": "-", "Diluted EPS": "-", "Basic Average Shares": "-", "Diluted Average Shares": "-", "Total Operating Income as Reported": "265,131", "Total Expenses": "513,512", "Net Income from Continuing & Discontinued Operation": "259,175", "Normalized Income": "255,597", "Interest Income": "59,297", "Interest Expense": "11,311", "Net Interest Income": "47,986", "EBIT": "328,813", "EBITDA": "355,732", "Reconciled Cost of Revenue": "295,414", "Reconciled Depreciation": "26,919", "Net Income from Continuing Operation Net Minority Interest": "259,175", "Total Unusual Items Excluding Goodwill": "4,385", "Total Unusual Items": "4,385", "Normalized EBITDA": "351,347", "Tax Rate for Calcs": "0", "Tax Effect of Unusual Items": "806.84"}, "12/31/2020": {"Duration": "12/31/2020", "Total Revenue": "844,096", "Cost of Revenue": "350,546", "Gross Profit": "493,550", "Operating Expense": "216,113", "Operating Income": "277,437", "Net Non Operating Interest Income Expense": "54,788", "Other Income Expense": "915", "Pretax Income": "333,140", "Tax Provision": "75,944", "Net Income Common Stockholders": "257,196", "Diluted NI Available to Com Stockholders": "257,196", "Basic EPS": "5.49", "Diluted EPS": "5.45", "Basic Average Shares": "46,880", "Diluted Average Shares": "47,165", "Total Operating Income as Reported": "277,437", "Total Expenses": "566,659", "Net Income from Continuing & Discontinued Operation": "257,196", "Normalized Income": "256,490", "Interest Income": "59,190", "Interest Expense": "4,402", "Net Interest Income": "54,788", "EBIT": "337,542", "EBITDA": "-", "Reconciled Cost of Revenue": "329,313", "Reconciled Depreciation": "29,652", "Net Income from Continuing Operation Net Minority Interest": "257,196", "Total Unusual Items Excluding Goodwill": "915", "Total Unusual Items": "915", "Normalized EBITDA": "366,279", "Tax Rate for Calcs": "0", "Tax Effect of Unusual Items": "208.62"}, "12/31/2019": {"Duration": "12/31/2019", "Total Revenue": "778,643", "Cost of Revenue": "314,110", "Gross Profit": "464,533", "Operating Expense": "195,436", "Operating Income": "269,097", "Net Non Operating Interest Income Expense": "47,986", "Other Income Expense": "419", "Pretax Income": "317,502", "Tax Provision": "58,327", "Net Income Common Stockholders": "259,175", "Diluted NI Available to Com Stockholders": "259,175", "Basic EPS": "5.42", "Diluted EPS": "5.37", "Basic Average Shares": "47,814", "Diluted Average Shares": "48,266", "Total Operating Income as Reported": "265,131", "Total Expenses": "509,546", "Net Income from Continuing & Discontinued Operation": "259,175", "Normalized Income": "258,833", "Interest Income": "59,297", "Interest Expense": "11,311", "Net Interest Income": "47,986", "EBIT": "328,813", "EBITDA": "-", "Reconciled Cost of Revenue": "295,414", "Reconciled Depreciation": "26,919", "Net Income from Continuing Operation Net Minority Interest": "259,175", "Total Unusual Items Excluding Goodwill": "419", "Total Unusual Items": "419", "Normalized EBITDA": "355,313", "Tax Rate for Calcs": "0", "Tax Effect of Unusual Items": "77.096"}, "12/31/2018": {"Duration": "12/31/2018", "Total Revenue": "845,501", "Cost of Revenue": "421,594", "Gross Profit": "423,907", "Operating Expense": "147,388", "Operating Income": "276,519", "Net Non Operating Interest Income Expense": "25,411", "Other Income Expense": "-14,930", "Pretax Income": "287,000", "Tax Provision": "57,989", "Net Income Common Stockholders": "229,011", "Diluted NI Available to Com Stockholders": "229,011", "Basic EPS": "4.81", "Diluted EPS": "4.73", "Basic Average Shares": "47,608", "Diluted Average Shares": "48,414", "Total Operating Income as Reported": "258,149", "Total Expenses": "568,982", "Net Income from Continuing & Discontinued Operation": "229,011", "Normalized Income": "240,925", "Interest Income": "26,947", "Interest Expense": "1,536", "Net Interest Income": "25,411", "EBIT": "288,536", "EBITDA": "-", "Reconciled Cost of Revenue": "421,594", "Reconciled Depreciation": "35,673", "Net Income from Continuing Operation Net Minority Interest": "229,011", "Total Unusual Items Excluding Goodwill": "-14,930", "Total Unusual Items": "-14,930", "Normalized EBITDA": "339,139", "Tax Rate for Calcs": "0", "Tax Effect of Unusual Items": "-3,016"}}, "bs": {"12/31/2020": {"Duration": "12/31/2020", "Total Assets": "1,844,579", "Total Liabilities Net Minority Interest": "270,250", "Total Equity Gross Minority Interest": "1,574,329", "Total Capitalization": "1,648,959", "Common Stock Equity": "1,574,329", "Capital Lease Obligations": "64,004", "Net Tangible Assets": "1,219,925", "Working Capital": "215,024", "Invested Capital": "1,682,103", "Tangible Book Value": "1,219,925", "Total Debt": "171,778", "Net Debt": "-", "Share Issued": "53,277", "Ordinary Shares Number": "46,649", "Treasury Shares Number": "6,628"}, "12/31/2019": {"Duration": "12/31/2019", "Total Assets": "1,690,289", "Total Liabilities Net Minority Interest": "246,856", "Total Equity Gross Minority Interest": "1,443,433", "Total Capitalization": "1,551,207", "Common Stock Equity": "1,443,433", "Capital Lease Obligations": "28,603", "Net Tangible Assets": "1,080,610", "Working Capital": "113,114", "Invested Capital": "1,584,351", "Tangible Book Value": "1,080,610", "Total Debt": "169,521", "Net Debt": "18,646", "Share Issued": "53,054", "Ordinary Shares Number": "48,105", "Treasury Shares Number": "4,949"}, "12/31/2018": {"Duration": "12/31/2018", "Total Assets": "1,324,017", "Total Liabilities Net Minority Interest": "110,420", "Total Equity Gross Minority Interest": "1,213,597", "Total Capitalization": "1,237,034", "Common Stock Equity": "1,213,597", "Capital Lease Obligations": "-", "Net Tangible Assets": "1,210,656", "Working Capital": "228,948", "Invested Capital": "1,273,502", "Tangible Book Value": "1,210,656", "Total Debt": "59,905", "Net Debt": "-", "Share Issued": "52,690", "Ordinary Shares Number": "48,201", "Treasury Shares Number": "4,489"}}, "cf": {"TTM": {"Duration": "TTM", "Operating Cash Flow": "306,344", "Investing Cash Flow": "-405,875", "Financing Cash Flow": "40,090", "End Cash Position": "122,572", "Income Tax Paid Supplemental Data": "59,903", "Interest Paid Supplemental Data": "11,516", "Capital Expenditure": "-22,651", "Issuance of Debt": "243,750", "Repayment of Debt": "-161,183", "Repurchase of Capital Stock": "-43,913", "Free Cash Flow": "283,693"}, "12/31/2020": {"Duration": "12/31/2020", "Operating Cash Flow": "308,823", "Investing Cash Flow": "-19,351", "Financing Cash Flow": "-166,275", "End Cash Position": "245,769", "Income Tax Paid Supplemental Data": "68,381", "Interest Paid Supplemental Data": "4,306", "Capital Expenditure": "-29,942", "Issuance of Debt": "0", "Repayment of Debt": "-33,144", "Repurchase of Capital Stock": "-134,014", "Free Cash Flow": "278,881"}, "12/31/2019": {"Duration": "12/31/2019", "Operating Cash Flow": "306,344", "Investing Cash Flow": "-405,875", "Financing Cash Flow": "40,090", "End Cash Position": "122,572", "Income Tax Paid Supplemental Data": "59,903", "Interest Paid Supplemental Data": "11,516", "Capital Expenditure": "-22,651", "Issuance of Debt": "243,750", "Repayment of Debt": "-161,183", "Repurchase of Capital Stock": "-43,913", "Free Cash Flow": "283,693"}, "12/31/2018": {"Duration": "12/31/2018", "Operating Cash Flow": "199,085", "Investing Cash Flow": "-238,235", "Financing Cash Flow": "-26,845", "End Cash Position": "182,013", "Income Tax Paid Supplemental Data": "78,195", "Interest Paid Supplemental Data": "1,511", "Capital Expenditure": "-94,857", "Issuance of Debt": "-", "Repayment of Debt": "-6,719", "Repurchase of Capital Stock": "-24,758", "Free Cash Flow": "104,228"}}}}, {"LINC": {"quote": {"03/21/2021": {"value": "6.95", "Market Cap": "187.574M", "Beta (5Y Monthly)": "1.00", "PE Ratio (TTM)": "4.67", "EPS (TTM)": "1.49", "Earnings Date": "Mar 03, 2021", "Forward Dividend & Yield": "N/A (N/A)", "Ex-Dividend Date": "Dec 11, 2014", "1y Target Est": "9.50"}}, "fin": {"TTM": {"Duration": "TTM", "Total Revenue": "285,218", "Cost of Revenue": "121,288", "Gross Profit": "163,930", "Operating Expense": "150,675", "Operating Income": "13,255", "Net Non Operating Interest Income Expense": "-1,781", "Other Income Expense": "452", "Pretax Income": "11,926", "Tax Provision": "174", "Net Income Common Stockholders": "10,354", "Diluted NI Available to Com Stockholders": "10,354", "Basic EPS": "-", "Diluted EPS": "-", "Basic Average Shares": "-", "Diluted Average Shares": "-", "Total Operating Income as Reported": "13,707", "Total Expenses": "271,963", "Net Income from Continuing & Discontinued Operation": "11,752", "Normalized Income": "11,307", "Interest Income": "1", "Interest Expense": "1,782", "Net Interest Income": "-1,781", "EBIT": "13,708", "EBITDA": "21,398", "Reconciled Cost of Revenue": "121,288", "Reconciled Depreciation": "7,690", "Net Income from Continuing Operation Net Minority Interest": "11,752", "Total Unusual Items Excluding Goodwill": "452", "Total Unusual Items": "452", "Normalized EBITDA": "20,946", "Tax Rate for Calcs": "0", "Tax Effect of Unusual Items": "6.5947"}, "12/31/2020": {"Duration": "12/31/2020", "Total Revenue": "293,095", "Cost of Revenue": "122,196", "Gross Profit": "170,899", "Operating Expense": "156,199", "Operating Income": "14,700", "Net Non Operating Interest Income Expense": "-1,275", "Other Income Expense": "81", "Pretax Income": "13,506", "Tax Provision": "-35,059", "Net Income Common Stockholders": "36,813", "Diluted NI Available to Com Stockholders": "36,813", "Basic EPS": "1.49", "Diluted EPS": "1.49", "Basic Average Shares": "24,748", "Diluted Average Shares": "24,748", "Total Operating Income as Reported": "14,781", "Total Expenses": "278,395", "Net Income from Continuing & Discontinued Operation": "48,565", "Normalized Income": "48,506", "Interest Income": "0", "Interest Expense": "1,275", "Net Interest Income": "-1,275", "EBIT": "14,781", "EBITDA": "-", "Reconciled Cost of Revenue": "122,196", "Reconciled Depreciation": "7,400", "Net Income from Continuing Operation Net Minority Interest": "48,565", "Total Unusual Items Excluding Goodwill": "81", "Total Unusual Items": "81", "Normalized EBITDA": "22,100", "Tax Rate for Calcs": "0", "Tax Effect of Unusual Items": "21.87"}, "12/31/2019": {"Duration": "12/31/2019", "Total Revenue": "273,342", "Cost of Revenue": "123,495", "Gross Profit": "149,847", "Operating Expense": "145,176", "Operating Income": "4,671", "Net Non Operating Interest Income Expense": "-2,955", "Other Income Expense": "567", "Pretax Income": "2,283", "Tax Provision": "268", "Net Income Common Stockholders": "2,015", "Diluted NI Available to Com Stockholders": "2,015", "Basic EPS": "0.08", "Diluted EPS": "0.08", "Basic Average Shares": "24,554", "Diluted Average Shares": "24,554", "Total Operating Income as Reported": "5,238", "Total Expenses": "268,671", "Net Income from Continuing & Discontinued Operation": "2,015", "Normalized Income": "1,514", "Interest Income": "8", "Interest Expense": "2,963", "Net Interest Income": "-2,955", "EBIT": "5,246", "EBITDA": "-", "Reconciled Cost of Revenue": "123,495", "Reconciled Depreciation": "8,116", "Net Income from Continuing Operation Net Minority Interest": "2,015", "Total Unusual Items Excluding Goodwill": "567", "Total Unusual Items": "567", "Normalized EBITDA": "12,795", "Tax Rate for Calcs": "0", "Tax Effect of Unusual Items": "66.339"}, "12/31/2018": {"Duration": "12/31/2018", "Total Revenue": "263,200", "Cost of Revenue": "125,373", "Gross Profit": "137,827", "Operating Expense": "141,244", "Operating Income": "-3,417", "Net Non Operating Interest Income Expense": "-2,391", "Other Income Expense": "-537", "Pretax Income": "-6,345", "Tax Provision": "200", "Net Income Common Stockholders": "-6,545", "Diluted NI Available to Com Stockholders": "-6,545", "Basic EPS": "-0.27", "Diluted EPS": "-0.27", "Basic Average Shares": "24,423", "Diluted Average Shares": "24,423", "Total Operating Income as Reported": "-3,954", "Total Expenses": "266,617", "Net Income from Continuing & Discontinued Operation": "-6,545", "Normalized Income": "-6,153", "Interest Income": "31", "Interest Expense": "2,422", "Net Interest Income": "-2,391", "EBIT": "-3,923", "EBITDA": "-", "Reconciled Cost of Revenue": "125,373", "Reconciled Depreciation": "8,421", "Net Income from Continuing Operation Net Minority Interest": "-6,545", "Total Unusual Items Excluding Goodwill": "-537", "Total Unusual Items": "-537", "Normalized EBITDA": "5,035", "Tax Rate for Calcs": "0", "Tax Effect of Unusual Items": "-144.99"}}, "bs": {"12/31/2020": {"Duration": "12/31/2020", "Total Assets": "245,190", "Total Liabilities Net Minority Interest": "154,123", "Total Equity Gross Minority Interest": "91,067", "Total Capitalization": "106,279", "Common Stock Equity": "91,067", "Capital Lease Obligations": "61,206", "Net Tangible Assets": "76,531", "Working Capital": "7,322", "Invested Capital": "108,279", "Tangible Book Value": "76,531", "Total Debt": "78,418", "Net Debt": "-", "Share Issued": "32,387", "Ordinary Shares Number": "26,476", "Treasury Shares Number": "5,911"}, "12/31/2019": {"Duration": "12/31/2019", "Total Assets": "194,763", "Total Liabilities Net Minority Interest": "151,615", "Total Equity Gross Minority Interest": "43,148", "Total Capitalization": "75,176", "Common Stock Equity": "43,148", "Capital Lease Obligations": "55,160", "Net Tangible Assets": "28,612", "Working Capital": "-6,728", "Invested Capital": "77,176", "Tangible Book Value": "28,612", "Total Debt": "89,188", "Net Debt": "10,384", "Share Issued": "31,142", "Ordinary Shares Number": "25,232", "Treasury Shares Number": "5,911"}, "12/31/2018": {"Duration": "12/31/2018", "Total Assets": "146,038", "Total Liabilities Net Minority Interest": "106,172", "Total Equity Gross Minority Interest": "39,866", "Total Capitalization": "73,635", "Common Stock Equity": "39,866", "Capital Lease Obligations": "-", "Net Tangible Assets": "25,330", "Working Capital": "-7,470", "Invested Capital": "88,635", "Tangible Book Value": "25,330", "Total Debt": "48,769", "Net Debt": "31,198", "Share Issued": "30,552", "Ordinary Shares Number": "24,642", "Treasury Shares Number": "5,911"}}, "cf": {"TTM": {"Duration": "TTM", "Operating Cash Flow": "16,103", "Investing Cash Flow": "-5,206", "Financing Cash Flow": "942", "End Cash Position": "27,593", "Income Tax Paid Supplemental Data": "126", "Interest Paid Supplemental Data": "1,362", "Capital Expenditure": "-5,667", "Issuance of Capital Stock": "0", "Issuance of Debt": "46,000", "Repayment of Debt": "-54,848", "Free Cash Flow": "10,436"}, "12/31/2020": {"Duration": "12/31/2020", "Operating Cash Flow": "23,485", "Investing Cash Flow": "-5,483", "Financing Cash Flow": "-18,620", "End Cash Position": "38,026", "Income Tax Paid Supplemental Data": "179", "Interest Paid Supplemental Data": "1,110", "Capital Expenditure": "-5,580", "Issuance of Capital Stock": "0", "Issuance of Debt": "11,000", "Repayment of Debt": "-28,000", "Free Cash Flow": "17,905"}, "12/31/2019": {"Duration": "12/31/2019", "Operating Cash Flow": "988", "Investing Cash Flow": "-4,810", "Financing Cash Flow": "-3,480", "End Cash Position": "38,644", "Income Tax Paid Supplemental Data": "118", "Interest Paid Supplemental Data": "2,155", "Capital Expenditure": "-5,385", "Issuance of Capital Stock": "12,700", "Issuance of Debt": "40,045", "Repayment of Debt": "-54,514", "Free Cash Flow": "-4,397"}, "12/31/2018": {"Duration": "12/31/2018", "Operating Cash Flow": "-1,694", "Investing Cash Flow": "-2,349", "Financing Cash Flow": "-4,565", "End Cash Position": "45,946", "Income Tax Paid Supplemental Data": "191", "Interest Paid Supplemental Data": "2,030", "Capital Expenditure": "-4,697", "Issuance of Capital Stock": "-", "Issuance of Debt": "31,000", "Repayment of Debt": "-35,099", "Free Cash Flow": "-6,391"}}}}, {"CHGG": {"quote": {"03/21/2021": {"value": "91.69", "Market Cap": "12.873B", "Beta (5Y Monthly)": "0.85", "PE Ratio (TTM)": "N/A", "EPS (TTM)": "-0.05", "Earnings Date": "May 03, 2021 - May 07, 2021", "Forward Dividend & Yield": "N/A (N/A)", "Ex-Dividend Date": "N/A", "1y Target Est": "114.00"}}, "fin": {"TTM": {"Duration": "TTM", "Total Revenue": "644,338", "Cost of Revenue": "205,417", "Gross Profit": "438,921", "Operating Expense": "382,168", "Operating Income": "56,753", "Net Non Operating Interest Income Expense": "-66,297", "Other Income Expense": "8,683", "Pretax Income": "-861", "Tax Provision": "5,360", "Net Income Common Stockholders": "-6,221", "Diluted NI Available to Com Stockholders": "-6,221", "Basic EPS": "-", "Diluted EPS": "-", "Basic Average Shares": "-", "Diluted Average Shares": "-", "Total Operating Income as Reported": "56,753", "Rent Expense Supplemental": "-", "Total Expenses": "587,585", "Net Income from Continuing & Discontinued Operation": "-6,221", "Normalized Income": "-6,221", "Interest Expense": "66,297", "Net Interest Income": "-66,297", "EBIT": "65,436", "EBITDA": "127,851", "Reconciled Cost of Revenue": "205,417", "Reconciled Depreciation": "62,415", "Net Income from Continuing Operation Net Minority Interest": "-6,221", "Total Unusual Items Excluding Goodwill": "0", "Total Unusual Items": "0", "Normalized EBITDA": "127,851", "Tax Rate for Calcs": "0", "Tax Effect of Unusual Items": "0"}, "12/31/2020": {"Duration": "12/31/2020", "Total Revenue": "644,338", "Cost of Revenue": "205,417", "Gross Profit": "438,921", "Operating Expense": "382,168", "Operating Income": "56,753", "Net Non Operating Interest Income Expense": "-66,297", "Other Income Expense": "8,683", "Pretax Income": "-861", "Tax Provision": "5,360", "Net Income Common Stockholders": "-6,221", "Diluted NI Available to Com Stockholders": "-6,221", "Basic EPS": "-", "Diluted EPS": "-", "Basic Average Shares": "-", "Diluted Average Shares": "-", "Total Operating Income as Reported": "56,753", "Rent Expense Supplemental": "-", "Total Expenses": "587,585", "Net Income from Continuing & Discontinued Operation": "-6,221", "Normalized Income": "-6,221", "Interest Expense": "66,297", "Net Interest Income": "-66,297", "EBIT": "65,436", "EBITDA": "-", "Reconciled Cost of Revenue": "205,417", "Reconciled Depreciation": "62,415", "Net Income from Continuing Operation Net Minority Interest": "-6,221", "Total Unusual Items Excluding Goodwill": "0", "Total Unusual Items": "0", "Normalized EBITDA": "127,851", "Tax Rate for Calcs": "0", "Tax Effect of Unusual Items": "0"}, "12/31/2019": {"Duration": "12/31/2019", "Total Revenue": "410,926", "Cost of Revenue": "92,182", "Gross Profit": "318,744", "Operating Expense": "300,830", "Operating Income": "17,914", "Net Non Operating Interest Income Expense": "-44,851", "Other Income Expense": "19,966", "Pretax Income": "-6,971", "Tax Provision": "2,634", "Net Income Common Stockholders": "-9,605", "Diluted NI Available to Com Stockholders": "-9,605", "Basic EPS": "-0.08", "Diluted EPS": "-0.08", "Basic Average Shares": "119,204", "Diluted Average Shares": "119,204", "Total Operating Income as Reported": "17,817", "Rent Expense Supplemental": "-", "Total Expenses": "393,012", "Net Income from Continuing & Discontinued Operation": "-9,605", "Normalized Income": "-9,534", "Interest Expense": "44,851", "Net Interest Income": "-44,851", "EBIT": "37,880", "EBITDA": "-", "Reconciled Cost of Revenue": "92,182", "Reconciled Depreciation": "30,247", "Net Income from Continuing Operation Net Minority Interest": "-9,605", "Total Unusual Items Excluding Goodwill": "-97", "Total Unusual Items": "-97", "Normalized EBITDA": "68,224", "Tax Rate for Calcs": "0", "Tax Effect of Unusual Items": "-26.19"}, "12/31/2018": {"Duration": "12/31/2018", "Total Revenue": "321,084", "Cost of Revenue": "79,996", "Gross Profit": "241,088", "Operating Expense": "246,719", "Operating Income": "-5,631", "Net Non Operating Interest Income Expense": "-11,225", "Other Income Expense": "3,398", "Pretax Income": "-13,458", "Tax Provision": "1,430", "Net Income Common Stockholders": "-14,888", "Diluted NI Available to Com Stockholders": "-14,888", "Basic EPS": "-0.13", "Diluted EPS": "-0.13", "Basic Average Shares": "113,251", "Diluted Average Shares": "113,251", "Total Operating Income as Reported": "-6,220", "Rent Expense Supplemental": "0", "Total Expenses": "326,715", "Net Income from Continuing & Discontinued Operation": "-14,888", "Normalized Income": "-14,458", "Interest Expense": "11,225", "Net Interest Income": "-11,225", "EBIT": "-2,233", "EBITDA": "-", "Reconciled Cost of Revenue": "79,996", "Reconciled Depreciation": "22,805", "Net Income from Continuing Operation Net Minority Interest": "-14,888", "Total Unusual Items Excluding Goodwill": "-589", "Total Unusual Items": "-589", "Normalized EBITDA": "21,161", "Tax Rate for Calcs": "0", "Tax Effect of Unusual Items": "-159.03"}}, "bs": {"12/31/2020": {"Duration": "12/31/2020", "Total Assets": "2,251,258", "Total Liabilities Net Minority Interest": "1,641,623", "Total Equity Gross Minority Interest": "609,635", "Total Capitalization": "2,116,557", "Common Stock Equity": "609,635", "Capital Lease Obligations": "25,867", "Net Tangible Assets": "273,172", "Working Capital": "1,073,223", "Invested Capital": "2,116,557", "Tangible Book Value": "273,172", "Total Debt": "1,532,789", "Net Debt": "1,027,069", "Share Issued": "129,344", "Ordinary Shares Number": "129,344"}, "12/31/2019": {"Duration": "12/31/2019", "Total Assets": "1,488,998", "Total Liabilities Net Minority Interest": "990,169", "Total Equity Gross Minority Interest": "498,829", "Total Capitalization": "1,399,132", "Common Stock Equity": "498,829", "Capital Lease Obligations": "19,796", "Net Tangible Assets": "249,649", "Working Capital": "735,878", "Invested Capital": "1,399,132", "Tangible Book Value": "249,649", "Total Debt": "920,099", "Net Debt": "512,783", "Share Issued": "121,584", "Ordinary Shares Number": "121,584"}, "12/31/2018": {"Duration": "12/31/2018", "Total Assets": "760,938", "Total Liabilities Net Minority Interest": "350,304", "Total Equity Gross Minority Interest": "410,634", "Total Capitalization": "694,302", "Common Stock Equity": "410,634", "Capital Lease Obligations": "-", "Net Tangible Assets": "235,195", "Working Capital": "435,253", "Invested Capital": "694,302", "Tangible Book Value": "235,195", "Total Debt": "283,668", "Net Debt": "-", "Share Issued": "115,500", "Ordinary Shares Number": "115,500"}}, "cf": {"TTM": {"Duration": "TTM", "Operating Cash Flow": "236,442", "Investing Cash Flow": "-732,786", "Financing Cash Flow": "588,627", "End Cash Position": "481,715", "Income Tax Paid Supplemental Data": "3,436", "Interest Paid Supplemental Data": "1,766", "Capital Expenditure": "-139,884", "Issuance of Capital Stock": "-", "Issuance of Debt": "984,096", "Repayment of Debt": "-303,967", "Repurchase of Capital Stock": "0", "Free Cash Flow": "96,558"}, "12/31/2020": {"Duration": "12/31/2020", "Operating Cash Flow": "236,442", "Investing Cash Flow": "-732,786", "Financing Cash Flow": "588,627", "End Cash Position": "481,715", "Income Tax Paid Supplemental Data": "3,436", "Interest Paid Supplemental Data": "1,766", "Capital Expenditure": "-139,884", "Issuance of Capital Stock": "-", "Issuance of Debt": "984,096", "Repayment of Debt": "-303,967", "Repurchase of Capital Stock": "0", "Free Cash Flow": "96,558"}, "12/31/2019": {"Duration": "12/31/2019", "Operating Cash Flow": "113,403", "Investing Cash Flow": "-703,425", "Financing Cash Flow": "603,509", "End Cash Position": "389,432", "Income Tax Paid Supplemental Data": "2,070", "Interest Paid Supplemental Data": "1,332", "Capital Expenditure": "-42,326", "Issuance of Capital Stock": "0", "Issuance of Debt": "780,180", "Repayment of Debt": "-97,200", "Repurchase of Capital Stock": "-20,000", "Free Cash Flow": "71,077"}, "12/31/2018": {"Duration": "12/31/2018", "Operating Cash Flow": "75,113", "Investing Cash Flow": "-82,549", "Financing Cash Flow": "256,418", "End Cash Position": "375,945", "Income Tax Paid Supplemental Data": "2,097", "Interest Paid Supplemental Data": "605", "Capital Expenditure": "-31,223", "Issuance of Capital Stock": "0", "Issuance of Debt": "335,618", "Repayment of Debt": "-39,227", "Repurchase of Capital Stock": "-20,000", "Free Cash Flow": "43,890"}}}}, {"HMHC": {"quote": {"03/21/2021": {"value": "6.82", "Market Cap": "860.145M", "Beta (5Y Monthly)": "1.26", "PE Ratio (TTM)": "N/A", "EPS (TTM)": "-3.83", "Earnings Date": "May 05, 2021 - May 10, 2021", "Forward Dividend & Yield": "N/A (N/A)", "Ex-Dividend Date": "N/A", "1y Target Est": "5.25"}}, "fin": {"TTM": {"Duration": "TTM", "Total Revenue": "1,390,674", "Cost of Revenue": "844,180", "Gross Profit": "546,494", "Operating Expense": "687,916", "Operating Income": "-141,422", "Net Non Operating Interest Income Expense": "-45,621", "Other Income Expense": "-22,589", "Pretax Income": "-209,632", "Tax Provision": "4,201", "Net Income Common Stockholders": "-213,833", "Diluted NI Available to Com Stockholders": "-213,833", "Basic EPS": "-", "Diluted EPS": "-", "Basic Average Shares": "-", "Diluted Average Shares": "-", "Total Operating Income as Reported": "-163,164", "Total Expenses": "1,532,096", "Net Income from Continuing & Discontinued Operation": "-213,833", "Normalized Income": "-197,221", "Interest Income": "3,157", "Interest Expense": "48,778", "Net Interest Income": "-45,621", "EBIT": "-160,854", "EBITDA": "127,787", "Reconciled Cost of Revenue": "580,849", "Reconciled Depreciation": "288,641", "Net Income from Continuing Operation Net Minority Interest": "-213,833", "Total Unusual Items Excluding Goodwill": "-22,756", "Total Unusual Items": "-22,756", "Normalized EBITDA": "150,543", "Tax Rate for Calcs": "0", "Tax Effect of Unusual Items": "-6,144"}, "12/31/2020": {"Duration": "12/31/2020", "Total Revenue": "1,031,292", "Cost of Revenue": "644,052", "Gross Profit": "387,240", "Operating Expense": "503,686", "Operating Income": "-116,446", "Net Non Operating Interest Income Expense": "-65,060", "Other Income Expense": "-310,736", "Pretax Income": "-492,242", "Tax Provision": "-12,404", "Net Income Common Stockholders": "-479,838", "Diluted NI Available to Com Stockholders": "-479,838", "Basic EPS": "-", "Diluted EPS": "-", "Basic Average Shares": "-", "Diluted Average Shares": "-", "Total Operating Income as Reported": "-429,089", "Total Expenses": "1,147,738", "Net Income from Continuing & Discontinued Operation": "-479,838", "Normalized Income": "-177,705", "Interest Income": "899", "Interest Expense": "65,959", "Net Interest Income": "-65,060", "EBIT": "-426,283", "EBITDA": "-", "Reconciled Cost of Revenue": "427,751", "Reconciled Depreciation": "241,886", "Net Income from Continuing Operation Net Minority Interest": "-479,838", "Total Unusual Items Excluding Goodwill": "-309,880", "Total Unusual Items": "-309,880", "Normalized EBITDA": "125,483", "Tax Rate for Calcs": "0", "Tax Effect of Unusual Items": "-7,747"}, "12/31/2019": {"Duration": "12/31/2019", "Total Revenue": "1,390,674", "Cost of Revenue": "844,180", "Gross Profit": "546,494", "Operating Expense": "687,916", "Operating Income": "-141,422", "Net Non Operating Interest Income Expense": "-45,621", "Other Income Expense": "-22,589", "Pretax Income": "-209,632", "Tax Provision": "4,201", "Net Income Common Stockholders": "-213,833", "Diluted NI Available to Com Stockholders": "-213,833", "Basic EPS": "-1.72", "Diluted EPS": "-1.72", "Basic Average Shares": "124,153", "Diluted Average Shares": "124,153", "Total Operating Income as Reported": "-163,164", "Total Expenses": "1,532,096", "Net Income from Continuing & Discontinued Operation": "-213,833", "Normalized Income": "-197,221", "Interest Income": "3,157", "Interest Expense": "48,778", "Net Interest Income": "-45,621", "EBIT": "-160,854", "EBITDA": "-", "Reconciled Cost of Revenue": "580,849", "Reconciled Depreciation": "288,641", "Net Income from Continuing Operation Net Minority Interest": "-213,833", "Total Unusual Items Excluding Goodwill": "-22,756", "Total Unusual Items": "-22,756", "Normalized EBITDA": "150,543", "Tax Rate for Calcs": "0", "Tax Effect of Unusual Items": "-6,144"}, "12/31/2018": {"Duration": "12/31/2018", "Total Revenue": "1,322,417", "Cost of Revenue": "725,437", "Gross Profit": "596,980", "Operating Expense": "676,228", "Operating Income": "-79,248", "Net Non Operating Interest Income Expense": "-43,130", "Other Income Expense": "-9,482", "Pretax Income": "-131,860", "Tax Provision": "5,597", "Net Income Common Stockholders": "-94,155", "Diluted NI Available to Com Stockholders": "-94,155", "Basic EPS": "-0.76", "Diluted EPS": "-0.76", "Basic Average Shares": "123,445", "Diluted Average Shares": "123,445", "Total Operating Income as Reported": "-90,525", "Total Expenses": "1,401,665", "Net Income from Continuing & Discontinued Operation": "-94,155", "Normalized Income": "-129,601", "Interest Income": "2,550", "Interest Expense": "45,680", "Net Interest Income": "-43,130", "EBIT": "-86,180", "EBITDA": "-", "Reconciled Cost of Revenue": "501,904", "Reconciled Depreciation": "250,466", "Net Income from Continuing Operation Net Minority Interest": "-137,457", "Total Unusual Items Excluding Goodwill": "-10,762", "Total Unusual Items": "-10,762", "Normalized EBITDA": "175,048", "Tax Rate for Calcs": "0", "Tax Effect of Unusual Items": "-2,906"}}, "bs": {"12/31/2020": {"Duration": "12/31/2020", "Total Assets": "2,021,126", "Total Liabilities Net Minority Interest": "1,930,663", "Total Equity Gross Minority Interest": "90,463", "Total Capitalization": "715,155", "Common Stock Equity": "90,463", "Capital Lease Obligations": "141,683", "Net Tangible Assets": "-776,098", "Working Capital": "69,105", "Invested Capital": "734,155", "Tangible Book Value": "-776,098", "Total Debt": "785,375", "Net Debt": "362,492", "Share Issued": "150,459", "Ordinary Shares Number": "125,882", "Treasury Shares Number": "24,577"}, "12/31/2019": {"Duration": "12/31/2019", "Total Assets": "2,513,172", "Total Liabilities Net Minority Interest": "1,946,812", "Total Equity Gross Minority Interest": "566,360", "Total Capitalization": "1,204,547", "Common Stock Equity": "566,360", "Capital Lease Obligations": "143,679", "Net Tangible Assets": "-624,842", "Working Capital": "157,944", "Invested Capital": "1,223,547", "Tangible Book Value": "-624,842", "Total Debt": "800,866", "Net Debt": "360,834", "Share Issued": "148,928", "Ordinary Shares Number": "124,351", "Treasury Shares Number": "24,577"}, "12/31/2018": {"Duration": "12/31/2018", "Total Assets": "2,495,124", "Total Liabilities Net Minority Interest": "1,726,654", "Total Equity Gross Minority Interest": "768,470", "Total Capitalization": "1,524,119", "Common Stock Equity": "768,470", "Capital Lease Obligations": "-", "Net Tangible Assets": "-468,495", "Working Capital": "218,586", "Invested Capital": "1,532,119", "Tangible Book Value": "-468,495", "Total Debt": "763,649", "Net Debt": "510,284", "Share Issued": "148,165", "Ordinary Shares Number": "123,588", "Treasury Shares Number": "24,577"}}, "cf": {"TTM": {"Duration": "TTM", "Operating Cash Flow": "254,975", "Investing Cash Flow": "-96,320", "Financing Cash Flow": "-115,667", "End Cash Position": "296,353", "Income Tax Paid Supplemental Data": "671", "Interest Paid Supplemental Data": "41,059", "Capital Expenditure": "-37,561", "Issuance of Capital Stock": "-", "Issuance of Debt": "724,680", "Repayment of Debt": "-832,000", "Repurchase of Capital Stock": "-", "Free Cash Flow": "217,414"}, "12/31/2020": {"Duration": "12/31/2020", "Operating Cash Flow": "115,248", "Investing Cash Flow": "-112,271", "Financing Cash Flow": "-18,130", "End Cash Position": "281,200", "Income Tax Paid Supplemental Data": "1,883", "Interest Paid Supplemental Data": "52,942", "Capital Expenditure": "-50,940", "Issuance of Capital Stock": "-", "Issuance of Debt": "150,000", "Repayment of Debt": "-169,000", "Repurchase of Capital Stock": "-", "Free Cash Flow": "64,308"}, "12/31/2019": {"Duration": "12/31/2019", "Operating Cash Flow": "254,975", "Investing Cash Flow": "-96,320", "Financing Cash Flow": "-115,667", "End Cash Position": "296,353", "Income Tax Paid Supplemental Data": "671", "Interest Paid Supplemental Data": "41,059", "Capital Expenditure": "-37,561", "Issuance of Capital Stock": "-", "Issuance of Debt": "724,680", "Repayment of Debt": "-832,000", "Repurchase of Capital Stock": "-", "Free Cash Flow": "217,414"}, "12/31/2018": {"Duration": "12/31/2018", "Operating Cash Flow": "114,915", "Investing Cash Flow": "-6,405", "Financing Cash Flow": "-4,124", "End Cash Position": "253,365", "Income Tax Paid Supplemental Data": "430", "Interest Paid Supplemental Data": "41,758", "Capital Expenditure": "-53,741", "Issuance of Capital Stock": "-", "Issuance of Debt": "50,000", "Repayment of Debt": "-58,000", "Repurchase of Capital Stock": "0", "Free Cash Flow": "61,174"}}}}, {"GPX": {"quote": {"03/21/2021": {"value": "17.18", "Market Cap": "298.058M", "Beta (5Y Monthly)": "1.62", "PE Ratio (TTM)": "41.90", "EPS (TTM)": "0.41", "Earnings Date": "Mar 11, 2021", "Forward Dividend & Yield": "N/A (N/A)", "Ex-Dividend Date": "N/A", "1y Target Est": "21.00"}}, "fin": {"TTM": {"Duration": "TTM", "Total Revenue": "473,107", "Cost of Revenue": "395,845", "Gross Profit": "77,262", "Operating Expense": "69,884", "Operating Income": "7,378", "Net Non Operating Interest Income Expense": "-2,868", "Other Income Expense": "4,100", "Pretax Income": "8,610", "Tax Provision": "1,542", "Net Income Common Stockholders": "7,068", "Diluted NI Available to Com Stockholders": "7,068", "Basic EPS": "-", "Diluted EPS": "-", "Basic Average Shares": "-", "Diluted Average Shares": "-", "Total Operating Income as Reported": "12,055", "Total Expenses": "465,729", "Net Income from Continuing & Discontinued Operation": "7,068", "Normalized Income": "3,228", "Interest Income": "66", "Interest Expense": "2,934", "Net Interest Income": "-2,868", "EBIT": "11,544", "EBITDA": "19,423", "Reconciled Cost of Revenue": "395,845", "Reconciled Depreciation": "7,879", "Net Income from Continuing Operation Net Minority Interest": "7,068", "Total Unusual Items Excluding Goodwill": "4,677", "Total Unusual Items": "4,677", "Normalized EBITDA": "14,746", "Tax Rate for Calcs": "0", "Tax Effect of Unusual Items": "837.183"}, "12/31/2020": {"Duration": "12/31/2020", "Total Revenue": "473,107", "Cost of Revenue": "395,845", "Gross Profit": "77,262", "Operating Expense": "69,884", "Operating Income": "7,378", "Net Non Operating Interest Income Expense": "-2,868", "Other Income Expense": "4,100", "Pretax Income": "8,610", "Tax Provision": "1,542", "Net Income Common Stockholders": "7,068", "Diluted NI Available to Com Stockholders": "7,068", "Basic EPS": "0.41", "Diluted EPS": "0.41", "Basic Average Shares": "17,131", "Diluted Average Shares": "17,415", "Total Operating Income as Reported": "12,055", "Total Expenses": "465,729", "Net Income from Continuing & Discontinued Operation": "7,068", "Normalized Income": "3,228", "Interest Income": "66", "Interest Expense": "2,934", "Net Interest Income": "-2,868", "EBIT": "11,544", "EBITDA": "-", "Reconciled Cost of Revenue": "395,845", "Reconciled Depreciation": "7,879", "Net Income from Continuing Operation Net Minority Interest": "7,068", "Total Unusual Items Excluding Goodwill": "4,677", "Total Unusual Items": "4,677", "Normalized EBITDA": "14,746", "Tax Rate for Calcs": "0", "Tax Effect of Unusual Items": "837.183"}, "12/31/2019": {"Duration": "12/31/2019", "Total Revenue": "583,290", "Cost of Revenue": "494,077", "Gross Profit": "89,213", "Operating Expense": "72,367", "Operating Income": "16,846", "Net Non Operating Interest Income Expense": "-6,058", "Other Income Expense": "11,581", "Pretax Income": "22,369", "Tax Provision": "7,180", "Net Income Common Stockholders": "15,189", "Diluted NI Available to Com Stockholders": "15,189", "Basic EPS": "0.90", "Diluted EPS": "0.90", "Basic Average Shares": "16,827", "Diluted Average Shares": "16,861", "Total Operating Income as Reported": "28,010", "Total Expenses": "566,444", "Net Income from Continuing & Discontinued Operation": "15,189", "Normalized Income": "7,609", "Interest Income": "-", "Interest Expense": "6,058", "Net Interest Income": "-6,058", "EBIT": "28,427", "EBITDA": "-", "Reconciled Cost of Revenue": "494,077", "Reconciled Depreciation": "9,482", "Net Income from Continuing Operation Net Minority Interest": "15,189", "Total Unusual Items Excluding Goodwill": "11,164", "Total Unusual Items": "11,164", "Normalized EBITDA": "26,745", "Tax Rate for Calcs": "0", "Tax Effect of Unusual Items": "3,584"}, "12/31/2018": {"Duration": "12/31/2018", "Total Revenue": "515,160", "Cost of Revenue": "437,417", "Gross Profit": "77,743", "Operating Expense": "59,646", "Operating Income": "18,097", "Net Non Operating Interest Income Expense": "-2,945", "Other Income Expense": "-389", "Pretax Income": "14,763", "Tax Provision": "4,927", "Net Income Common Stockholders": "9,836", "Diluted NI Available to Com Stockholders": "9,836", "Basic EPS": "0.59", "Diluted EPS": "0.59", "Basic Average Shares": "16,608", "Diluted Average Shares": "16,696", "Total Operating Income as Reported": "19,605", "Total Expenses": "497,063", "Net Income from Continuing & Discontinued Operation": "9,836", "Normalized Income": "8,831", "Interest Income": "-", "Interest Expense": "2,945", "Net Interest Income": "-2,945", "EBIT": "17,708", "EBITDA": "-", "Reconciled Cost of Revenue": "437,417", "Reconciled Depreciation": "7,921", "Net Income from Continuing Operation Net Minority Interest": "9,836", "Total Unusual Items Excluding Goodwill": "1,508", "Total Unusual Items": "1,508", "Normalized EBITDA": "24,121", "Tax Rate for Calcs": "0", "Tax Effect of Unusual Items": "503.2796"}}, "bs": {"12/31/2020": {"Duration": "12/31/2020", "Total Assets": "381,776", "Total Liabilities Net Minority Interest": "158,430", "Total Equity Gross Minority Interest": "223,346", "Total Capitalization": "236,094", "Common Stock Equity": "223,346", "Capital Lease Obligations": "21,783", "Net Tangible Assets": "97,101", "Working Capital": "99,928", "Invested Capital": "236,094", "Tangible Book Value": "97,101", "Total Debt": "34,531", "Net Debt": "-", "Share Issued": "17,276", "Ordinary Shares Number": "17,273", "Treasury Shares Number": "3.202"}, "12/31/2019": {"Duration": "12/31/2019", "Total Assets": "448,902", "Total Liabilities Net Minority Interest": "238,988", "Total Equity Gross Minority Interest": "209,914", "Total Capitalization": "292,784", "Common Stock Equity": "209,914", "Capital Lease Obligations": "30,030", "Net Tangible Assets": "22,007", "Working Capital": "92,918", "Invested Capital": "292,784", "Tangible Book Value": "22,007", "Total Debt": "112,900", "Net Debt": "74,711", "Share Issued": "17,223", "Ordinary Shares Number": "17,033", "Treasury Shares Number": "190.115"}, "12/31/2018": {"Duration": "12/31/2018", "Total Assets": "434,738", "Total Liabilities Net Minority Interest": "248,169", "Total Equity Gross Minority Interest": "186,569", "Total Capitalization": "303,069", "Common Stock Equity": "186,569", "Capital Lease Obligations": "-", "Net Tangible Assets": "-10,488", "Working Capital": "103,944", "Invested Capital": "303,069", "Tangible Book Value": "-10,488", "Total Debt": "116,500", "Net Debt": "103,083", "Share Issued": "17,223", "Ordinary Shares Number": "16,620", "Treasury Shares Number": "603.041"}}, "cf": {"TTM": {"Duration": "TTM", "Operating Cash Flow": "58,992", "Investing Cash Flow": "29,529", "Financing Cash Flow": "-76,278", "End Cash Position": "23,076", "Income Tax Paid Supplemental Data": "5,555", "Interest Paid Supplemental Data": "2,193", "Capital Expenditure": "-1,732", "Issuance of Debt": "154,752", "Repayment of Debt": "-224,873", "Repurchase of Capital Stock": "-1,833", "Free Cash Flow": "57,260"}, "12/31/2020": {"Duration": "12/31/2020", "Operating Cash Flow": "58,992", "Investing Cash Flow": "29,529", "Financing Cash Flow": "-76,278", "End Cash Position": "23,076", "Income Tax Paid Supplemental Data": "5,555", "Interest Paid Supplemental Data": "2,193", "Capital Expenditure": "-1,732", "Issuance of Debt": "154,752", "Repayment of Debt": "-224,873", "Repurchase of Capital Stock": "-1,833", "Free Cash Flow": "57,260"}, "12/31/2019": {"Duration": "12/31/2019", "Operating Cash Flow": "13,400", "Investing Cash Flow": "15,951", "Financing Cash Flow": "-32,279", "End Cash Position": "8,159", "Income Tax Paid Supplemental Data": "4,327", "Interest Paid Supplemental Data": "5,831", "Capital Expenditure": "-4,947", "Issuance of Debt": "178,750", "Repayment of Debt": "-212,380", "Repurchase of Capital Stock": "-", "Free Cash Flow": "8,453"}, "12/31/2018": {"Duration": "12/31/2018", "Operating Cash Flow": "11,210", "Investing Cash Flow": "-61,754", "Financing Cash Flow": "40,030", "End Cash Position": "13,417", "Income Tax Paid Supplemental Data": "4,528", "Interest Paid Supplemental Data": "3,741", "Capital Expenditure": "-6,378", "Issuance of Debt": "146,000", "Repayment of Debt": "-95,077", "Repurchase of Capital Stock": "-8,522", "Free Cash Flow": "4,832"}}}}, {"FC": {"quote": {"03/21/2021": {"value": "27.02", "Market Cap": "379.266M", "Beta (5Y Monthly)": "1.70", "PE Ratio (TTM)": "N/A", "EPS (TTM)": "-0.70", "Earnings Date": "Jan 07, 2021", "Forward Dividend & Yield": "N/A (N/A)", "Ex-Dividend Date": "N/A", "1y Target Est": "30.00"}}, "fin": {"TTM": {"Duration": "TTM", "Total Revenue": "188,167", "Cost of Revenue": "48,440", "Gross Profit": "139,727", "Operating Expense": "135,043", "Operating Income": "4,684", "Net Non Operating Interest Income Expense": "-2,205", "Other Income Expense": "-", "Pretax Income": "843", "Tax Provision": "10,626", "Net Income Common Stockholders": "-9,783", "Diluted NI Available to Com Stockholders": "-9,783", "Basic EPS": "-", "Diluted EPS": "-", "Basic Average Shares": "-", "Diluted Average Shares": "-", "Total Operating Income as Reported": "3,048", "Total Expenses": "183,483", "Net Income from Continuing & Discontinued Operation": "-9,783", "Normalized Income": "-9,783", "Interest Income": "75", "Interest Expense": "2,280", "Net Interest Income": "-2,205", "EBIT": "3,123", "EBITDA": "15,066", "Reconciled Cost of Revenue": "47,850", "Reconciled Depreciation": "11,943", "Net Income from Continuing Operation Net Minority Interest": "-9,783", "Total Unusual Items Excluding Goodwill": "-", "Total Unusual Items": "-", "Normalized EBITDA": "15,066", "Tax Rate for Calcs": "0", "Tax Effect of Unusual Items": "0"}, "8/31/2020": {"Duration": "8/31/2020", "Total Revenue": "198,456", "Cost of Revenue": "53,086", "Gross Profit": "145,370", "Operating Expense": "140,676", "Operating Income": "4,694", "Net Non Operating Interest Income Expense": "-2,262", "Other Income Expense": "-1,636", "Pretax Income": "796", "Tax Provision": "10,231", "Net Income Common Stockholders": "-9,435", "Diluted NI Available to Com Stockholders": "-9,435", "Basic EPS": "-0.68", "Diluted EPS": "-0.68", "Basic Average Shares": "13,892", "Diluted Average Shares": "13,892", "Total Operating Income as Reported": "3,058", "Total Expenses": "193,762", "Net Income from Continuing & Discontinued Operation": "-9,435", "Normalized Income": "-8,241", "Interest Income": "56", "Interest Expense": "2,318", "Net Interest Income": "-2,262", "EBIT": "3,114", "EBITDA": "-", "Reconciled Cost of Revenue": "52,755", "Reconciled Depreciation": "11,601", "Net Income from Continuing Operation Net Minority Interest": "-9,435", "Total Unusual Items Excluding Goodwill": "-1,636", "Total Unusual Items": "-1,636", "Normalized EBITDA": "16,351", "Tax Rate for Calcs": "0", "Tax Effect of Unusual Items": "-441.72"}, "8/31/2019": {"Duration": "8/31/2019", "Total Revenue": "225,356", "Cost of Revenue": "66,042", "Gross Profit": "159,314", "Operating Expense": "156,659", "Operating Income": "2,655", "Net Non Operating Interest Income Expense": "-2,321", "Other Income Expense": "258", "Pretax Income": "592", "Tax Provision": "1,615", "Net Income Common Stockholders": "-1,023", "Diluted NI Available to Com Stockholders": "-1,023", "Basic EPS": "-0.07", "Diluted EPS": "-0.07", "Basic Average Shares": "13,948", "Diluted Average Shares": "13,948", "Total Operating Income as Reported": "2,655", "Total Expenses": "222,701", "Net Income from Continuing & Discontinued Operation": "-1,023", "Normalized Income": "-1,023", "Interest Income": "37", "Interest Expense": "2,358", "Net Interest Income": "-2,321", "EBIT": "2,950", "EBITDA": "-", "Reconciled Cost of Revenue": "66,023", "Reconciled Depreciation": "11,359", "Net Income from Continuing Operation Net Minority Interest": "-1,023", "Total Unusual Items Excluding Goodwill": "0", "Total Unusual Items": "0", "Normalized EBITDA": "14,309", "Tax Rate for Calcs": "0", "Tax Effect of Unusual Items": "0"}, "8/31/2018": {"Duration": "8/31/2018", "Total Revenue": "209,758", "Cost of Revenue": "61,469", "Gross Profit": "148,289", "Operating Expense": "151,655", "Operating Income": "-3,366", "Net Non Operating Interest Income Expense": "-2,572", "Other Income Expense": "418", "Pretax Income": "-5,520", "Tax Provision": "367", "Net Income Common Stockholders": "-5,887", "Diluted NI Available to Com Stockholders": "-5,887", "Basic EPS": "-0.43", "Diluted EPS": "-0.43", "Basic Average Shares": "13,849", "Diluted Average Shares": "13,849", "Total Operating Income as Reported": "-3,366", "Total Expenses": "213,124", "Net Income from Continuing & Discontinued Operation": "-5,887", "Normalized Income": "-5,887", "Interest Income": "104", "Interest Expense": "2,676", "Net Interest Income": "-2,572", "EBIT": "-2,844", "EBITDA": "-", "Reconciled Cost of Revenue": "61,473", "Reconciled Depreciation": "10,525", "Net Income from Continuing Operation Net Minority Interest": "-5,887", "Total Unusual Items Excluding Goodwill": "0", "Total Unusual Items": "0", "Normalized EBITDA": "7,685", "Tax Rate for Calcs": "0", "Tax Effect of Unusual Items": "0"}}, "bs": {"8/31/2020": {"Duration": "8/31/2020", "Total Assets": "205,437", "Total Liabilities Net Minority Interest": "145,984", "Total Equity Gross Minority Interest": "59,453", "Total Capitalization": "74,453", "Common Stock Equity": "59,453", "Capital Lease Obligations": "16,648", "Net Tangible Assets": "-11,892", "Working Capital": "-864", "Invested Capital": "79,453", "Tangible Book Value": "-11,892", "Total Debt": "36,648", "Net Debt": "-", "Share Issued": "27,056", "Ordinary Shares Number": "13,881", "Treasury Shares Number": "13,175"}, "8/31/2019": {"Duration": "8/31/2019", "Total Assets": "224,913", "Total Liabilities Net Minority Interest": "142,899", "Total Equity Gross Minority Interest": "82,014", "Total Capitalization": "97,014", "Common Stock Equity": "82,014", "Capital Lease Obligations": "18,983", "Net Tangible Assets": "10,104", "Working Capital": "15,796", "Invested Capital": "102,014", "Tangible Book Value": "10,104", "Total Debt": "38,983", "Net Debt": "-", "Share Issued": "27,056", "Ordinary Shares Number": "13,969", "Treasury Shares Number": "13,087"}, "8/31/2018": {"Duration": "8/31/2018", "Total Assets": "213,875", "Total Liabilities Net Minority Interest": "133,375", "Total Equity Gross Minority Interest": "80,500", "Total Capitalization": "94,337", "Common Stock Equity": "80,500", "Capital Lease Obligations": "21,075", "Net Tangible Assets": "4,346", "Working Capital": "5,319", "Invested Capital": "104,650", "Tangible Book Value": "4,346", "Total Debt": "45,225", "Net Debt": "13,997", "Share Issued": "27,056", "Ordinary Shares Number": "13,897", "Treasury Shares Number": "13,159"}}, "cf": {"TTM": {"Duration": "TTM", "Operating Cash Flow": "31,603", "Investing Cash Flow": "-7,847", "Financing Cash Flow": "-22,693", "End Cash Position": "33,824", "Income Tax Paid Supplemental Data": "1,528", "Interest Paid Supplemental Data": "2,262", "Capital Expenditure": "-7,847", "Issuance of Capital Stock": "1,048", "Issuance of Debt": "14,870", "Repayment of Debt": "-22,269", "Repurchase of Capital Stock": "-15,498", "Free Cash Flow": "23,756"}, "8/31/2020": {"Duration": "8/31/2020", "Operating Cash Flow": "27,563", "Investing Cash Flow": "-11,865", "Financing Cash Flow": "-16,557", "End Cash Position": "27,137", "Income Tax Paid Supplemental Data": "2,057", "Interest Paid Supplemental Data": "2,280", "Capital Expenditure": "-9,265", "Issuance of Capital Stock": "1,046", "Issuance of Debt": "19,870", "Repayment of Debt": "-22,205", "Repurchase of Capital Stock": "-13,971", "Free Cash Flow": "18,298"}, "8/31/2019": {"Duration": "8/31/2019", "Operating Cash Flow": "30,452", "Investing Cash Flow": "-6,873", "Financing Cash Flow": "-5,932", "End Cash Position": "27,699", "Income Tax Paid Supplemental Data": "1,778", "Interest Paid Supplemental Data": "2,386", "Capital Expenditure": "-6,841", "Issuance of Capital Stock": "975", "Issuance of Debt": "102,282", "Repayment of Debt": "-108,524", "Repurchase of Capital Stock": "-12", "Free Cash Flow": "23,611"}, "8/31/2018": {"Duration": "8/31/2018", "Operating Cash Flow": "16,861", "Investing Cash Flow": "-10,634", "Financing Cash Flow": "-4,679", "End Cash Position": "10,153", "Income Tax Paid Supplemental Data": "2,512", "Interest Paid Supplemental Data": "2,655", "Capital Expenditure": "-9,526", "Issuance of Capital Stock": "808", "Issuance of Debt": "93,391", "Repayment of Debt": "-94,549", "Repurchase of Capital Stock": "-2,006", "Free Cash Flow": "7,335"}}}}, {"DL": {"quote": {"03/21/2021": {"value": "9.73", "Market Cap": "332.639M", "Beta (5Y Monthly)": "0.92", "PE Ratio (TTM)": "31.49", "EPS (TTM)": "0.31", "Earnings Date": "Dec 16, 2020", "Forward Dividend & Yield": "N/A (N/A)", "Ex-Dividend Date": "Mar 30, 2020", "1y Target Est": "N/A"}}, "fin": {"TTM": {"Duration": "TTM", "Total Revenue": "196,757", "Cost of Revenue": "105,698", "Gross Profit": "91,059", "Operating Expense": "79,903", "Operating Income": "11,156", "Net Non Operating Interest Income Expense": "-672", "Other Income Expense": "11,866", "Pretax Income": "22,350", "Tax Provision": "3,796", "Earnings from Equity Interest Net of Tax": "-1,040", "Net Income Common Stockholders": "17,150", "Diluted NI Available to Com Stockholders": "17,150", "Basic EPS": "-", "Diluted EPS": "-", "Basic Average Shares": "-", "Diluted Average Shares": "-", "Total Operating Income as Reported": "15,802", "Total Expenses": "185,601", "Net Income from Continuing & Discontinued Operation": "17,150", "Normalized Income": "11,672", "Interest Income": "2,431", "Interest Expense": "3,103", "Net Interest Income": "-672", "EBIT": "15,173", "EBITDA": "25,453", "Reconciled Cost of Revenue": "105,698", "Reconciled Depreciation": "13,215", "Net Income from Continuing Operation Net Minority Interest": "17,150", "Total Unusual Items Excluding Goodwill": "7,304", "Total Unusual Items": "7,304", "Normalized EBITDA": "18,149", "Tax Rate for Calcs": "0", "Tax Effect of Unusual Items": "1,826"}, "9/30/2020": {"Duration": "9/30/2020", "Total Revenue": "209,558", "Cost of Revenue": "101,598", "Gross Profit": "107,960", "Operating Expense": "89,171", "Operating Income": "18,789", "Net Non Operating Interest Income Expense": "1,534", "Other Income Expense": "-6,171", "Pretax Income": "14,152", "Tax Provision": "5,460", "Earnings from Equity Interest Net of Tax": "-555", "Net Income Common Stockholders": "10,430", "Diluted NI Available to Com Stockholders": "10,430", "Basic EPS": "0.32", "Diluted EPS": "0.32", "Basic Average Shares": "33,496", "Diluted Average Shares": "33,808", "Total Operating Income as Reported": "18,789", "Total Expenses": "190,769", "Net Income from Continuing & Discontinued Operation": "10,430", "Normalized Income": "14,220", "Interest Income": "2,555", "Interest Expense": "1,021", "Net Interest Income": "1,534", "EBIT": "15,173", "EBITDA": "-", "Reconciled Cost of Revenue": "101,598", "Reconciled Depreciation": "13,215", "Net Income from Continuing Operation Net Minority Interest": "10,430", "Total Unusual Items Excluding Goodwill": "-6,171", "Total Unusual Items": "-6,171", "Normalized EBITDA": "34,559", "Tax Rate for Calcs": "0", "Tax Effect of Unusual Items": "-2,381"}, "9/30/2019": {"Duration": "9/30/2019", "Total Revenue": "211,822", "Cost of Revenue": "104,741", "Gross Profit": "107,081", "Operating Expense": "83,411", "Operating Income": "23,670", "Net Non Operating Interest Income Expense": "-612", "Other Income Expense": "2,741", "Pretax Income": "25,799", "Tax Provision": "8,121", "Earnings from Equity Interest Net of Tax": "-1,484", "Net Income Common Stockholders": "21,254", "Diluted NI Available to Com Stockholders": "21,254", "Basic EPS": "0.64", "Diluted EPS": "0.64", "Basic Average Shares": "33,265", "Diluted Average Shares": "33,535", "Total Operating Income as Reported": "22,848", "Total Expenses": "188,152", "Net Income from Continuing & Discontinued Operation": "21,254", "Normalized Income": "19,594", "Interest Income": "2,207", "Interest Expense": "2,819", "Net Interest Income": "-612", "EBIT": "28,618", "EBITDA": "-", "Reconciled Cost of Revenue": "104,741", "Reconciled Depreciation": "12,723", "Net Income from Continuing Operation Net Minority Interest": "21,254", "Total Unusual Items Excluding Goodwill": "2,423", "Total Unusual Items": "2,423", "Normalized EBITDA": "38,918", "Tax Rate for Calcs": "0", "Tax Effect of Unusual Items": "762.7604"}, "9/30/2018": {"Duration": "9/30/2018", "Total Revenue": "166,668", "Cost of Revenue": "87,883", "Gross Profit": "78,785", "Operating Expense": "62,919", "Operating Income": "15,866", "Net Non Operating Interest Income Expense": "-809", "Other Income Expense": "-275", "Pretax Income": "14,782", "Tax Provision": "2,307", "Earnings from Equity Interest Net of Tax": "-172", "Net Income Common Stockholders": "11,626", "Diluted NI Available to Com Stockholders": "11,626", "Basic EPS": "0.35", "Diluted EPS": "0.35", "Basic Average Shares": "33,091", "Diluted Average Shares": "33,279", "Total Operating Income as Reported": "15,950", "Total Expenses": "150,802", "Net Income from Continuing & Discontinued Operation": "11,626", "Normalized Income": "11,858", "Interest Income": "2,522", "Interest Expense": "3,331", "Net Interest Income": "-809", "EBIT": "18,113", "EBITDA": "-", "Reconciled Cost of Revenue": "87,883", "Reconciled Depreciation": "6,299", "Net Income from Continuing Operation Net Minority Interest": "11,626", "Total Unusual Items Excluding Goodwill": "-275", "Total Unusual Items": "-275", "Normalized EBITDA": "24,687", "Tax Rate for Calcs": "0", "Tax Effect of Unusual Items": "-42.9275"}}, "bs": {"9/30/2020": {"Duration": "9/30/2020", "Total Assets": "398,139", "Total Liabilities Net Minority Interest": "271,195", "Total Equity Gross Minority Interest": "126,944", "Total Capitalization": "93,975", "Common Stock Equity": "77,975", "Capital Lease Obligations": "27,249", "Net Tangible Assets": "-24,152", "Working Capital": "-24,374", "Invested Capital": "97,987", "Tangible Book Value": "-24,152", "Total Debt": "47,261", "Net Debt": "-", "Share Issued": "135,320", "Ordinary Shares Number": "135,320"}, "9/30/2019": {"Duration": "9/30/2019", "Total Assets": "355,350", "Total Liabilities Net Minority Interest": "231,604", "Total Equity Gross Minority Interest": "123,746", "Total Capitalization": "72,831", "Common Stock Equity": "72,831", "Capital Lease Obligations": "-", "Net Tangible Assets": "-32,111", "Working Capital": "-14,216", "Invested Capital": "111,333", "Tangible Book Value": "-32,111", "Total Debt": "38,502", "Net Debt": "-", "Share Issued": "134,211", "Ordinary Shares Number": "134,211"}, "9/30/2018": {"Duration": "9/30/2018", "Total Assets": "328,925", "Total Liabilities Net Minority Interest": "219,160", "Total Equity Gross Minority Interest": "109,765", "Total Capitalization": "56,301", "Common Stock Equity": "44,274", "Capital Lease Obligations": "-", "Net Tangible Assets": "-74,742", "Working Capital": "-66,564", "Invested Capital": "107,276", "Tangible Book Value": "-74,742", "Total Debt": "63,002", "Net Debt": "32,176", "Share Issued": "133,276", "Ordinary Shares Number": "133,276"}}, "cf": {"TTM": {"Duration": "TTM", "Operating Cash Flow": "40,961", "Investing Cash Flow": "-16,149", "Financing Cash Flow": "-40,254", "End Cash Position": "101,117", "Income Tax Paid Supplemental Data": "6,922", "Capital Expenditure": "-4,707", "Issuance of Debt": "20,192", "Repayment of Debt": "-38,646", "Repurchase of Capital Stock": "-", "Free Cash Flow": "36,254"}, "9/30/2020": {"Duration": "9/30/2020", "Operating Cash Flow": "40,961", "Investing Cash Flow": "-16,149", "Financing Cash Flow": "-40,254", "End Cash Position": "101,117", "Income Tax Paid Supplemental Data": "6,922", "Capital Expenditure": "-4,707", "Issuance of Debt": "20,192", "Repayment of Debt": "-38,646", "Repurchase of Capital Stock": "-", "Free Cash Flow": "36,254"}, "9/30/2019": {"Duration": "9/30/2019", "Operating Cash Flow": "81,795", "Investing Cash Flow": "-25,058", "Financing Cash Flow": "-24,219", "End Cash Position": "106,335", "Income Tax Paid Supplemental Data": "5,898", "Capital Expenditure": "-10,264", "Issuance of Debt": "135", "Repayment of Debt": "-24,092", "Repurchase of Capital Stock": "-", "Free Cash Flow": "71,531"}, "9/30/2018": {"Duration": "9/30/2018", "Operating Cash Flow": "50,094", "Investing Cash Flow": "-55,497", "Financing Cash Flow": "-3,302", "End Cash Position": "82,562", "Income Tax Paid Supplemental Data": "5,942", "Capital Expenditure": "-16,198", "Issuance of Debt": "35,493", "Repayment of Debt": "-25,424", "Repurchase of Capital Stock": "0", "Free Cash Flow": "33,896"}}}}, {"EDU": {"quote": {"03/21/2021": {"value": "16.47", "Market Cap": "28.026B", "Beta (5Y Monthly)": "0.99", "PE Ratio (TTM)": "69.79", "EPS (TTM)": "0.24", "Earnings Date": "Apr 19, 2021 - Apr 23, 2021", "Forward Dividend & Yield": "N/A (N/A)", "Ex-Dividend Date": "Sep 01, 2017", "1y Target Est": "20.75"}}, "fin": {"TTM": {"Duration": "TTM", "Total Revenue": "3,595,749", "Cost of Revenue": "1,708,237", "Gross Profit": "1,887,512", "Operating Expense": "1,641,846", "Operating Income": "245,666", "Net Non Operating Interest Income Expense": "-", "Other Income Expense": "60,090", "Pretax Income": "417,246", "Tax Provision": "135,388", "Earnings from Equity Interest Net of Tax": "-1,197", "Net Income Common Stockholders": "379,460", "Diluted NI Available to Com Stockholders": "379,460", "Basic EPS": "-", "Diluted EPS": "-", "Basic Average Shares": "-", "Diluted Average Shares": "-", "Total Operating Income as Reported": "245,666", "Total Expenses": "3,350,083", "Net Income from Continuing & Discontinued Operation": "379,460", "Normalized Income": "390,018", "Interest Income": "-", "Interest Expense": "-", "Net Interest Income": "-", "EBIT": "339,126", "EBITDA": "339,126", "Reconciled Cost of Revenue": "1,708,237", "Reconciled Depreciation": "-", "Net Income from Continuing Operation Net Minority Interest": "379,460", "Total Unusual Items Excluding Goodwill": "-15,629", "Total Unusual Items": "-15,629", "Normalized EBITDA": "354,755", "Tax Rate for Calcs": "0", "Tax Effect of Unusual Items": "-5,071"}, "5/31/2020": {"Duration": "5/31/2020", "Total Revenue": "3,578,682", "Cost of Revenue": "1,588,899", "Gross Profit": "1,989,783", "Operating Expense": "1,590,780", "Operating Income": "399,003", "Net Non Operating Interest Income Expense": "111,490", "Other Income Expense": "-22,657", "Pretax Income": "487,836", "Tax Provision": "134,362", "Earnings from Equity Interest Net of Tax": "1,385", "Net Income Common Stockholders": "413,333", "Diluted NI Available to Com Stockholders": "413,333", "Basic EPS": "2.61", "Diluted EPS": "2.59", "Basic Average Shares": "158,430", "Diluted Average Shares": "159,537", "Total Operating Income as Reported": "399,003", "Total Expenses": "3,179,679", "Net Income from Continuing & Discontinued Operation": "413,333", "Normalized Income": "449,454", "Interest Income": "116,117", "Interest Expense": "4,627", "Net Interest Income": "111,490", "EBIT": "492,463", "EBITDA": "-", "Reconciled Cost of Revenue": "1,588,899", "Reconciled Depreciation": "151,002", "Net Income from Continuing Operation Net Minority Interest": "413,333", "Total Unusual Items Excluding Goodwill": "-49,794", "Total Unusual Items": "-49,794", "Normalized EBITDA": "693,259", "Tax Rate for Calcs": "0", "Tax Effect of Unusual Items": "-13,673"}, "5/31/2019": {"Duration": "5/31/2019", "Total Revenue": "3,096,491", "Cost of Revenue": "1,376,269", "Gross Profit": "1,720,222", "Operating Expense": "1,418,315", "Operating Income": "301,907", "Net Non Operating Interest Income Expense": "95,915", "Other Income Expense": "-81,973", "Pretax Income": "315,849", "Tax Provision": "85,714", "Earnings from Equity Interest Net of Tax": "-2,289", "Net Income Common Stockholders": "238,065", "Diluted NI Available to Com Stockholders": "238,065", "Basic EPS": "1.50", "Diluted EPS": "1.50", "Basic Average Shares": "158,294", "Diluted Average Shares": "159,039", "Total Operating Income as Reported": "305,534", "Total Expenses": "2,794,584", "Net Income from Continuing & Discontinued Operation": "238,065", "Normalized Income": "296,898", "Interest Income": "97,530", "Interest Expense": "1,615", "Net Interest Income": "95,915", "EBIT": "317,464", "EBITDA": "-", "Reconciled Cost of Revenue": "1,376,269", "Reconciled Depreciation": "114,004", "Net Income from Continuing Operation Net Minority Interest": "238,065", "Total Unusual Items Excluding Goodwill": "-80,549", "Total Unusual Items": "-80,549", "Normalized EBITDA": "512,017", "Tax Rate for Calcs": "0", "Tax Effect of Unusual Items": "-21,716"}, "5/31/2018": {"Duration": "5/31/2018", "Total Revenue": "2,447,430", "Cost of Revenue": "1,065,740", "Gross Profit": "1,381,690", "Operating Expense": "1,118,731", "Operating Income": "262,959", "Net Non Operating Interest Income Expense": "84,838", "Other Income Expense": "9,227", "Pretax Income": "357,024", "Tax Provision": "59,408", "Earnings from Equity Interest Net of Tax": "-379", "Net Income Common Stockholders": "296,130", "Diluted NI Available to Com Stockholders": "296,130", "Basic EPS": "1.87", "Diluted EPS": "1.87", "Basic Average Shares": "158,169", "Diluted Average Shares": "158,557", "Total Operating Income as Reported": "262,959", "Total Expenses": "2,184,471", "Net Income from Continuing & Discontinued Operation": "296,130", "Normalized Income": "290,807", "Interest Income": "84,838", "Interest Expense": "-", "Net Interest Income": "84,838", "EBIT": "262,959", "EBITDA": "-", "Reconciled Cost of Revenue": "1,065,740", "Reconciled Depreciation": "79,030", "Net Income from Continuing Operation Net Minority Interest": "296,130", "Total Unusual Items Excluding Goodwill": "6,386", "Total Unusual Items": "6,386", "Normalized EBITDA": "335,603", "Tax Rate for Calcs": "0", "Tax Effect of Unusual Items": "1,063"}}, "bs": {"5/31/2020": {"Duration": "5/31/2020", "Total Assets": "6,556,885", "Total Liabilities Net Minority Interest": "3,687,074", "Total Equity Gross Minority Interest": "2,869,811", "Total Capitalization": "2,851,176", "Common Stock Equity": "2,733,295", "Capital Lease Obligations": "1,462,162", "Net Tangible Assets": "2,636,646", "Working Capital": "1,277,056", "Invested Capital": "2,851,176", "Tangible Book Value": "2,636,646", "Total Debt": "1,580,043", "Share Issued": "1,588,017", "Ordinary Shares Number": "1,585,401", "Treasury Shares Number": "2,616"}, "5/31/2019": {"Duration": "5/31/2019", "Total Assets": "4,646,559", "Total Liabilities Net Minority Interest": "2,121,462", "Total Equity Gross Minority Interest": "2,525,097", "Total Capitalization": "2,457,143", "Common Stock Equity": "2,360,686", "Capital Lease Obligations": "-", "Net Tangible Assets": "2,260,732", "Working Capital": "1,460,018", "Invested Capital": "2,457,143", "Tangible Book Value": "2,260,732", "Total Debt": "96,457", "Share Issued": "1,588,017", "Ordinary Shares Number": "1,578,497", "Treasury Shares Number": "9,520"}, "5/31/2018": {"Duration": "5/31/2018", "Total Assets": "3,977,712", "Total Liabilities Net Minority Interest": "1,969,641", "Total Equity Gross Minority Interest": "2,008,071", "Total Capitalization": "1,991,589", "Common Stock Equity": "1,991,589", "Capital Lease Obligations": "-", "Net Tangible Assets": "1,947,531", "Working Capital": "1,191,030", "Invested Capital": "1,991,589", "Tangible Book Value": "1,947,531", "Total Debt": "-", "Share Issued": "1,583,794", "Ordinary Shares Number": "1,583,199", "Treasury Shares Number": "594.77"}}, "cf": {"TTM": {"Duration": "TTM", "Operating Cash Flow": "950,405", "Investing Cash Flow": "-1,051,303", "Financing Cash Flow": "1,628,331", "End Cash Position": "2,578,798", "Income Tax Paid Supplemental Data": "-", "Interest Paid Supplemental Data": "-", "Capital Expenditure": "-", "Issuance of Capital Stock": "-", "Issuance of Debt": "-", "Repurchase of Capital Stock": "-", "Free Cash Flow": "640,857"}, "5/31/2020": {"Duration": "5/31/2020", "Operating Cash Flow": "804,455", "Investing Cash Flow": "-1,256,370", "Financing Cash Flow": "-17,862", "End Cash Position": "919,424", "Income Tax Paid Supplemental Data": "135,678", "Interest Paid Supplemental Data": "4,665", "Capital Expenditure": "-309,548", "Issuance of Capital Stock": "0", "Issuance of Debt": "20,000", "Repurchase of Capital Stock": "0", "Free Cash Flow": "494,907"}, "5/31/2019": {"Duration": "5/31/2019", "Operating Cash Flow": "805,648", "Investing Cash Flow": "-574,712", "Financing Cash Flow": "266,649", "End Cash Position": "1,418,227", "Income Tax Paid Supplemental Data": "75,346", "Interest Paid Supplemental Data": "-", "Capital Expenditure": "-276,878", "Issuance of Capital Stock": "233,347", "Issuance of Debt": "96,457", "Repurchase of Capital Stock": "-55,962", "Free Cash Flow": "528,770"}, "5/31/2018": {"Duration": "5/31/2018", "Operating Cash Flow": "781,127", "Investing Cash Flow": "-406,716", "Financing Cash Flow": "-74,881", "End Cash Position": "983,319", "Income Tax Paid Supplemental Data": "57,005", "Interest Paid Supplemental Data": "-", "Capital Expenditure": "-219,612", "Issuance of Capital Stock": "-", "Issuance of Debt": "-", "Repurchase of Capital Stock": "-", "Free Cash Flow": "561,515"}}}}, {"STRA": {"quote": {"03/21/2021": {"value": "87.52", "Market Cap": "2.157B", "Beta (5Y Monthly)": "0.51", "PE Ratio (TTM)": "23.21", "EPS (TTM)": "3.77", "Earnings Date": "Apr 27, 2021 - May 03, 2021", "Forward Dividend & Yield": "2.40 (2.74%)", "Ex-Dividend Date": "Mar 05, 2021", "1y Target Est": "119.80"}}, "fin": {"TTM": {"Duration": "TTM", "Total Revenue": "1,027,653", "Cost of Revenue": "-", "Gross Profit": "-", "Operating Expense": "892,117", "Operating Income": "135,536", "Net Non Operating Interest Income Expense": "-", "Other Income Expense": "-21,579", "Pretax Income": "113,957", "Tax Provision": "27,689", "Net Income Common Stockholders": "86,268", "Diluted NI Available to Com Stockholders": "86,268", "Basic EPS": "-", "Diluted EPS": "-", "Basic Average Shares": "-", "Diluted Average Shares": "-", "Total Operating Income as Reported": "109,384", "Total Expenses": "892,117", "Net Income from Continuing & Discontinued Operation": "86,268", "Normalized Income": "106,066", "Interest Income": "-", "Interest Expense": "-", "Net Interest Income": "-", "EBIT": "135,536", "EBITDA": "244,690", "Reconciled Cost of Revenue": "-", "Reconciled Depreciation": "109,154", "Net Income from Continuing Operation Net Minority Interest": "86,268", "Total Unusual Items Excluding Goodwill": "-26,152", "Total Unusual Items": "-26,152", "Normalized EBITDA": "270,842", "Tax Rate for Calcs": "0", "Tax Effect of Unusual Items": "-6,354"}, "12/31/2020": {"Duration": "12/31/2020", "Total Revenue": "1,027,653", "Cost of Revenue": "-", "Gross Profit": "-", "Operating Expense": "892,117", "Operating Income": "135,536", "Net Non Operating Interest Income Expense": "-", "Other Income Expense": "-21,579", "Pretax Income": "113,957", "Tax Provision": "27,689", "Net Income Common Stockholders": "86,268", "Diluted NI Available to Com Stockholders": "86,268", "Basic EPS": "-", "Diluted EPS": "-", "Basic Average Shares": "-", "Diluted Average Shares": "-", "Total Operating Income as Reported": "109,384", "Total Expenses": "892,117", "Net Income from Continuing & Discontinued Operation": "86,268", "Normalized Income": "106,065", "Interest Income": "-", "Interest Expense": "-", "Net Interest Income": "-", "EBIT": "135,536", "EBITDA": "-", "Reconciled Cost of Revenue": "-", "Reconciled Depreciation": "109,154", "Net Income from Continuing Operation Net Minority Interest": "86,268", "Total Unusual Items Excluding Goodwill": "-26,152", "Total Unusual Items": "-26,152", "Normalized EBITDA": "270,842", "Tax Rate for Calcs": "0", "Tax Effect of Unusual Items": "-6,355"}, "12/31/2019": {"Duration": "12/31/2019", "Total Revenue": "997,137", "Cost of Revenue": "-", "Gross Profit": "-", "Operating Expense": "864,682", "Operating Income": "132,455", "Net Non Operating Interest Income Expense": "-", "Other Income Expense": "-8,731", "Pretax Income": "123,724", "Tax Provision": "42,586", "Net Income Common Stockholders": "81,138", "Diluted NI Available to Com Stockholders": "81,138", "Basic EPS": "3.73", "Diluted EPS": "3.67", "Basic Average Shares": "21,725", "Diluted Average Shares": "22,097", "Total Operating Income as Reported": "110,532", "Total Expenses": "864,682", "Net Income from Continuing & Discontinued Operation": "81,138", "Normalized Income": "95,519", "Interest Income": "-", "Interest Expense": "-", "Net Interest Income": "-", "EBIT": "132,455", "EBITDA": "-", "Reconciled Cost of Revenue": "-", "Reconciled Depreciation": "104,861", "Net Income from Continuing Operation Net Minority Interest": "81,138", "Total Unusual Items Excluding Goodwill": "-21,923", "Total Unusual Items": "-21,923", "Normalized EBITDA": "259,239", "Tax Rate for Calcs": "0", "Tax Effect of Unusual Items": "-7,542"}, "12/31/2018": {"Duration": "12/31/2018", "Total Revenue": "634,185", "Cost of Revenue": "340,076", "Gross Profit": "294,109", "Operating Expense": "591,271", "Operating Income": "42,914", "Net Non Operating Interest Income Expense": "-", "Other Income Expense": "-62,053", "Pretax Income": "-19,139", "Tax Provision": "-3,468", "Net Income Common Stockholders": "-15,671", "Diluted NI Available to Com Stockholders": "-15,671", "Basic EPS": "-1.03", "Diluted EPS": "-1.03", "Basic Average Shares": "15,190", "Diluted Average Shares": "15,801", "Total Operating Income as Reported": "-22,740", "Total Expenses": "591,271", "Net Income from Continuing & Discontinued Operation": "-15,671", "Normalized Income": "38,100", "Interest Income": "-", "Interest Expense": "-", "Net Interest Income": "-", "EBIT": "42,914", "EBITDA": "-", "Reconciled Cost of Revenue": "311,227", "Reconciled Depreciation": "54,543", "Net Income from Continuing Operation Net Minority Interest": "-15,671", "Total Unusual Items Excluding Goodwill": "-65,654", "Total Unusual Items": "-65,654", "Normalized EBITDA": "163,111", "Tax Rate for Calcs": "0", "Tax Effect of Unusual Items": "-11,883"}}, "bs": {"12/31/2020": {"Duration": "12/31/2020", "Total Assets": "2,295,807", "Total Liabilities Net Minority Interest": "547,488", "Total Equity Gross Minority Interest": "1,748,319", "Total Capitalization": "1,890,142", "Common Stock Equity": "1,748,319", "Capital Lease Obligations": "140,960", "Net Tangible Assets": "103,373", "Working Capital": "86,070", "Invested Capital": "1,890,142", "Tangible Book Value": "103,373", "Total Debt": "282,783", "Share Issued": "24,419", "Ordinary Shares Number": "24,419"}, "12/31/2019": {"Duration": "12/31/2019", "Total Assets": "1,789,408", "Total Liabilities Net Minority Interest": "326,698", "Total Equity Gross Minority Interest": "1,462,710", "Total Capitalization": "1,462,710", "Common Stock Equity": "1,462,710", "Capital Lease Obligations": "105,841", "Net Tangible Assets": "457,624", "Working Capital": "367,346", "Invested Capital": "1,462,710", "Tangible Book Value": "457,624", "Total Debt": "105,841", "Share Issued": "21,965", "Ordinary Shares Number": "21,965"}, "12/31/2018": {"Duration": "12/31/2018", "Total Assets": "1,661,029", "Total Liabilities Net Minority Interest": "235,805", "Total Equity Gross Minority Interest": "1,425,224", "Total Capitalization": "1,425,224", "Common Stock Equity": "1,425,224", "Capital Lease Obligations": "2,300", "Net Tangible Assets": "364,340", "Working Capital": "295,230", "Invested Capital": "1,425,224", "Tangible Book Value": "364,340", "Total Debt": "2,300", "Share Issued": "21,743", "Ordinary Shares Number": "21,743"}}, "cf": {"TTM": {"Duration": "TTM", "Operating Cash Flow": "142,905", "Investing Cash Flow": "-642,192", "Financing Cash Flow": "279,187", "End Cash Position": "202,020", "Capital Expenditure": "-46,812", "Issuance of Capital Stock": "220,248", "Issuance of Debt": "145,630", "Repayment of Debt": "-3,807", "Repurchase of Capital Stock": "-247", "Free Cash Flow": "96,093"}, "12/31/2020": {"Duration": "12/31/2020", "Operating Cash Flow": "142,905", "Investing Cash Flow": "-642,192", "Financing Cash Flow": "279,187", "End Cash Position": "202,020", "Capital Expenditure": "-46,812", "Issuance of Capital Stock": "220,248", "Issuance of Debt": "145,630", "Repayment of Debt": "-3,807", "Repurchase of Capital Stock": "-247", "Free Cash Flow": "96,093"}, "12/31/2019": {"Duration": "12/31/2019", "Operating Cash Flow": "202,146", "Investing Cash Flow": "-38,066", "Financing Cash Flow": "-55,820", "End Cash Position": "420,497", "Capital Expenditure": "-38,689", "Issuance of Capital Stock": "-", "Issuance of Debt": "-", "Repayment of Debt": "-", "Repurchase of Capital Stock": "-", "Free Cash Flow": "163,457"}, "12/31/2018": {"Duration": "12/31/2018", "Operating Cash Flow": "46,867", "Investing Cash Flow": "130,137", "Financing Cash Flow": "-21,215", "End Cash Position": "312,237", "Capital Expenditure": "-27,547", "Issuance of Capital Stock": "-", "Issuance of Debt": "-", "Repayment of Debt": "-", "Repurchase of Capital Stock": "-", "Free Cash Flow": "19,320"}}}}, {"HLG": {"quote": {"03/21/2021": {"value": "57.60", "Market Cap": "1.485B", "Beta (5Y Monthly)": "-0.11", "PE Ratio (TTM)": "43.87", "EPS (TTM)": "1.31", "Earnings Date": "Mar 10, 2021", "Forward Dividend & Yield": "N/A (N/A)", "Ex-Dividend Date": "N/A", "1y Target Est": "75.02"}}, "fin": {"TTM": {"Duration": "TTM", "Total Revenue": "1,670,195", "Cost of Revenue": "1,049,896", "Gross Profit": "620,299", "Operating Expense": "58,676", "Operating Income": "561,623", "Net Non Operating Interest Income Expense": "28,146", "Other Income Expense": "-", "Pretax Income": "590,056", "Tax Provision": "152,425", "Net Income Common Stockholders": "434,678", "Diluted NI Available to Com Stockholders": "434,678", "Basic EPS": "-", "Diluted EPS": "-", "Basic Average Shares": "-", "Diluted Average Shares": "-", "Total Operating Income as Reported": "561,623", "Rent Expense Supplemental": "-", "Total Expenses": "1,108,572", "Net Income from Continuing & Discontinued Operation": "434,678", "Normalized Income": "434,678", "Interest Income": "29,273", "Interest Expense": "1,127", "Net Interest Income": "28,146", "EBIT": "591,183", "EBITDA": "591,183", "Reconciled Cost of Revenue": "1,049,896", "Reconciled Depreciation": "-", "Net Income from Continuing Operation Net Minority Interest": "434,678", "Total Unusual Items Excluding Goodwill": "-", "Total Unusual Items": "-", "Normalized EBITDA": "591,183", "Tax Rate for Calcs": "0", "Tax Effect of Unusual Items": "0"}, "6/30/2020": {"Duration": "6/30/2020", "Total Revenue": "1,482,599", "Cost of Revenue": "983,175", "Gross Profit": "499,424", "Operating Expense": "31,659", "Operating Income": "467,765", "Net Non Operating Interest Income Expense": "20,470", "Other Income Expense": "287", "Pretax Income": "488,522", "Tax Provision": "121,924", "Net Income Common Stockholders": "370,832", "Diluted NI Available to Com Stockholders": "370,832", "Basic EPS": "14.40", "Diluted EPS": "14.40", "Basic Average Shares": "25,778", "Diluted Average Shares": "25,778", "Total Operating Income as Reported": "467,765", "Rent Expense Supplemental": "0", "Total Expenses": "1,014,834", "Net Income from Continuing & Discontinued Operation": "370,832", "Normalized Income": "370,617", "Interest Income": "24,833", "Interest Expense": "4,363", "Net Interest Income": "20,470", "EBIT": "492,885", "EBITDA": "-", "Reconciled Cost of Revenue": "983,175", "Reconciled Depreciation": "165,833", "Net Income from Continuing Operation Net Minority Interest": "370,832", "Total Unusual Items Excluding Goodwill": "287", "Total Unusual Items": "287", "Normalized EBITDA": "658,431", "Tax Rate for Calcs": "0", "Tax Effect of Unusual Items": "71.6287"}, "6/30/2019": {"Duration": "6/30/2019", "Total Revenue": "1,499,025", "Cost of Revenue": "1,026,903", "Gross Profit": "472,122", "Operating Expense": "72,227", "Operating Income": "399,895", "Net Non Operating Interest Income Expense": "24,935", "Other Income Expense": "-337", "Pretax Income": "424,493", "Tax Provision": "108,713", "Net Income Common Stockholders": "293,421", "Diluted NI Available to Com Stockholders": "293,421", "Basic EPS": "11.36", "Diluted EPS": "11.36", "Basic Average Shares": "25,778", "Diluted Average Shares": "25,778", "Total Operating Income as Reported": "399,558", "Rent Expense Supplemental": "33,392", "Total Expenses": "1,099,130", "Net Income from Continuing & Discontinued Operation": "293,421", "Normalized Income": "293,421", "Interest Income": "24,470", "Interest Expense": "465", "Net Interest Income": "24,935", "EBIT": "399,895", "EBITDA": "-", "Reconciled Cost of Revenue": "1,026,903", "Reconciled Depreciation": "133,520", "Net Income from Continuing Operation Net Minority Interest": "293,421", "Total Unusual Items Excluding Goodwill": "0", "Total Unusual Items": "0", "Normalized EBITDA": "533,415", "Tax Rate for Calcs": "0", "Tax Effect of Unusual Items": "0"}, "6/30/2018": {"Duration": "6/30/2018", "Total Revenue": "1,169,348", "Cost of Revenue": "804,674", "Gross Profit": "364,674", "Operating Expense": "82,081", "Operating Income": "282,593", "Net Non Operating Interest Income Expense": "11,715", "Other Income Expense": "2,882", "Pretax Income": "297,190", "Tax Provision": "66,288", "Net Income Common Stockholders": "222,588", "Diluted NI Available to Com Stockholders": "222,588", "Basic EPS": "8.64", "Diluted EPS": "8.64", "Basic Average Shares": "25,742", "Diluted Average Shares": "25,782", "Total Operating Income as Reported": "280,450", "Rent Expense Supplemental": "31,041", "Total Expenses": "886,755", "Net Income from Continuing & Discontinued Operation": "222,588", "Normalized Income": "218,684", "Interest Income": "11,715", "Interest Expense": "-", "Net Interest Income": "11,715", "EBIT": "282,593", "EBITDA": "-", "Reconciled Cost of Revenue": "804,674", "Reconciled Depreciation": "113,574", "Net Income from Continuing Operation Net Minority Interest": "222,588", "Total Unusual Items Excluding Goodwill": "5,025", "Total Unusual Items": "5,025", "Normalized EBITDA": "391,142", "Tax Rate for Calcs": "0", "Tax Effect of Unusual Items": "1,121"}}, "bs": {"6/30/2020": {"Duration": "6/30/2020", "Total Assets": "2,788,677", "Total Liabilities Net Minority Interest": "752,914", "Total Equity Gross Minority Interest": "2,035,763", "Total Capitalization": "2,024,966", "Common Stock Equity": "2,024,966", "Capital Lease Obligations": "20,502", "Net Tangible Assets": "1,927,160", "Working Capital": "806,916", "Invested Capital": "2,092,490", "Tangible Book Value": "1,927,160", "Total Debt": "88,026", "Share Issued": "412,450", "Ordinary Shares Number": "412,450"}, "6/30/2019": {"Duration": "6/30/2019", "Total Assets": "2,502,912", "Total Liabilities Net Minority Interest": "813,665", "Total Equity Gross Minority Interest": "1,689,247", "Total Capitalization": "1,651,808", "Common Stock Equity": "1,651,808", "Capital Lease Obligations": "-", "Net Tangible Assets": "1,552,283", "Working Capital": "966,376", "Invested Capital": "1,751,411", "Tangible Book Value": "1,552,283", "Total Debt": "99,603", "Share Issued": "412,450", "Ordinary Shares Number": "412,450"}, "6/30/2018": {"Duration": "6/30/2018", "Total Assets": "1,884,850", "Total Liabilities Net Minority Interest": "550,037", "Total Equity Gross Minority Interest": "1,334,813", "Total Capitalization": "1,321,659", "Common Stock Equity": "1,321,659", "Capital Lease Obligations": "-", "Net Tangible Assets": "1,242,912", "Working Capital": "576,893", "Invested Capital": "1,321,659", "Tangible Book Value": "1,242,912", "Total Debt": "-", "Share Issued": "412,450", "Ordinary Shares Number": "412,450"}}, "cf": {"TTM": {"Duration": "TTM", "Operating Cash Flow": "-", "Investing Cash Flow": "-", "Financing Cash Flow": "-", "End Cash Position": "-", "Capital Expenditure": "-", "Issuance of Capital Stock": "-", "Issuance of Debt": "-", "Repayment of Debt": "-", "Free Cash Flow": "-"}, "6/30/2020": {"Duration": "6/30/2020", "Operating Cash Flow": "431,042", "Investing Cash Flow": "-127,760", "Financing Cash Flow": "-61,382", "End Cash Position": "503,021", "Capital Expenditure": "-637,400", "Issuance of Capital Stock": "-", "Issuance of Debt": "0", "Repayment of Debt": "-34,800", "Free Cash Flow": "-206,358"}, "6/30/2019": {"Duration": "6/30/2019", "Operating Cash Flow": "690,317", "Investing Cash Flow": "-1,234,206", "Financing Cash Flow": "-7,343", "End Cash Position": "260,684", "Capital Expenditure": "-81,876", "Issuance of Capital Stock": "-", "Issuance of Debt": "0", "Repayment of Debt": "-", "Free Cash Flow": "608,441"}, "6/30/2018": {"Duration": "6/30/2018", "Operating Cash Flow": "587,931", "Investing Cash Flow": "131,145", "Financing Cash Flow": "18,609", "End Cash Position": "812,620", "Capital Expenditure": "-89,369", "Issuance of Capital Stock": "0", "Issuance of Debt": "7,609", "Repayment of Debt": "-", "Free Cash Flow": "498,562"}}}}, {"PCSV": {"quote": {"03/21/2021": {"value": "0.0302", "Market Cap": "5.788M", "Beta (5Y Monthly)": "1.19", "PE Ratio (TTM)": "N/A", "EPS (TTM)": "-0.0180", "Earnings Date": "Feb 15, 2021", "Forward Dividend & Yield": "N/A (N/A)", "Ex-Dividend Date": "N/A", "1y Target Est": "N/A"}}, "fin": {}, "bs": {}, "cf": {}}}, {"EDMC": {"quote": {"03/21/2021": {"value": "", "Net Assets": "N/A", "Beta (5Y Monthly)": "N/A", "Yield": "N/A", "5y Average Return": "N/A", "Holdings Turnover": "N/A", "Last Dividend": "N/A", "Average for Category": "N/A", "Inception Date": "N/A"}}, "fin": {}, "bs": {}, "cf": {}}}, {"TEDU": {"quote": {"03/21/2021": {"value": "3.4000", "Market Cap": "184.265M", "Beta (5Y Monthly)": "0.41", "PE Ratio (TTM)": "N/A", "EPS (TTM)": "-0.9760", "Earnings Date": "Mar 19, 2021", "Forward Dividend & Yield": "N/A (N/A)", "Ex-Dividend Date": "Apr 04, 2018", "1y Target Est": "40.54"}}, "fin": {"TTM": {"Duration": "TTM", "Total Revenue": "1,757,184", "Cost of Revenue": "1,085,517", "Gross Profit": "671,667", "Operating Expense": "1,724,785", "Operating Income": "-1,053,118", "Net Non Operating Interest Income Expense": "1,956", "Other Income Expense": "163", "Pretax Income": "-1,050,999", "Tax Provision": "-70,748", "Net Income Common Stockholders": "-975,513", "Diluted NI Available to Com Stockholders": "-975,513", "Basic EPS": "-", "Diluted EPS": "-", "Basic Average Shares": "-", "Diluted Average Shares": "-", "Total Operating Income as Reported": "-1,053,118", "Rent Expense Supplemental": "-", "Total Expenses": "2,810,302", "Net Income from Continuing & Discontinued Operation": "-975,513", "Normalized Income": "-972,476", "Interest Income": "-", "Net Interest Income": "1,956", "EBIT": "-1,053,118", "EBITDA": "-1,053,118", "Reconciled Cost of Revenue": "1,085,517", "Reconciled Depreciation": "-", "Net Income from Continuing Operation Net Minority Interest": "-975,513", "Total Unusual Items Excluding Goodwill": "-3,256", "Total Unusual Items": "-3,256", "Normalized EBITDA": "-1,049,862", "Tax Rate for Calcs": "0", "Tax Effect of Unusual Items": "-219.1776"}, "12/31/2019": {"Duration": "12/31/2019", "Total Revenue": "2,051,354", "Cost of Revenue": "1,173,834", "Gross Profit": "877,520", "Operating Expense": "1,975,676", "Operating Income": "-1,098,156", "Net Non Operating Interest Income Expense": "15,859", "Other Income Expense": "1,860", "Pretax Income": "-1,080,437", "Tax Provision": "-41,559", "Net Income Common Stockholders": "-1,036,086", "Diluted NI Available to Com Stockholders": "-1,036,086", "Basic EPS": "-19.41", "Diluted EPS": "-19.41", "Basic Average Shares": "53,379", "Diluted Average Shares": "53,379", "Total Operating Income as Reported": "-1,098,156", "Rent Expense Supplemental": "230,976", "Total Expenses": "3,149,510", "Net Income from Continuing & Discontinued Operation": "-1,036,086", "Normalized Income": "-1,037,639", "Interest Income": "15,859", "Net Interest Income": "15,859", "EBIT": "-1,098,156", "EBITDA": "-", "Reconciled Cost of Revenue": "1,173,834", "Reconciled Depreciation": "413,120", "Net Income from Continuing Operation Net Minority Interest": "-1,036,086", "Total Unusual Items Excluding Goodwill": "1,614", "Total Unusual Items": "1,614", "Normalized EBITDA": "-686,650", "Tax Rate for Calcs": "0", "Tax Effect of Unusual Items": "61.332"}, "12/31/2018": {"Duration": "12/31/2018", "Total Revenue": "2,085,371", "Cost of Revenue": "918,549", "Gross Profit": "1,166,822", "Operating Expense": "1,761,454", "Operating Income": "-594,632", "Net Non Operating Interest Income Expense": "26,200", "Other Income Expense": "-28,632", "Pretax Income": "-597,064", "Tax Provision": "-4,865", "Net Income Common Stockholders": "-590,174", "Diluted NI Available to Com Stockholders": "-590,174", "Basic EPS": "-10.85", "Diluted EPS": "-10.85", "Basic Average Shares": "54,930", "Diluted Average Shares": "54,930", "Total Operating Income as Reported": "-594,632", "Rent Expense Supplemental": "202,929", "Total Expenses": "2,680,003", "Net Income from Continuing & Discontinued Operation": "-590,174", "Normalized Income": "-595,085", "Interest Income": "26,200", "Net Interest Income": "26,200", "EBIT": "-594,632", "EBITDA": "-", "Reconciled Cost of Revenue": "918,549", "Reconciled Depreciation": "158,757", "Net Income from Continuing Operation Net Minority Interest": "-590,174", "Total Unusual Items Excluding Goodwill": "4,951", "Total Unusual Items": "4,951", "Normalized EBITDA": "-440,826", "Tax Rate for Calcs": "0", "Tax Effect of Unusual Items": "39.608"}}, "bs": {"12/31/2019": {"Duration": "12/31/2019", "Total Assets": "2,512,020", "Total Liabilities Net Minority Interest": "2,915,084", "Total Equity Gross Minority Interest": "-403,064", "Total Capitalization": "-400,047", "Common Stock Equity": "-400,047", "Capital Lease Obligations": "750,520", "Net Tangible Assets": "-470,498", "Working Capital": "-1,568,079", "Invested Capital": "-310,885", "Tangible Book Value": "-470,498", "Total Debt": "839,682", "Share Issued": "61,013", "Ordinary Shares Number": "53,913", "Treasury Shares Number": "7,099"}, "12/31/2018": {"Duration": "12/31/2018", "Total Assets": "1,878,047", "Total Liabilities Net Minority Interest": "1,306,404", "Total Equity Gross Minority Interest": "571,643", "Total Capitalization": "572,618", "Common Stock Equity": "572,618", "Capital Lease Obligations": "-", "Net Tangible Assets": "500,790", "Working Capital": "-374,847", "Invested Capital": "586,344", "Tangible Book Value": "500,790", "Total Debt": "13,726", "Share Issued": "60,179", "Ordinary Shares Number": "53,079", "Treasury Shares Number": "7,099"}}, "cf": {"TTM": {"Duration": "TTM", "Operating Cash Flow": "-", "Investing Cash Flow": "-", "Financing Cash Flow": "-", "End Cash Position": "-", "Income Tax Paid Supplemental Data": "-", "Interest Paid Supplemental Data": "-", "Capital Expenditure": "-", "Issuance of Debt": "-", "Repayment of Debt": "-", "Repurchase of Capital Stock": "-", "Free Cash Flow": "-"}, "12/31/2019": {"Duration": "12/31/2019", "Operating Cash Flow": "-31,730", "Investing Cash Flow": "-51,217", "Financing Cash Flow": "74,397", "End Cash Position": "537,701", "Income Tax Paid Supplemental Data": "6,654", "Interest Paid Supplemental Data": "419", "Capital Expenditure": "-161,275", "Issuance of Debt": "89,162", "Repayment of Debt": "-13,792", "Repurchase of Capital Stock": "-5,058", "Free Cash Flow": "-193,005"}, "12/31/2018": {"Duration": "12/31/2018", "Operating Cash Flow": "163,081", "Investing Cash Flow": "-91,977", "Financing Cash Flow": "-222,682", "End Cash Position": "545,684", "Income Tax Paid Supplemental Data": "37,216", "Interest Paid Supplemental Data": "-", "Capital Expenditure": "-276,253", "Issuance of Debt": "13,228", "Repayment of Debt": "-", "Repurchase of Capital Stock": "-196,957", "Free Cash Flow": "-113,172"}}}}, {"LRN": {"quote": {"03/21/2021": {"value": "28.20", "Market Cap": "1.173B", "Beta (5Y Monthly)": "0.52", "PE Ratio (TTM)": "22.98", "EPS (TTM)": "1.23", "Earnings Date": "Apr 26, 2021 - Apr 30, 2021", "Forward Dividend & Yield": "N/A (N/A)", "Ex-Dividend Date": "N/A", "1y Target Est": "40.50"}}, "fin": {"TTM": {"Duration": "TTM", "Total Revenue": "1,024,246", "Cost of Revenue": "680,951", "Gross Profit": "343,295", "Operating Expense": "306,430", "Operating Income": "36,865", "Net Non Operating Interest Income Expense": "3,319", "Other Income Expense": "1,067", "Pretax Income": "41,251", "Tax Provision": "8,078", "Earnings from Equity Interest Net of Tax": "-530", "Net Income Common Stockholders": "32,643", "Diluted NI Available to Com Stockholders": "32,643", "Basic EPS": "-", "Diluted EPS": "-", "Basic Average Shares": "-", "Diluted Average Shares": "-", "Total Operating Income as Reported": "36,865", "Total Expenses": "987,381", "Net Income from Continuing & Discontinued Operation": "32,643", "Normalized Income": "32,643", "Interest Income": "-", "Net Interest Income": "3,319", "EBIT": "36,865", "EBITDA": "106,420", "Reconciled Cost of Revenue": "680,951", "Reconciled Depreciation": "69,555", "Net Income from Continuing Operation Net Minority Interest": "32,643", "Total Unusual Items Excluding Goodwill": "-", "Total Unusual Items": "-", "Normalized EBITDA": "106,420", "Tax Rate for Calcs": "0", "Tax Effect of Unusual Items": "0"}, "6/30/2020": {"Duration": "6/30/2020", "Total Revenue": "1,040,765", "Cost of Revenue": "693,232", "Gross Profit": "347,533", "Operating Expense": "315,076", "Operating Income": "32,457", "Net Non Operating Interest Income Expense": "698", "Other Income Expense": "272", "Pretax Income": "33,427", "Tax Provision": "8,541", "Earnings from Equity Interest Net of Tax": "-380", "Net Income Common Stockholders": "24,506", "Diluted NI Available to Com Stockholders": "24,506", "Basic EPS": "0.62", "Diluted EPS": "0.60", "Basic Average Shares": "39,479", "Diluted Average Shares": "40,663", "Total Operating Income as Reported": "32,457", "Total Expenses": "1,008,308", "Net Income from Continuing & Discontinued Operation": "24,506", "Normalized Income": "24,506", "Interest Income": "698", "Net Interest Income": "698", "EBIT": "32,457", "EBITDA": "-", "Reconciled Cost of Revenue": "693,232", "Reconciled Depreciation": "72,091", "Net Income from Continuing Operation Net Minority Interest": "24,506", "Total Unusual Items Excluding Goodwill": "-", "Total Unusual Items": "-", "Normalized EBITDA": "104,548", "Tax Rate for Calcs": "0", "Tax Effect of Unusual Items": "0"}, "6/30/2019": {"Duration": "6/30/2019", "Total Revenue": "1,015,752", "Cost of Revenue": "663,437", "Gross Profit": "352,315", "Operating Expense": "306,829", "Operating Income": "45,486", "Net Non Operating Interest Income Expense": "2,761", "Other Income Expense": "114", "Pretax Income": "48,361", "Tax Provision": "10,520", "Earnings from Equity Interest Net of Tax": "-632", "Net Income Common Stockholders": "37,209", "Diluted NI Available to Com Stockholders": "37,209", "Basic EPS": "0.96", "Diluted EPS": "0.91", "Basic Average Shares": "38,849", "Diluted Average Shares": "40,945", "Total Operating Income as Reported": "45,486", "Total Expenses": "970,266", "Net Income from Continuing & Discontinued Operation": "37,209", "Normalized Income": "37,209", "Interest Income": "-", "Net Interest Income": "2,761", "EBIT": "45,486", "EBITDA": "-", "Reconciled Cost of Revenue": "663,437", "Reconciled Depreciation": "71,400", "Net Income from Continuing Operation Net Minority Interest": "37,209", "Total Unusual Items Excluding Goodwill": "0", "Total Unusual Items": "0", "Normalized EBITDA": "116,886", "Tax Rate for Calcs": "0", "Tax Effect of Unusual Items": "0"}, "6/30/2018": {"Duration": "6/30/2018", "Total Revenue": "917,734", "Cost of Revenue": "592,495", "Gross Profit": "325,239", "Operating Expense": "299,694", "Operating Income": "25,545", "Net Non Operating Interest Income Expense": "965", "Other Income Expense": "-", "Pretax Income": "26,510", "Tax Provision": "-910", "Earnings from Equity Interest Net of Tax": "-", "Net Income Common Stockholders": "27,620", "Diluted NI Available to Com Stockholders": "27,620", "Basic EPS": "0.70", "Diluted EPS": "0.68", "Basic Average Shares": "39,283", "Diluted Average Shares": "40,638", "Total Operating Income as Reported": "25,545", "Total Expenses": "892,189", "Net Income from Continuing & Discontinued Operation": "27,620", "Normalized Income": "27,620", "Interest Income": "-", "Net Interest Income": "965", "EBIT": "25,545", "EBITDA": "-", "Reconciled Cost of Revenue": "592,495", "Reconciled Depreciation": "75,260", "Net Income from Continuing Operation Net Minority Interest": "27,620", "Total Unusual Items Excluding Goodwill": "0", "Total Unusual Items": "0", "Normalized EBITDA": "100,805", "Tax Rate for Calcs": "0", "Tax Effect of Unusual Items": "0"}}, "bs": {"6/30/2020": {"Duration": "6/30/2020", "Total Assets": "1,073,263", "Total Liabilities Net Minority Interest": "397,934", "Total Equity Gross Minority Interest": "675,329", "Total Capitalization": "675,329", "Common Stock Equity": "675,329", "Capital Lease Obligations": "135,171", "Net Tangible Assets": "325,548", "Working Capital": "227,855", "Invested Capital": "775,329", "Tangible Book Value": "325,548", "Total Debt": "235,171", "Share Issued": "46,342", "Ordinary Shares Number": "41,007", "Treasury Shares Number": "5,335"}, "6/30/2019": {"Duration": "6/30/2019", "Total Assets": "819,606", "Total Liabilities Net Minority Interest": "186,241", "Total Equity Gross Minority Interest": "633,365", "Total Capitalization": "633,365", "Common Stock Equity": "633,365", "Capital Lease Obligations": "24,648", "Net Tangible Assets": "423,706", "Working Capital": "374,069", "Invested Capital": "633,365", "Tangible Book Value": "423,706", "Total Debt": "24,648", "Share Issued": "45,575", "Ordinary Shares Number": "40,240", "Treasury Shares Number": "5,335"}, "6/30/2018": {"Duration": "6/30/2018", "Total Assets": "741,963", "Total Liabilities Net Minority Interest": "154,774", "Total Equity Gross Minority Interest": "587,189", "Total Capitalization": "587,189", "Common Stock Equity": "587,189", "Capital Lease Obligations": "26,018", "Net Tangible Assets": "369,946", "Working Capital": "343,008", "Invested Capital": "587,189", "Tangible Book Value": "369,946", "Total Debt": "26,018", "Share Issued": "44,903", "Ordinary Shares Number": "39,568", "Treasury Shares Number": "5,335"}}, "cf": {"TTM": {"Duration": "TTM", "Operating Cash Flow": "95,456", "Investing Cash Flow": "-52,602", "Financing Cash Flow": "-34,988", "End Cash Position": "213,141", "Income Tax Paid Supplemental Data": "-", "Interest Paid Supplemental Data": "-", "Capital Expenditure": "-47,437", "Issuance of Debt": "513,610", "Repayment of Debt": "-29,055", "Repurchase of Capital Stock": "-7,936", "Free Cash Flow": "48,019"}, "6/30/2020": {"Duration": "6/30/2020", "Operating Cash Flow": "80,415", "Investing Cash Flow": "-217,365", "Financing Cash Flow": "65,628", "End Cash Position": "213,299", "Income Tax Paid Supplemental Data": "-", "Interest Paid Supplemental Data": "-", "Capital Expenditure": "-44,997", "Issuance of Debt": "105,000", "Repayment of Debt": "-32,675", "Repurchase of Capital Stock": "-6,761", "Free Cash Flow": "35,418"}, "6/30/2019": {"Duration": "6/30/2019", "Operating Cash Flow": "141,606", "Investing Cash Flow": "-61,109", "Financing Cash Flow": "-28,989", "End Cash Position": "284,621", "Income Tax Paid Supplemental Data": "-", "Interest Paid Supplemental Data": "-", "Capital Expenditure": "-48,406", "Issuance of Debt": "-", "Repayment of Debt": "-21,034", "Repurchase of Capital Stock": "-9,958", "Free Cash Flow": "93,200"}, "6/30/2018": {"Duration": "6/30/2018", "Operating Cash Flow": "103,627", "Investing Cash Flow": "-50,477", "Financing Cash Flow": "-50,901", "End Cash Position": "233,113", "Income Tax Paid Supplemental Data": "12,210", "Interest Paid Supplemental Data": "778", "Capital Expenditure": "-43,203", "Issuance of Debt": "-", "Repayment of Debt": "-13,301", "Repurchase of Capital Stock": "-37,796", "Free Cash Flow": "60,424"}}}}, {"LTRE": {"quote": {"03/21/2021": {"value": "0.7500", "Market Cap": "6.612M", "Beta (5Y Monthly)": "0.33", "PE Ratio (TTM)": "N/A", "EPS (TTM)": "-0.1600", "Earnings Date": "Aug 07, 2018", "Forward Dividend & Yield": "N/A (N/A)", "Ex-Dividend Date": "Aug 18, 2010", "1y Target Est": "N/A"}}, "fin": {"TTM": {"Duration": "TTM", "Total Revenue": "64,318", "Cost of Revenue": "36,642", "Gross Profit": "27,676", "Operating Expense": "29,296", "Operating Income": "-1,620", "Net Non Operating Interest Income Expense": "-96", "Other Income Expense": "-210", "Pretax Income": "-1,926", "Tax Provision": "133", "Net Income Common Stockholders": "-2,059", "Diluted NI Available to Com Stockholders": "-2,059", "Basic EPS": "-", "Diluted EPS": "-", "Basic Average Shares": "-", "Diluted Average Shares": "-", "Total Operating Income as Reported": "-1,986", "Total Expenses": "65,938", "Net Income from Continuing & Discontinued Operation": "-2,059", "Normalized Income": "-1,900", "Net Interest Income": "-96", "EBIT": "-1,620", "EBITDA": "-287", "Reconciled Cost of Revenue": "36,642", "Reconciled Depreciation": "1,333", "Net Income from Continuing Operation Net Minority Interest": "-2,059", "Total Unusual Items Excluding Goodwill": "-218", "Total Unusual Items": "-218", "Normalized EBITDA": "-69", "Tax Rate for Calcs": "0", "Tax Effect of Unusual Items": "-58.86"}, "9/30/2018": {"Duration": "9/30/2018", "Total Revenue": "64,318", "Cost of Revenue": "36,642", "Gross Profit": "27,676", "Operating Expense": "29,296", "Operating Income": "-1,620", "Net Non Operating Interest Income Expense": "-96", "Other Income Expense": "-210", "Pretax Income": "-1,926", "Tax Provision": "133", "Net Income Common Stockholders": "-2,059", "Diluted NI Available to Com Stockholders": "-2,059", "Basic EPS": "-", "Diluted EPS": "-", "Basic Average Shares": "-", "Diluted Average Shares": "-", "Total Operating Income as Reported": "-1,986", "Total Expenses": "65,938", "Net Income from Continuing & Discontinued Operation": "-2,059", "Normalized Income": "-1,900", "Net Interest Income": "-96", "EBIT": "-1,620", "EBITDA": "-", "Reconciled Cost of Revenue": "36,642", "Reconciled Depreciation": "1,333", "Net Income from Continuing Operation Net Minority Interest": "-2,059", "Total Unusual Items Excluding Goodwill": "-218", "Total Unusual Items": "-218", "Normalized EBITDA": "-69", "Tax Rate for Calcs": "0", "Tax Effect of Unusual Items": "-58.86"}}, "bs": {"9/30/2018": {"Duration": "9/30/2018", "Total Assets": "22,648", "Total Liabilities Net Minority Interest": "36,564", "Total Equity Gross Minority Interest": "-13,916", "Total Capitalization": "-13,866", "Common Stock Equity": "-13,916", "Capital Lease Obligations": "294", "Net Tangible Assets": "-13,916", "Working Capital": "-12,889", "Invested Capital": "-11,643", "Tangible Book Value": "-13,916", "Total Debt": "2,567", "Share Issued": "13,224", "Ordinary Shares Number": "13,224"}}, "cf": {"TTM": {"Duration": "TTM", "Operating Cash Flow": "-1,604", "Investing Cash Flow": "-290", "Financing Cash Flow": "1,504", "End Cash Position": "4,732", "Income Tax Paid Supplemental Data": "164", "Interest Paid Supplemental Data": "102", "Capital Expenditure": "-297", "Issuance of Debt": "2,000", "Repayment of Debt": "-292", "Free Cash Flow": "-1,901"}, "9/30/2018": {"Duration": "9/30/2018", "Operating Cash Flow": "-1,604", "Investing Cash Flow": "-290", "Financing Cash Flow": "1,504", "End Cash Position": "4,732", "Income Tax Paid Supplemental Data": "164", "Interest Paid Supplemental Data": "102", "Capital Expenditure": "-297", "Issuance of Debt": "2,000", "Repayment of Debt": "-292", "Free Cash Flow": "-1,901"}}}}, {"CLCN": {"quote": {"03/21/2021": {"value": "0.2000", "Market Cap": "2.605M", "Beta (5Y Monthly)": "0.45", "PE Ratio (TTM)": "5.00", "EPS (TTM)": "0.0400", "Earnings Date": "Apr 01, 2020", "Forward Dividend & Yield": "N/A (N/A)", "Ex-Dividend Date": "N/A", "1y Target Est": "N/A"}}, "fin": {"TTM": {"Duration": "TTM", "Total Revenue": "3,006", "Cost of Revenue": "319.102", "Gross Profit": "2,687", "Operating Expense": "1,773", "Operating Income": "914.002", "Net Non Operating Interest Income Expense": "-", "Other Income Expense": "-369.522", "Pretax Income": "544.48", "Tax Provision": "0", "Net Income Common Stockholders": "544.48", "Diluted NI Available to Com Stockholders": "544.48", "Basic EPS": "-", "Diluted EPS": "-", "Basic Average Shares": "-", "Diluted Average Shares": "-", "Total Operating Income as Reported": "526.624", "Total Expenses": "2,092", "Net Income from Continuing & Discontinued Operation": "544.48", "Normalized Income": "931.858", "Net Interest Income": "-", "EBIT": "914.002", "EBITDA": "1,030", "Reconciled Cost of Revenue": "319.101", "Reconciled Depreciation": "115.711", "Net Income from Continuing Operation Net Minority Interest": "544.48", "Total Unusual Items Excluding Goodwill": "-387.378", "Total Unusual Items": "-387.378", "Normalized EBITDA": "1,417", "Tax Rate for Calcs": "0", "Tax Effect of Unusual Items": "0"}, "9/30/2020": {"Duration": "9/30/2020", "Total Revenue": "3,038", "Cost of Revenue": "292.115", "Gross Profit": "2,746", "Operating Expense": "1,811", "Operating Income": "935.249", "Net Non Operating Interest Income Expense": "-", "Other Income Expense": "-315.088", "Pretax Income": "620.161", "Tax Provision": "0", "Net Income Common Stockholders": "620.161", "Diluted NI Available to Com Stockholders": "620.161", "Basic EPS": "0.05", "Diluted EPS": "0.04", "Basic Average Shares": "13,403", "Diluted Average Shares": "13,785", "Total Operating Income as Reported": "585.455", "Total Expenses": "2,103", "Net Income from Continuing & Discontinued Operation": "620.161", "Normalized Income": "969.955", "Net Interest Income": "-", "EBIT": "935.249", "EBITDA": "-", "Reconciled Cost of Revenue": "292.115", "Reconciled Depreciation": "112.543", "Net Income from Continuing Operation Net Minority Interest": "620.161", "Total Unusual Items Excluding Goodwill": "-349.794", "Total Unusual Items": "-349.794", "Normalized EBITDA": "1,398", "Tax Rate for Calcs": "0", "Tax Effect of Unusual Items": "0"}, "9/30/2019": {"Duration": "9/30/2019", "Total Revenue": "4,518", "Cost of Revenue": "843.425", "Gross Profit": "3,675", "Operating Expense": "1,788", "Operating Income": "1,887", "Net Non Operating Interest Income Expense": "-", "Other Income Expense": "130.515", "Pretax Income": "2,017", "Tax Provision": "0", "Net Income Common Stockholders": "2,017", "Diluted NI Available to Com Stockholders": "2,017", "Basic EPS": "0.17", "Diluted EPS": "0.17", "Basic Average Shares": "12,044", "Diluted Average Shares": "12,044", "Total Operating Income as Reported": "1,954", "Total Expenses": "2,631", "Net Income from Continuing & Discontinued Operation": "2,017", "Normalized Income": "1,950", "Net Interest Income": "-", "EBIT": "1,887", "EBITDA": "-", "Reconciled Cost of Revenue": "843.425", "Reconciled Depreciation": "115.627", "Net Income from Continuing Operation Net Minority Interest": "2,017", "Total Unusual Items Excluding Goodwill": "67.018", "Total Unusual Items": "67.018", "Normalized EBITDA": "1,935", "Tax Rate for Calcs": "0", "Tax Effect of Unusual Items": "0"}, "9/30/2018": {"Duration": "9/30/2018", "Total Revenue": "2,417", "Cost of Revenue": "103.928", "Gross Profit": "2,313", "Operating Expense": "1,772", "Operating Income": "540.71", "Net Non Operating Interest Income Expense": "-", "Other Income Expense": "-759.543", "Pretax Income": "-218.833", "Tax Provision": "0", "Net Income Common Stockholders": "-218.833", "Diluted NI Available to Com Stockholders": "-218.833", "Basic EPS": "-0.02", "Diluted EPS": "-0.02", "Basic Average Shares": "12,011", "Diluted Average Shares": "12,011", "Total Operating Income as Reported": "-215.08", "Total Expenses": "1,876", "Net Income from Continuing & Discontinued Operation": "-218.833", "Normalized Income": "536.957", "Net Interest Income": "-", "EBIT": "540.71", "EBITDA": "-", "Reconciled Cost of Revenue": "103.928", "Reconciled Depreciation": "51.607", "Net Income from Continuing Operation Net Minority Interest": "-218.833", "Total Unusual Items Excluding Goodwill": "-755.79", "Total Unusual Items": "-755.79", "Normalized EBITDA": "1,348", "Tax Rate for Calcs": "0", "Tax Effect of Unusual Items": "0"}}, "bs": {"9/30/2020": {"Duration": "9/30/2020", "Total Assets": "1,594", "Total Liabilities Net Minority Interest": "3,411", "Total Equity Gross Minority Interest": "-1,817", "Total Capitalization": "-1,817", "Common Stock Equity": "-1,817", "Net Tangible Assets": "-1,817", "Working Capital": "-164.556", "Invested Capital": "-1,697", "Tangible Book Value": "-1,817", "Total Debt": "119.98", "Share Issued": "13,363", "Ordinary Shares Number": "13,298", "Treasury Shares Number": "65.1"}, "9/30/2019": {"Duration": "9/30/2019", "Total Assets": "2,162", "Total Liabilities Net Minority Interest": "4,602", "Total Equity Gross Minority Interest": "-2,440", "Total Capitalization": "-2,440", "Common Stock Equity": "-2,440", "Net Tangible Assets": "-2,440", "Working Capital": "-154.33", "Invested Capital": "-2,440", "Tangible Book Value": "-2,440", "Total Debt": "-", "Share Issued": "13,607", "Ordinary Shares Number": "13,542", "Treasury Shares Number": "65.1"}, "9/30/2018": {"Duration": "9/30/2018", "Total Assets": "745.291", "Total Liabilities Net Minority Interest": "272.95", "Total Equity Gross Minority Interest": "472.341", "Total Capitalization": "472.341", "Common Stock Equity": "472.341", "Net Tangible Assets": "472.341", "Working Capital": "109.941", "Invested Capital": "472.341", "Tangible Book Value": "472.341", "Total Debt": "-", "Share Issued": "12,076", "Ordinary Shares Number": "12,011", "Treasury Shares Number": "65.1"}}, "cf": {"TTM": {"Duration": "TTM", "Operating Cash Flow": "-239.159", "Investing Cash Flow": "-8.5", "Financing Cash Flow": "119.98", "End Cash Position": "470.708", "Income Tax Paid Supplemental Data": "-", "Interest Paid Supplemental Data": "-", "Capital Expenditure": "-", "Issuance of Debt": "-", "Free Cash Flow": "-239.328"}, "9/30/2020": {"Duration": "9/30/2020", "Operating Cash Flow": "-306.22", "Investing Cash Flow": "94.072", "Financing Cash Flow": "119.98", "End Cash Position": "447.853", "Income Tax Paid Supplemental Data": "0", "Interest Paid Supplemental Data": "0", "Capital Expenditure": "-", "Issuance of Debt": "119.98", "Free Cash Flow": "-306.22"}, "9/30/2019": {"Duration": "9/30/2019", "Operating Cash Flow": "397.874", "Investing Cash Flow": "38.949", "Financing Cash Flow": "0", "End Cash Position": "540.021", "Income Tax Paid Supplemental Data": "-", "Interest Paid Supplemental Data": "-", "Capital Expenditure": "-118.838", "Issuance of Debt": "-", "Free Cash Flow": "279.036"}, "9/30/2018": {"Duration": "9/30/2018", "Operating Cash Flow": "69.972", "Investing Cash Flow": "-203.229", "Financing Cash Flow": "-", "End Cash Position": "80.693", "Income Tax Paid Supplemental Data": "-", "Interest Paid Supplemental Data": "-", "Capital Expenditure": "-192.621", "Issuance of Debt": "-", "Free Cash Flow": "-122.649"}}}}, {"UTI": {"quote": {"03/21/2021": {"value": "5.86", "Market Cap": "191.855M", "Beta (5Y Monthly)": "1.07", "PE Ratio (TTM)": "N/A", "EPS (TTM)": "-0.02", "Earnings Date": "Feb 04, 2021", "Forward Dividend & Yield": "N/A (N/A)", "Ex-Dividend Date": "Mar 17, 2016", "1y Target Est": "9.25"}}, "fin": {"TTM": {"Duration": "TTM", "Total Revenue": "335,688", "Cost of Revenue": "175,458", "Gross Profit": "160,230", "Operating Expense": "156,573", "Operating Income": "3,657", "Net Non Operating Interest Income Expense": "-982", "Other Income Expense": "2,012", "Pretax Income": "4,687", "Tax Provision": "154", "Net Income Common Stockholders": "-717", "Diluted NI Available to Com Stockholders": "-717", "Basic EPS": "-", "Diluted EPS": "-", "Basic Average Shares": "-", "Diluted Average Shares": "-", "Total Operating Income as Reported": "3,657", "Rent Expense Supplemental": "36,594", "Total Expenses": "332,031", "Net Income from Continuing & Discontinued Operation": "4,533", "Normalized Income": "4,533", "Interest Income": "1,424", "Interest Expense": "2,406", "Net Interest Income": "-982", "EBIT": "7,093", "EBITDA": "26,043", "Reconciled Cost of Revenue": "157,977", "Reconciled Depreciation": "18,950", "Net Income from Continuing Operation Net Minority Interest": "4,533", "Total Unusual Items Excluding Goodwill": "-", "Total Unusual Items": "-", "Normalized EBITDA": "26,043", "Tax Rate for Calcs": "0", "Tax Effect of Unusual Items": "0"}, "9/30/2020": {"Duration": "9/30/2020", "Total Revenue": "300,761", "Cost of Revenue": "155,932", "Gross Profit": "144,829", "Operating Expense": "148,700", "Operating Income": "-3,871", "Net Non Operating Interest Income Expense": "1,142", "Other Income Expense": "135", "Pretax Income": "-2,594", "Tax Provision": "-10,602", "Net Income Common Stockholders": "1,609", "Diluted NI Available to Com Stockholders": "1,609", "Basic EPS": "0.05", "Diluted EPS": "0.05", "Basic Average Shares": "29,812", "Diluted Average Shares": "30,113", "Total Operating Income as Reported": "-3,871", "Rent Expense Supplemental": "37,742", "Total Expenses": "304,632", "Net Income from Continuing & Discontinued Operation": "8,008", "Normalized Income": "8,008", "Interest Income": "1,152", "Interest Expense": "10", "Net Interest Income": "1,142", "EBIT": "-2,584", "EBITDA": "-", "Reconciled Cost of Revenue": "120,818", "Reconciled Depreciation": "36,077", "Net Income from Continuing Operation Net Minority Interest": "8,008", "Total Unusual Items Excluding Goodwill": "-", "Total Unusual Items": "-", "Normalized EBITDA": "33,493", "Tax Rate for Calcs": "0", "Tax Effect of Unusual Items": "0"}, "9/30/2019": {"Duration": "9/30/2019", "Total Revenue": "331,504", "Cost of Revenue": "178,317", "Gross Profit": "153,187", "Operating Expense": "160,989", "Operating Income": "-7,802", "Net Non Operating Interest Income Expense": "-1,729", "Other Income Expense": "1,866", "Pretax Income": "-7,665", "Tax Provision": "203", "Net Income Common Stockholders": "-13,118", "Diluted NI Available to Com Stockholders": "-13,118", "Basic EPS": "-0.52", "Diluted EPS": "-0.52", "Basic Average Shares": "25,438", "Diluted Average Shares": "25,438", "Total Operating Income as Reported": "-7,802", "Rent Expense Supplemental": "35,783", "Total Expenses": "339,306", "Net Income from Continuing & Discontinued Operation": "-7,868", "Normalized Income": "-7,868", "Interest Income": "1,491", "Interest Expense": "3,220", "Net Interest Income": "-1,729", "EBIT": "-4,445", "EBITDA": "-", "Reconciled Cost of Revenue": "163,893", "Reconciled Depreciation": "15,904", "Net Income from Continuing Operation Net Minority Interest": "-7,868", "Total Unusual Items Excluding Goodwill": "-", "Total Unusual Items": "-", "Normalized EBITDA": "11,459", "Tax Rate for Calcs": "0", "Tax Effect of Unusual Items": "0"}, "9/30/2018": {"Duration": "9/30/2018", "Total Revenue": "316,965", "Cost of Revenue": "182,589", "Gross Profit": "134,376", "Operating Expense": "166,976", "Operating Income": "-32,600", "Net Non Operating Interest Income Expense": "-1,885", "Other Income Expense": "-1,212", "Pretax Income": "-35,697", "Tax Provision": "-3,015", "Net Income Common Stockholders": "-37,932", "Diluted NI Available to Com Stockholders": "-37,932", "Basic EPS": "-1.51", "Diluted EPS": "-1.51", "Basic Average Shares": "25,115", "Diluted Average Shares": "25,115", "Total Operating Income as Reported": "-35,275", "Rent Expense Supplemental": "36,561", "Total Expenses": "349,565", "Net Income from Continuing & Discontinued Operation": "-32,682", "Normalized Income": "-30,232", "Interest Income": "1,425", "Interest Expense": "3,310", "Net Interest Income": "-1,885", "EBIT": "-32,387", "EBITDA": "-", "Reconciled Cost of Revenue": "168,823", "Reconciled Depreciation": "15,688", "Net Income from Continuing Operation Net Minority Interest": "-32,682", "Total Unusual Items Excluding Goodwill": "-2,675", "Total Unusual Items": "-2,675", "Normalized EBITDA": "-14,024", "Tax Rate for Calcs": "0", "Tax Effect of Unusual Items": "-224.7"}}, "bs": {"9/30/2020": {"Duration": "9/30/2020", "Total Assets": "441,981", "Total Liabilities Net Minority Interest": "265,459", "Total Equity Gross Minority Interest": "176,522", "Total Capitalization": "176,522", "Common Stock Equity": "176,522", "Capital Lease Obligations": "157,755", "Net Tangible Assets": "168,300", "Working Capital": "58,539", "Invested Capital": "176,522", "Tangible Book Value": "168,300", "Total Debt": "157,755", "Share Issued": "32,730", "Ordinary Shares Number": "32,648", "Treasury Shares Number": "82"}, "9/30/2019": {"Duration": "9/30/2019", "Total Assets": "270,526", "Total Liabilities Net Minority Interest": "156,238", "Total Equity Gross Minority Interest": "114,288", "Total Capitalization": "114,288", "Common Stock Equity": "114,288", "Capital Lease Obligations": "40,715", "Net Tangible Assets": "106,066", "Working Capital": "21,260", "Invested Capital": "114,288", "Tangible Book Value": "106,066", "Total Debt": "40,715", "Share Issued": "32,499", "Ordinary Shares Number": "25,634", "Treasury Shares Number": "6,865"}, "9/30/2018": {"Duration": "9/30/2018", "Total Assets": "282,278", "Total Liabilities Net Minority Interest": "155,633", "Total Equity Gross Minority Interest": "126,645", "Total Capitalization": "126,645", "Common Stock Equity": "126,645", "Capital Lease Obligations": "42,034", "Net Tangible Assets": "118,423", "Working Capital": "24,333", "Invested Capital": "126,645", "Tangible Book Value": "118,423", "Total Debt": "42,034", "Share Issued": "32,169", "Ordinary Shares Number": "25,304", "Treasury Shares Number": "6,865"}}, "cf": {"TTM": {"Duration": "TTM", "Operating Cash Flow": "24,460", "Investing Cash Flow": "-5,161", "Financing Cash Flow": "-7,267", "End Cash Position": "85,463", "Income Tax Paid Supplemental Data": "-104", "Interest Paid Supplemental Data": "2,406", "Capital Expenditure": "-5,485", "Issuance of Capital Stock": "-", "Repayment of Debt": "-1,009", "Repurchase of Capital Stock": "-", "Free Cash Flow": "18,975"}, "9/30/2020": {"Duration": "9/30/2020", "Operating Cash Flow": "11,032", "Investing Cash Flow": "-45,760", "Financing Cash Flow": "43,092", "End Cash Position": "88,919", "Income Tax Paid Supplemental Data": "-", "Interest Paid Supplemental Data": "7", "Capital Expenditure": "-9,262", "Issuance of Capital Stock": "49,153", "Repayment of Debt": "-", "Repurchase of Capital Stock": "-", "Free Cash Flow": "1,770"}, "9/30/2019": {"Duration": "9/30/2019", "Operating Cash Flow": "21,746", "Investing Cash Flow": "-6,152", "Financing Cash Flow": "-7,198", "End Cash Position": "80,555", "Income Tax Paid Supplemental Data": "37", "Interest Paid Supplemental Data": "3,220", "Capital Expenditure": "-6,453", "Issuance of Capital Stock": "-", "Repayment of Debt": "-1,319", "Repurchase of Capital Stock": "-", "Free Cash Flow": "15,293"}, "9/30/2018": {"Duration": "9/30/2018", "Operating Cash Flow": "-13,478", "Investing Cash Flow": "28,024", "Financing Cash Flow": "-6,580", "End Cash Position": "58,104", "Income Tax Paid Supplemental Data": "610", "Interest Paid Supplemental Data": "3,310", "Capital Expenditure": "-20,931", "Issuance of Capital Stock": "0", "Repayment of Debt": "-1,107", "Repurchase of Capital Stock": "-", "Free Cash Flow": "-34,409"}}}}, {"TIGE": {"quote": {"03/21/2021": {"value": "0.0390", "Market Cap": "1.047M", "Beta (5Y Monthly)": "-0.91", "PE Ratio (TTM)": "N/A", "EPS (TTM)": "-0.1450", "Earnings Date": "N/A", "Forward Dividend & Yield": "N/A (N/A)", "Ex-Dividend Date": "Sep 13, 2006", "1y Target Est": "N/A"}}, "fin": {}, "bs": {}, "cf": {}}}, {"ATAI": {"fin": {}, "bs": {}, "cf": {}}}, {"BPI": {"fin": {}, "bs": {}, "cf": {}}}, {"CECO": {"fin": {}, "bs": {}, "cf": {}}}, {"SCIL": {"fin": {}, "bs": {}, "cf": {}}}, {"SCHS": {"fin": {}, "bs": {}, "cf": {}}}]