[{"ARW": {"quote": {"03/21/2021": {"value": "109.13", "Market Cap": "8.141B", "Beta (5Y Monthly)": "1.58", "PE Ratio (TTM)": "14.69", "EPS (TTM)": "7.43", "Earnings Date": "Apr 28, 2021 - May 03, 2021", "Forward Dividend & Yield": "N/A (N/A)", "Ex-Dividend Date": "Dec 17, 1986", "1y Target Est": "108.00"}}, "fin": {"TTM": {"Duration": "TTM", "Total Revenue": "27,404,219", "Cost of Revenue": "24,303,581", "Gross Profit": "3,100,638", "Operating Expense": "2,285,690", "Operating Income": "814,948", "Net Non Operating Interest Income Expense": "-175,334", "Other Income Expense": "-95,807", "Pretax Income": "543,807", "Tax Provision": "155,546", "Net Income Common Stockholders": "386,451", "Diluted NI Available to Com Stockholders": "386,451", "Basic EPS": "-", "Diluted EPS": "-", "Basic Average Shares": "-", "Diluted Average Shares": "-", "Total Operating Income as Reported": "746,243", "Total Expenses": "26,589,271", "Net Income from Continuing & Discontinued Operation": "386,451", "Normalized Income": "453,831", "Interest Expense": "175,334", "Net Interest Income": "-175,334", "EBIT": "719,141", "EBITDA": "908,345", "Reconciled Cost of Revenue": "24,303,581", "Reconciled Depreciation": "189,204", "Net Income from Continuing Operation Net Minority Interest": "386,451", "Total Unusual Items Excluding Goodwill": "-94,374", "Total Unusual Items": "-94,374", "Normalized EBITDA": "1,002,719", "Tax Rate for Calcs": "0", "Tax Effect of Unusual Items": "-26,994"}, "12/31/2020": {"Duration": "12/31/2020", "Total Revenue": "28,673,363", "Cost of Revenue": "25,482,233", "Gross Profit": "3,191,130", "Operating Expense": "2,278,967", "Operating Income": "912,163", "Net Non Operating Interest Income Expense": "-137,210", "Other Income Expense": "-15,694", "Pretax Income": "759,259", "Tax Provision": "172,795", "Net Income Common Stockholders": "584,438", "Diluted NI Available to Com Stockholders": "584,438", "Basic EPS": "-", "Diluted EPS": "-", "Basic Average Shares": "-", "Diluted Average Shares": "-", "Total Operating Income as Reported": "894,511", "Total Expenses": "27,761,200", "Net Income from Continuing & Discontinued Operation": "584,438", "Normalized Income": "596,129", "Interest Expense": "137,210", "Net Interest Income": "-137,210", "EBIT": "896,469", "EBITDA": "-", "Reconciled Cost of Revenue": "25,482,233", "Reconciled Depreciation": "189,058", "Net Income from Continuing Operation Net Minority Interest": "584,438", "Total Unusual Items Excluding Goodwill": "-15,163", "Total Unusual Items": "-15,163", "Normalized EBITDA": "1,100,690", "Tax Rate for Calcs": "0", "Tax Effect of Unusual Items": "-3,472"}, "12/31/2019": {"Duration": "12/31/2019", "Total Revenue": "28,916,847", "Cost of Revenue": "25,618,466", "Gross Profit": "3,298,381", "Operating Expense": "2,381,402", "Operating Income": "916,979", "Net Non Operating Interest Income Expense": "-203,743", "Other Income Expense": "-825,066", "Pretax Income": "-111,830", "Tax Provision": "88,338", "Net Income Common Stockholders": "-204,087", "Diluted NI Available to Com Stockholders": "-204,087", "Basic EPS": "-2.44", "Diluted EPS": "-2.44", "Basic Average Shares": "83,568", "Diluted Average Shares": "83,568", "Total Operating Income as Reported": "107,696", "Total Expenses": "27,999,868", "Net Income from Continuing & Discontinued Operation": "-204,087", "Normalized Income": "378,053", "Interest Expense": "203,743", "Net Interest Income": "-203,743", "EBIT": "91,913", "EBITDA": "-", "Reconciled Cost of Revenue": "25,618,466", "Reconciled Depreciation": "189,790", "Net Income from Continuing Operation Net Minority Interest": "-204,087", "Total Unusual Items Excluding Goodwill": "-797,452", "Total Unusual Items": "-797,452", "Normalized EBITDA": "1,079,155", "Tax Rate for Calcs": "0", "Tax Effect of Unusual Items": "-215,312"}, "12/31/2018": {"Duration": "12/31/2018", "Total Revenue": "29,676,768", "Cost of Revenue": "25,975,856", "Gross Profit": "3,700,912", "Operating Expense": "2,489,435", "Operating Income": "1,211,477", "Net Non Operating Interest Income Expense": "-214,771", "Other Income Expense": "-87,333", "Pretax Income": "909,373", "Tax Provision": "187,799", "Net Income Common Stockholders": "716,195", "Diluted NI Available to Com Stockholders": "716,195", "Basic EPS": "8.19", "Diluted EPS": "8.10", "Basic Average Shares": "87,476", "Diluted Average Shares": "88,444", "Total Operating Income as Reported": "1,147,512", "Total Expenses": "28,465,291", "Net Income from Continuing & Discontinued Operation": "716,195", "Normalized Income": "778,153", "Interest Expense": "214,771", "Net Interest Income": "-214,771", "EBIT": "1,124,144", "EBITDA": "-", "Reconciled Cost of Revenue": "25,975,856", "Reconciled Depreciation": "186,384", "Net Income from Continuing Operation Net Minority Interest": "716,195", "Total Unusual Items Excluding Goodwill": "-78,131", "Total Unusual Items": "-78,131", "Normalized EBITDA": "1,388,659", "Tax Rate for Calcs": "0", "Tax Effect of Unusual Items": "-16,173"}}, "bs": {"12/31/2020": {"Duration": "12/31/2020", "Total Assets": "17,053,911", "Total Liabilities Net Minority Interest": "11,904,959", "Total Equity Gross Minority Interest": "5,148,952", "Total Capitalization": "7,187,259", "Common Stock Equity": "5,089,319", "Net Tangible Assets": "2,740,031", "Working Capital": "4,022,016", "Invested Capital": "7,345,892", "Tangible Book Value": "2,740,031", "Total Debt": "2,256,573", "Net Debt": "1,882,958", "Share Issued": "125,424", "Ordinary Shares Number": "74,843", "Treasury Shares Number": "50,581"}, "12/31/2019": {"Duration": "12/31/2019", "Total Assets": "16,400,796", "Total Liabilities Net Minority Interest": "11,534,403", "Total Equity Gross Minority Interest": "4,866,393", "Total Capitalization": "7,452,048", "Common Stock Equity": "4,811,919", "Net Tangible Assets": "2,478,694", "Working Capital": "4,268,000", "Invested Capital": "7,783,479", "Tangible Book Value": "2,478,694", "Total Debt": "2,971,560", "Net Debt": "2,671,457", "Share Issued": "125,424", "Ordinary Shares Number": "80,620", "Treasury Shares Number": "44,804"}, "12/31/2018": {"Duration": "12/31/2018", "Total Assets": "17,784,445", "Total Liabilities Net Minority Interest": "12,408,079", "Total Equity Gross Minority Interest": "5,376,366", "Total Capitalization": "8,564,105", "Common Stock Equity": "5,324,990", "Net Tangible Assets": "2,327,656", "Working Capital": "4,817,872", "Invested Capital": "8,810,362", "Tangible Book Value": "2,327,656", "Total Debt": "3,485,372", "Net Debt": "2,976,045", "Share Issued": "125,424", "Ordinary Shares Number": "85,191", "Treasury Shares Number": "40,233"}}, "cf": {"TTM": {"Duration": "TTM", "Operating Cash Flow": "1,666,686", "Investing Cash Flow": "-169,355", "Financing Cash Flow": "-1,565,314", "End Cash Position": "202,006", "Capital Expenditure": "-128,713", "Issuance of Debt": "-", "Repayment of Debt": "-1,026,063", "Repurchase of Capital Stock": "-435,018", "Free Cash Flow": "1,537,973"}, "12/31/2020": {"Duration": "12/31/2020", "Operating Cash Flow": "1,359,843", "Investing Cash Flow": "-138,794", "Financing Cash Flow": "-1,227,097", "End Cash Position": "373,615", "Capital Expenditure": "-124,298", "Issuance of Debt": "-", "Repayment of Debt": "-620,863", "Repurchase of Capital Stock": "-483,735", "Free Cash Flow": "1,235,545"}, "12/31/2019": {"Duration": "12/31/2019", "Operating Cash Flow": "857,995", "Investing Cash Flow": "-173,583", "Financing Cash Flow": "-906,369", "End Cash Position": "300,103", "Capital Expenditure": "-150,807", "Issuance of Debt": "-", "Repayment of Debt": "-405,007", "Repurchase of Capital Stock": "-404,203", "Free Cash Flow": "707,188"}, "12/31/2018": {"Duration": "12/31/2018", "Operating Cash Flow": "272,690", "Investing Cash Flow": "-462,965", "Financing Cash Flow": "-36,833", "End Cash Position": "509,327", "Capital Expenditure": "-155,336", "Issuance of Debt": "306,635", "Repayment of Debt": "-300,000", "Repurchase of Capital Stock": "-243,305", "Free Cash Flow": "117,354"}}}}, {"AVT": {"quote": {"03/21/2021": {"value": "40.53", "Market Cap": "4.031B", "Beta (5Y Monthly)": "1.53", "PE Ratio (TTM)": "N/A", "EPS (TTM)": "-0.77", "Earnings Date": "Apr 26, 2021 - Apr 30, 2021", "Forward Dividend & Yield": "0.84 (2.05%)", "Ex-Dividend Date": "Mar 09, 2021", "1y Target Est": "38.89"}}, "fin": {"TTM": {"Duration": "TTM", "Total Revenue": "17,860,751", "Cost of Revenue": "15,839,414", "Gross Profit": "2,021,337", "Operating Expense": "1,833,986", "Operating Income": "187,351", "Net Non Operating Interest Income Expense": "-98,994", "Other Income Expense": "-250,005", "Pretax Income": "-161,648", "Tax Provision": "-86,969", "Net Income Common Stockholders": "-76,227", "Diluted NI Available to Com Stockholders": "-76,227", "Basic EPS": "-", "Diluted EPS": "-", "Basic Average Shares": "-", "Diluted Average Shares": "-", "Total Operating Income as Reported": "-38,117", "Total Expenses": "17,673,400", "Net Income from Continuing & Discontinued Operation": "-76,227", "Normalized Income": "60,602", "Interest Expense": "98,994", "Net Interest Income": "-98,994", "EBIT": "-62,654", "EBITDA": "160,395", "Reconciled Cost of Revenue": "15,839,414", "Reconciled Depreciation": "223,049", "Net Income from Continuing Operation Net Minority Interest": "-74,679", "Total Unusual Items Excluding Goodwill": "-225,468", "Total Unusual Items": "-225,468", "Normalized EBITDA": "385,863", "Tax Rate for Calcs": "0", "Tax Effect of Unusual Items": "-90,187"}, "6/30/2020": {"Duration": "6/30/2020", "Total Revenue": "17,634,333", "Cost of Revenue": "15,570,877", "Gross Profit": "2,063,456", "Operating Expense": "1,842,122", "Operating Income": "221,334", "Net Non Operating Interest Income Expense": "-122,742", "Other Income Expense": "-226,699", "Pretax Income": "-128,107", "Tax Provision": "-98,574", "Net Income Common Stockholders": "-31,081", "Diluted NI Available to Com Stockholders": "-31,081", "Basic EPS": "-0.31", "Diluted EPS": "-0.31", "Basic Average Shares": "100,474", "Diluted Average Shares": "100,474", "Total Operating Income as Reported": "-4,628", "Total Expenses": "17,412,999", "Net Income from Continuing & Discontinued Operation": "-31,081", "Normalized Income": "135,419", "Interest Expense": "122,742", "Net Interest Income": "-122,742", "EBIT": "-5,365", "EBITDA": "-", "Reconciled Cost of Revenue": "15,570,877", "Reconciled Depreciation": "242,895", "Net Income from Continuing Operation Net Minority Interest": "-29,533", "Total Unusual Items Excluding Goodwill": "-225,962", "Total Unusual Items": "-225,962", "Normalized EBITDA": "463,492", "Tax Rate for Calcs": "0", "Tax Effect of Unusual Items": "-61,010"}, "6/30/2019": {"Duration": "6/30/2019", "Total Revenue": "19,518,592", "Cost of Revenue": "17,032,490", "Gross Profit": "2,486,102", "Operating Expense": "1,874,651", "Operating Income": "611,451", "Net Non Operating Interest Income Expense": "-134,874", "Other Income Expense": "-234,309", "Pretax Income": "242,268", "Tax Provision": "62,157", "Net Income Common Stockholders": "176,337", "Diluted NI Available to Com Stockholders": "176,337", "Basic EPS": "1.61", "Diluted EPS": "1.59", "Basic Average Shares": "109,820", "Diluted Average Shares": "110,798", "Total Operating Income as Reported": "365,911", "Total Expenses": "18,907,141", "Net Income from Continuing & Discontinued Operation": "176,337", "Normalized Income": "362,547", "Interest Expense": "134,874", "Net Interest Income": "-134,874", "EBIT": "377,142", "EBITDA": "-", "Reconciled Cost of Revenue": "17,032,490", "Reconciled Depreciation": "180,842", "Net Income from Continuing Operation Net Minority Interest": "180,111", "Total Unusual Items Excluding Goodwill": "-245,540", "Total Unusual Items": "-245,540", "Normalized EBITDA": "803,524", "Tax Rate for Calcs": "0", "Tax Effect of Unusual Items": "-63,104"}, "6/30/2018": {"Duration": "6/30/2018", "Total Revenue": "19,036,892", "Cost of Revenue": "16,509,708", "Gross Profit": "2,527,184", "Operating Expense": "1,970,103", "Operating Income": "557,081", "Net Non Operating Interest Income Expense": "-102,525", "Other Income Expense": "-309,479", "Pretax Income": "145,077", "Tax Provision": "287,966", "Net Income Common Stockholders": "-156,424", "Diluted NI Available to Com Stockholders": "-156,424", "Basic EPS": "-1.30", "Diluted EPS": "-1.30", "Basic Average Shares": "119,909", "Diluted Average Shares": "119,909", "Total Operating Income as Reported": "230,516", "Total Expenses": "18,479,811", "Net Income from Continuing & Discontinued Operation": "-156,424", "Normalized Income": "95,503", "Interest Expense": "102,525", "Net Interest Income": "-102,525", "EBIT": "247,602", "EBITDA": "-", "Reconciled Cost of Revenue": "16,509,708", "Reconciled Depreciation": "234,872", "Net Income from Continuing Operation Net Minority Interest": "-142,889", "Total Unusual Items Excluding Goodwill": "-326,565", "Total Unusual Items": "-326,565", "Normalized EBITDA": "809,039", "Tax Rate for Calcs": "0", "Tax Effect of Unusual Items": "-88,173"}}, "bs": {"6/30/2020": {"Duration": "6/30/2020", "Total Assets": "8,105,197", "Total Liabilities Net Minority Interest": "4,378,799", "Total Equity Gross Minority Interest": "3,726,398", "Total Capitalization": "5,151,189", "Common Stock Equity": "3,726,398", "Capital Lease Obligations": "307,032", "Net Tangible Assets": "2,887,227", "Working Capital": "4,048,440", "Invested Capital": "5,151,240", "Tangible Book Value": "2,887,227", "Total Debt": "1,731,874", "Net Debt": "947,804", "Share Issued": "98,793", "Ordinary Shares Number": "98,793"}, "6/30/2019": {"Duration": "6/30/2019", "Total Assets": "8,564,556", "Total Liabilities Net Minority Interest": "4,424,083", "Total Equity Gross Minority Interest": "4,140,473", "Total Capitalization": "5,560,395", "Common Stock Equity": "4,140,473", "Capital Lease Obligations": "-", "Net Tangible Assets": "3,120,225", "Working Capital": "4,297,760", "Invested Capital": "5,860,933", "Tangible Book Value": "3,120,225", "Total Debt": "1,720,460", "Net Debt": "1,174,355", "Share Issued": "104,038", "Ordinary Shares Number": "104,038"}, "6/30/2018": {"Duration": "6/30/2018", "Total Assets": "9,596,845", "Total Liabilities Net Minority Interest": "4,911,764", "Total Equity Gross Minority Interest": "4,685,081", "Total Capitalization": "6,174,300", "Common Stock Equity": "4,685,081", "Capital Lease Obligations": "-", "Net Tangible Assets": "3,484,296", "Working Capital": "4,641,138", "Invested Capital": "6,339,680", "Tangible Book Value": "3,484,296", "Total Debt": "1,654,599", "Net Debt": "1,033,474", "Share Issued": "115,825", "Ordinary Shares Number": "115,825"}}, "cf": {"TTM": {"Duration": "TTM", "Operating Cash Flow": "593,370", "Investing Cash Flow": "-73,826", "Financing Cash Flow": "-633,453", "End Cash Position": "374,901", "Capital Expenditure": "-59,286", "Issuance of Debt": "-", "Repayment of Debt": "-769,694", "Repurchase of Capital Stock": "-39,212", "Free Cash Flow": "534,084"}, "6/30/2020": {"Duration": "6/30/2020", "Operating Cash Flow": "730,182", "Investing Cash Flow": "-135,017", "Financing Cash Flow": "-644,550", "End Cash Position": "477,038", "Capital Expenditure": "-73,516", "Issuance of Debt": "223,058", "Repayment of Debt": "-531,461", "Repurchase of Capital Stock": "-237,842", "Free Cash Flow": "656,666"}, "6/30/2019": {"Duration": "6/30/2019", "Operating Cash Flow": "534,770", "Investing Cash Flow": "-25,212", "Financing Cash Flow": "-582,676", "End Cash Position": "546,105", "Capital Expenditure": "-122,690", "Issuance of Debt": "122,805", "Repayment of Debt": "-61,738", "Repurchase of Capital Stock": "-568,712", "Free Cash Flow": "412,080"}, "6/30/2018": {"Duration": "6/30/2018", "Operating Cash Flow": "253,485", "Investing Cash Flow": "71,731", "Financing Cash Flow": "-541,893", "End Cash Position": "621,125", "Capital Expenditure": "-155,873", "Issuance of Debt": "8,850", "Repayment of Debt": "-134,954", "Repurchase of Capital Stock": "-323,516", "Free Cash Flow": "97,612"}}}}, {"AEY": {"quote": {"03/21/2021": {"value": "2.7800", "Market Cap": "34.379M", "Beta (5Y Monthly)": "0.54", "PE Ratio (TTM)": "N/A", "EPS (TTM)": "-1.5130", "Earnings Date": "Feb 12, 2021", "Forward Dividend & Yield": "N/A (N/A)", "Ex-Dividend Date": "N/A", "1y Target Est": "N/A"}}, "fin": {"TTM": {"Duration": "TTM", "Total Revenue": "50,182", "Cost of Revenue": "38,502", "Gross Profit": "11,680", "Operating Expense": "20,969", "Operating Income": "-9,289", "Net Non Operating Interest Income Expense": "67", "Other Income Expense": "-9,360", "Pretax Income": "-18,582", "Tax Provision": "-1,249", "Net Income Common Stockholders": "-17,333", "Diluted NI Available to Com Stockholders": "-17,333", "Basic EPS": "-", "Diluted EPS": "-", "Basic Average Shares": "-", "Diluted Average Shares": "-", "Total Operating Income as Reported": "-18,530", "Total Expenses": "59,471", "Net Income from Continuing & Discontinued Operation": "-17,333", "Normalized Income": "-8,702", "Interest Income": "321", "Interest Expense": "254", "Net Interest Income": "67", "EBIT": "-18,328", "EBITDA": "-16,548", "Reconciled Cost of Revenue": "38,276", "Reconciled Depreciation": "1,780", "Net Income from Continuing Operation Net Minority Interest": "-17,333", "Total Unusual Items Excluding Goodwill": "-9,241", "Total Unusual Items": "-9,241", "Normalized EBITDA": "-7,307", "Tax Rate for Calcs": "0", "Tax Effect of Unusual Items": "-609.906"}, "9/30/2020": {"Duration": "9/30/2020", "Total Revenue": "50,182", "Cost of Revenue": "38,502", "Gross Profit": "11,680", "Operating Expense": "20,969", "Operating Income": "-9,289", "Net Non Operating Interest Income Expense": "67", "Other Income Expense": "-9,360", "Pretax Income": "-18,582", "Tax Provision": "-1,249", "Net Income Common Stockholders": "-17,333", "Diluted NI Available to Com Stockholders": "-17,333", "Basic EPS": "-1.55", "Diluted EPS": "-1.55", "Basic Average Shares": "11,164", "Diluted Average Shares": "11,164", "Total Operating Income as Reported": "-18,530", "Total Expenses": "59,471", "Net Income from Continuing & Discontinued Operation": "-17,333", "Normalized Income": "-8,702", "Interest Income": "321", "Interest Expense": "254", "Net Interest Income": "67", "EBIT": "-18,328", "EBITDA": "-", "Reconciled Cost of Revenue": "38,276", "Reconciled Depreciation": "1,780", "Net Income from Continuing Operation Net Minority Interest": "-17,333", "Total Unusual Items Excluding Goodwill": "-9,241", "Total Unusual Items": "-9,241", "Normalized EBITDA": "-7,307", "Tax Rate for Calcs": "0", "Tax Effect of Unusual Items": "-609.906"}, "9/30/2019": {"Duration": "9/30/2019", "Total Revenue": "55,118", "Cost of Revenue": "46,026", "Gross Profit": "9,093", "Operating Expense": "13,069", "Operating Income": "-3,976", "Net Non Operating Interest Income Expense": "16.509", "Other Income Expense": "-88.494", "Pretax Income": "-4,048", "Tax Provision": "-13", "Net Income Common Stockholders": "-5,302", "Diluted NI Available to Com Stockholders": "-5,302", "Basic EPS": "-0.51", "Diluted EPS": "-0.51", "Basic Average Shares": "10,361", "Diluted Average Shares": "10,361", "Total Operating Income as Reported": "-3,976", "Total Expenses": "59,094", "Net Income from Continuing & Discontinued Operation": "-5,302", "Normalized Income": "-4,035", "Interest Income": "96.411", "Interest Expense": "79.902", "Net Interest Income": "16.509", "EBIT": "-3,968", "EBITDA": "-", "Reconciled Cost of Revenue": "46,026", "Reconciled Depreciation": "1,453", "Net Income from Continuing Operation Net Minority Interest": "-4,035", "Total Unusual Items Excluding Goodwill": "0", "Total Unusual Items": "0", "Normalized EBITDA": "-2,515", "Tax Rate for Calcs": "0", "Tax Effect of Unusual Items": "0"}, "9/30/2018": {"Duration": "9/30/2018", "Total Revenue": "47,414", "Cost of Revenue": "36,191", "Gross Profit": "11,223", "Operating Expense": "14,325", "Operating Income": "-3,102", "Net Non Operating Interest Income Expense": "-231.888", "Other Income Expense": "-2,350", "Pretax Income": "-5,684", "Tax Provision": "1,636", "Net Income Common Stockholders": "-7,320", "Diluted NI Available to Com Stockholders": "-7,320", "Basic EPS": "-0.71", "Diluted EPS": "-0.71", "Basic Average Shares": "10,273", "Diluted Average Shares": "10,273", "Total Operating Income as Reported": "-5,193", "Total Expenses": "50,516", "Net Income from Continuing & Discontinued Operation": "-7,320", "Normalized Income": "-5,793", "Interest Income": "0", "Interest Expense": "231.888", "Net Interest Income": "-231.888", "EBIT": "-5,452", "EBITDA": "-", "Reconciled Cost of Revenue": "36,191", "Reconciled Depreciation": "1,631", "Net Income from Continuing Operation Net Minority Interest": "-7,320", "Total Unusual Items Excluding Goodwill": "-2,091", "Total Unusual Items": "-2,091", "Normalized EBITDA": "-1,729", "Tax Rate for Calcs": "0", "Tax Effect of Unusual Items": "-564.6019"}}, "bs": {"9/30/2020": {"Duration": "9/30/2020", "Total Assets": "32,683", "Total Liabilities Net Minority Interest": "17,750", "Total Equity Gross Minority Interest": "14,933", "Total Capitalization": "17,373", "Common Stock Equity": "14,933", "Capital Lease Obligations": "5,661", "Net Tangible Assets": "13,450", "Working Capital": "11,060", "Invested Capital": "21,882", "Tangible Book Value": "13,450", "Total Debt": "12,610", "Net Debt": "-", "Share Issued": "11,822", "Ordinary Shares Number": "11,822", "Treasury Shares Number": "-"}, "9/30/2019": {"Duration": "9/30/2019", "Total Assets": "36,828", "Total Liabilities Net Minority Interest": "7,382", "Total Equity Gross Minority Interest": "29,447", "Total Capitalization": "29,447", "Common Stock Equity": "29,447", "Capital Lease Obligations": "-", "Net Tangible Assets": "18,566", "Working Capital": "11,761", "Invested Capital": "29,447", "Tangible Book Value": "18,566", "Total Debt": "-", "Net Debt": "-", "Share Issued": "10,862", "Ordinary Shares Number": "10,361", "Treasury Shares Number": "500.658"}, "9/30/2018": {"Duration": "9/30/2018", "Total Assets": "44,395", "Total Liabilities Net Minority Interest": "9,867", "Total Equity Gross Minority Interest": "34,527", "Total Capitalization": "34,527", "Common Stock Equity": "34,527", "Capital Lease Obligations": "-", "Net Tangible Assets": "22,863", "Working Capital": "21,463", "Invested Capital": "37,121", "Tangible Book Value": "22,863", "Total Debt": "2,594", "Net Debt": "-", "Share Issued": "10,807", "Ordinary Shares Number": "10,306", "Treasury Shares Number": "500.658"}}, "cf": {"TTM": {"Duration": "TTM", "Operating Cash Flow": "-5,355", "Investing Cash Flow": "3,320", "Financing Cash Flow": "6,797", "End Cash Position": "5,666", "Interest Paid Supplemental Data": "-", "Capital Expenditure": "-582", "Issuance of Debt": "7,472", "Repayment of Debt": "-4,535", "Free Cash Flow": "-5,937"}, "9/30/2020": {"Duration": "9/30/2020", "Operating Cash Flow": "-3,824", "Investing Cash Flow": "2,394", "Financing Cash Flow": "8,209", "End Cash Position": "8,374", "Interest Paid Supplemental Data": "230", "Capital Expenditure": "-608", "Issuance of Debt": "9,172", "Repayment of Debt": "-3,278", "Free Cash Flow": "-4,432"}, "9/30/2019": {"Duration": "9/30/2019", "Operating Cash Flow": "-4,809", "Investing Cash Flow": "6,599", "Financing Cash Flow": "-3,326", "End Cash Position": "1,594", "Interest Paid Supplemental Data": "126.059", "Capital Expenditure": "-601.612", "Issuance of Debt": "0", "Repayment of Debt": "-2,061", "Free Cash Flow": "-5,410"}, "9/30/2018": {"Duration": "9/30/2018", "Operating Cash Flow": "3,825", "Investing Cash Flow": "-979.211", "Financing Cash Flow": "-3,690", "End Cash Position": "3,129", "Interest Paid Supplemental Data": "220.117", "Capital Expenditure": "-127.257", "Issuance of Debt": "500", "Repayment of Debt": "-4,190", "Free Cash Flow": "3,698"}}}}, {"RELL": {"quote": {"03/21/2021": {"value": "6.80", "Market Cap": "89.812M", "Beta (5Y Monthly)": "0.53", "PE Ratio (TTM)": "N/A", "EPS (TTM)": "-0.14", "Earnings Date": "Jan 07, 2021", "Forward Dividend & Yield": "0.24 (3.60%)", "Ex-Dividend Date": "Feb 04, 2021", "1y Target Est": "N/A"}}, "fin": {"TTM": {"Duration": "TTM", "Total Revenue": "156,841", "Cost of Revenue": "106,097", "Gross Profit": "50,744", "Operating Expense": "51,786", "Operating Income": "-1,042", "Net Non Operating Interest Income Expense": "167", "Other Income Expense": "-412", "Pretax Income": "-1,287", "Tax Provision": "544", "Net Income Common Stockholders": "-1,831", "Diluted NI Available to Com Stockholders": "-1,831", "Basic EPS": "-", "Diluted EPS": "-", "Basic Average Shares": "-", "Diluted Average Shares": "-", "Total Operating Income as Reported": "-1,044", "Total Expenses": "157,883", "Net Income from Continuing & Discontinued Operation": "-1,831", "Normalized Income": "-1,478", "Interest Income": "167", "Net Interest Income": "167", "EBIT": "-1,042", "EBITDA": "2,432", "Reconciled Cost of Revenue": "106,097", "Reconciled Depreciation": "3,474", "Net Income from Continuing Operation Net Minority Interest": "-1,831", "Total Unusual Items Excluding Goodwill": "-483", "Total Unusual Items": "-483", "Normalized EBITDA": "2,915", "Tax Rate for Calcs": "0", "Tax Effect of Unusual Items": "-130.41"}, "5/31/2020": {"Duration": "5/31/2020", "Total Revenue": "155,898", "Cost of Revenue": "106,225", "Gross Profit": "49,673", "Operating Expense": "51,327", "Operating Income": "-1,654", "Net Non Operating Interest Income Expense": "377", "Other Income Expense": "63", "Pretax Income": "-1,214", "Tax Provision": "624", "Net Income Common Stockholders": "-1,838", "Diluted NI Available to Com Stockholders": "-1,838", "Basic EPS": "-0.14", "Diluted EPS": "-0.14", "Basic Average Shares": "13,123", "Diluted Average Shares": "13,123", "Total Operating Income as Reported": "-1,657", "Total Expenses": "157,552", "Net Income from Continuing & Discontinued Operation": "-1,838", "Normalized Income": "-1,847", "Interest Income": "377", "Net Interest Income": "377", "EBIT": "-1,654", "EBITDA": "-", "Reconciled Cost of Revenue": "106,225", "Reconciled Depreciation": "3,386", "Net Income from Continuing Operation Net Minority Interest": "-1,838", "Total Unusual Items Excluding Goodwill": "12", "Total Unusual Items": "12", "Normalized EBITDA": "1,720", "Tax Rate for Calcs": "0", "Tax Effect of Unusual Items": "3.24"}, "5/31/2019": {"Duration": "5/31/2019", "Total Revenue": "166,652", "Cost of Revenue": "114,917", "Gross Profit": "51,735", "Operating Expense": "52,156", "Operating Income": "-421", "Net Non Operating Interest Income Expense": "540", "Other Income Expense": "-6,430", "Pretax Income": "-6,311", "Tax Provision": "1,017", "Net Income Common Stockholders": "-7,328", "Diluted NI Available to Com Stockholders": "-7,328", "Basic EPS": "-0.57", "Diluted EPS": "-0.57", "Basic Average Shares": "13,029", "Diluted Average Shares": "13,029", "Total Operating Income as Reported": "-6,776", "Total Expenses": "167,073", "Net Income from Continuing & Discontinued Operation": "-7,328", "Normalized Income": "-2,628", "Interest Income": "540", "Net Interest Income": "540", "EBIT": "-421", "EBITDA": "-", "Reconciled Cost of Revenue": "114,917", "Reconciled Depreciation": "3,173", "Net Income from Continuing Operation Net Minority Interest": "-7,328", "Total Unusual Items Excluding Goodwill": "-6,439", "Total Unusual Items": "-6,439", "Normalized EBITDA": "9,191", "Tax Rate for Calcs": "0", "Tax Effect of Unusual Items": "-1,739"}, "5/31/2018": {"Duration": "5/31/2018", "Total Revenue": "163,212", "Cost of Revenue": "108,130", "Gross Profit": "55,082", "Operating Expense": "51,729", "Operating Income": "3,353", "Net Non Operating Interest Income Expense": "432", "Other Income Expense": "75", "Pretax Income": "3,860", "Tax Provision": "1,534", "Net Income Common Stockholders": "3,822", "Diluted NI Available to Com Stockholders": "3,822", "Basic EPS": "0.30", "Diluted EPS": "0.30", "Basic Average Shares": "12,902", "Diluted Average Shares": "12,961", "Total Operating Income as Reported": "3,629", "Total Expenses": "159,859", "Net Income from Continuing & Discontinued Operation": "3,822", "Normalized Income": "2,295", "Interest Income": "432", "Net Interest Income": "432", "EBIT": "3,353", "EBITDA": "-", "Reconciled Cost of Revenue": "108,130", "Reconciled Depreciation": "2,993", "Net Income from Continuing Operation Net Minority Interest": "2,326", "Total Unusual Items Excluding Goodwill": "52", "Total Unusual Items": "52", "Normalized EBITDA": "6,294", "Tax Rate for Calcs": "0", "Tax Effect of Unusual Items": "20.644"}}, "bs": {"5/31/2020": {"Duration": "5/31/2020", "Total Assets": "150,720", "Total Liabilities Net Minority Interest": "32,060", "Total Equity Gross Minority Interest": "118,660", "Total Capitalization": "118,660", "Common Stock Equity": "118,660", "Capital Lease Obligations": "3,426", "Net Tangible Assets": "116,155", "Working Capital": "97,485", "Invested Capital": "118,660", "Tangible Book Value": "116,155", "Total Debt": "3,426", "Share Issued": "13,135", "Ordinary Shares Number": "13,135"}, "5/31/2019": {"Duration": "5/31/2019", "Total Assets": "153,017", "Total Liabilities Net Minority Interest": "29,260", "Total Equity Gross Minority Interest": "123,757", "Total Capitalization": "123,757", "Common Stock Equity": "123,757", "Capital Lease Obligations": "-", "Net Tangible Assets": "120,994", "Working Capital": "102,398", "Invested Capital": "123,757", "Tangible Book Value": "120,994", "Total Debt": "-", "Share Issued": "13,054", "Ordinary Shares Number": "13,054"}, "5/31/2018": {"Duration": "5/31/2018", "Total Assets": "166,329", "Total Liabilities Net Minority Interest": "31,148", "Total Equity Gross Minority Interest": "135,181", "Total Capitalization": "135,181", "Common Stock Equity": "135,181", "Capital Lease Obligations": "-", "Net Tangible Assets": "125,835", "Working Capital": "107,878", "Invested Capital": "135,181", "Tangible Book Value": "125,835", "Total Debt": "-", "Share Issued": "12,943", "Ordinary Shares Number": "12,943"}}, "cf": {"TTM": {"Duration": "TTM", "Operating Cash Flow": "4,428", "Investing Cash Flow": "1,758", "Financing Cash Flow": "-3,293", "End Cash Position": "35,947", "Income Tax Paid Supplemental Data": "-", "Capital Expenditure": "-2,242", "Issuance of Capital Stock": "0", "Repayment of Debt": "-182", "Repurchase of Capital Stock": "-", "Free Cash Flow": "2,186"}, "5/31/2020": {"Duration": "5/31/2020", "Operating Cash Flow": "1,923", "Investing Cash Flow": "-9,776", "Financing Cash Flow": "-3,208", "End Cash Position": "30,535", "Income Tax Paid Supplemental Data": "1,018", "Capital Expenditure": "-1,776", "Issuance of Capital Stock": "59", "Repayment of Debt": "-166", "Repurchase of Capital Stock": "-", "Free Cash Flow": "147"}, "5/31/2019": {"Duration": "5/31/2019", "Operating Cash Flow": "-2,563", "Investing Cash Flow": "-11,874", "Financing Cash Flow": "-2,817", "End Cash Position": "42,019", "Income Tax Paid Supplemental Data": "290", "Capital Expenditure": "-3,874", "Issuance of Capital Stock": "259", "Repayment of Debt": "-", "Repurchase of Capital Stock": "-", "Free Cash Flow": "-6,437"}, "5/31/2018": {"Duration": "5/31/2018", "Operating Cash Flow": "2,952", "Investing Cash Flow": "4,152", "Financing Cash Flow": "-2,951", "End Cash Position": "60,465", "Income Tax Paid Supplemental Data": "474", "Capital Expenditure": "-5,239", "Issuance of Capital Stock": "97", "Repayment of Debt": "-", "Repurchase of Capital Stock": "0", "Free Cash Flow": "-2,287"}}}}, {"UPGI": {"quote": {"03/21/2021": {"value": "", "Net Assets": "N/A", "Beta (5Y Monthly)": "N/A", "Yield": "N/A", "5y Average Return": "N/A", "Holdings Turnover": "N/A", "Last Dividend": "N/A", "Average for Category": "N/A", "Inception Date": "N/A"}}, "fin": {}, "bs": {}, "cf": {}}}, {"WSO": {"quote": {"03/21/2021": {"value": "253.68", "Market Cap": "9.805B", "Beta (5Y Monthly)": "0.72", "PE Ratio (TTM)": "36.19", "EPS (TTM)": "7.01", "Earnings Date": "Apr 21, 2021 - Apr 26, 2021", "Forward Dividend & Yield": "7.80 (3.07%)", "Ex-Dividend Date": "Jan 14, 2021", "1y Target Est": "241.40"}}, "fin": {"TTM": {"Duration": "TTM", "Total Revenue": "5,054,928", "Cost of Revenue": "3,832,107", "Gross Profit": "1,222,821", "Operating Expense": "833,051", "Operating Income": "389,770", "Net Non Operating Interest Income Expense": "-1,239", "Other Income Expense": "11,264", "Pretax Income": "399,795", "Tax Provision": "76,623", "Net Income Common Stockholders": "246,439", "Average Dilution Earnings": "0", "Diluted NI Available to Com Stockholders": "246,439", "Basic EPS": "-", "Diluted EPS": "-", "Basic Average Shares": "-", "Diluted Average Shares": "-", "Total Operating Income as Reported": "401,034", "Total Expenses": "4,665,158", "Net Income from Continuing & Discontinued Operation": "269,579", "Normalized Income": "269,579", "Interest Expense": "1,239", "Net Interest Income": "-1,239", "EBIT": "401,034", "EBITDA": "426,942", "Reconciled Cost of Revenue": "3,832,107", "Reconciled Depreciation": "25,908", "Net Income from Continuing Operation Net Minority Interest": "269,579", "Normalized EBITDA": "426,942", "Tax Rate for Calcs": "0", "Tax Effect of Unusual Items": "0"}, "12/31/2020": {"Duration": "12/31/2020", "Total Revenue": "5,054,928", "Cost of Revenue": "3,832,107", "Gross Profit": "1,222,821", "Operating Expense": "833,051", "Operating Income": "389,770", "Net Non Operating Interest Income Expense": "-1,239", "Other Income Expense": "11,264", "Pretax Income": "399,795", "Tax Provision": "76,623", "Net Income Common Stockholders": "246,439", "Average Dilution Earnings": "0", "Diluted NI Available to Com Stockholders": "246,439", "Basic EPS": "-", "Diluted EPS": "-", "Basic Average Shares": "-", "Diluted Average Shares": "-", "Total Operating Income as Reported": "401,034", "Total Expenses": "4,665,158", "Net Income from Continuing & Discontinued Operation": "269,579", "Normalized Income": "269,579", "Interest Expense": "1,239", "Net Interest Income": "-1,239", "EBIT": "401,034", "EBITDA": "-", "Reconciled Cost of Revenue": "3,832,107", "Reconciled Depreciation": "25,908", "Net Income from Continuing Operation Net Minority Interest": "269,579", "Normalized EBITDA": "426,942", "Tax Rate for Calcs": "0", "Tax Effect of Unusual Items": "0"}, "12/31/2019": {"Duration": "12/31/2019", "Total Revenue": "4,770,362", "Cost of Revenue": "3,613,406", "Gross Profit": "1,156,956", "Operating Expense": "790,072", "Operating Income": "366,884", "Net Non Operating Interest Income Expense": "-4,032", "Other Income Expense": "-", "Pretax Income": "362,852", "Tax Provision": "67,077", "Net Income Common Stockholders": "225,538", "Average Dilution Earnings": "1", "Diluted NI Available to Com Stockholders": "225,539", "Basic EPS": "5.90", "Diluted EPS": "5.90", "Basic Average Shares": "38,242", "Diluted Average Shares": "38,242", "Total Operating Income as Reported": "366,884", "Total Expenses": "4,403,478", "Net Income from Continuing & Discontinued Operation": "245,950", "Normalized Income": "245,950", "Interest Expense": "4,032", "Net Interest Income": "-4,032", "EBIT": "366,884", "EBITDA": "-", "Reconciled Cost of Revenue": "3,613,406", "Reconciled Depreciation": "24,512", "Net Income from Continuing Operation Net Minority Interest": "245,950", "Normalized EBITDA": "391,396", "Tax Rate for Calcs": "0", "Tax Effect of Unusual Items": "0"}, "12/31/2018": {"Duration": "12/31/2018", "Total Revenue": "4,546,653", "Cost of Revenue": "3,426,401", "Gross Profit": "1,120,252", "Operating Expense": "748,170", "Operating Income": "372,082", "Net Non Operating Interest Income Expense": "-2,740", "Other Income Expense": "-", "Pretax Income": "369,342", "Tax Provision": "72,813", "Net Income Common Stockholders": "223,140", "Average Dilution Earnings": "4", "Diluted NI Available to Com Stockholders": "223,144", "Basic EPS": "5.96", "Diluted EPS": "5.96", "Basic Average Shares": "37,462", "Diluted Average Shares": "37,462", "Total Operating Income as Reported": "372,082", "Total Expenses": "4,174,571", "Net Income from Continuing & Discontinued Operation": "242,932", "Normalized Income": "242,932", "Interest Expense": "2,740", "Net Interest Income": "-2,740", "EBIT": "372,082", "EBITDA": "-", "Reconciled Cost of Revenue": "3,426,401", "Reconciled Depreciation": "22,095", "Net Income from Continuing Operation Net Minority Interest": "242,932", "Normalized EBITDA": "394,177", "Tax Rate for Calcs": "0", "Tax Effect of Unusual Items": "0"}}, "bs": {"12/31/2020": {"Duration": "12/31/2020", "Total Assets": "2,484,347", "Total Liabilities Net Minority Interest": "704,586", "Total Equity Gross Minority Interest": "1,779,761", "Total Capitalization": "1,486,678", "Common Stock Equity": "1,486,678", "Capital Lease Obligations": "144,338", "Net Tangible Assets": "904,263", "Working Capital": "997,300", "Invested Capital": "1,486,678", "Tangible Book Value": "904,263", "Total Debt": "144,338", "Net Debt": "-", "Share Issued": "43,442", "Ordinary Shares Number": "38,570", "Treasury Shares Number": "4,872"}, "12/31/2019": {"Duration": "12/31/2019", "Total Assets": "2,556,161", "Total Liabilities Net Minority Interest": "841,394", "Total Equity Gross Minority Interest": "1,714,767", "Total Capitalization": "1,593,136", "Common Stock Equity": "1,435,427", "Capital Lease Obligations": "154,271", "Net Tangible Assets": "852,206", "Working Capital": "1,085,013", "Invested Capital": "1,593,136", "Tangible Book Value": "852,206", "Total Debt": "311,980", "Net Debt": "83,255", "Share Issued": "43,115", "Ordinary Shares Number": "38,242", "Treasury Shares Number": "4,872"}, "12/31/2018": {"Duration": "12/31/2018", "Total Assets": "2,161,033", "Total Liabilities Net Minority Interest": "559,320", "Total Equity Gross Minority Interest": "1,601,713", "Total Capitalization": "1,483,601", "Common Stock Equity": "1,347,849", "Capital Lease Obligations": "-", "Net Tangible Assets": "808,000", "Working Capital": "1,084,240", "Invested Capital": "1,483,601", "Tangible Book Value": "808,000", "Total Debt": "135,752", "Net Debt": "52,858", "Share Issued": "42,334", "Ordinary Shares Number": "37,462", "Treasury Shares Number": "4,872"}}, "cf": {"TTM": {"Duration": "TTM", "Operating Cash Flow": "534,379", "Investing Cash Flow": "-16,342", "Financing Cash Flow": "-448,493", "End Cash Position": "146,067", "Capital Expenditure": "-16,436", "Issuance of Capital Stock": "19,257", "Issuance of Debt": "-", "Repayment of Debt": "-157,141", "Repurchase of Capital Stock": "-2,299", "Free Cash Flow": "517,943"}, "12/31/2020": {"Duration": "12/31/2020", "Operating Cash Flow": "534,379", "Investing Cash Flow": "-16,342", "Financing Cash Flow": "-448,493", "End Cash Position": "146,067", "Capital Expenditure": "-16,436", "Issuance of Capital Stock": "19,257", "Issuance of Debt": "-", "Repayment of Debt": "-157,141", "Repurchase of Capital Stock": "-2,299", "Free Cash Flow": "517,943"}, "12/31/2019": {"Duration": "12/31/2019", "Operating Cash Flow": "335,771", "Investing Cash Flow": "-81,037", "Financing Cash Flow": "-264,023", "End Cash Position": "74,454", "Capital Expenditure": "-17,805", "Issuance of Capital Stock": "13,341", "Issuance of Debt": "20,500", "Repayment of Debt": "-1,240", "Repurchase of Capital Stock": "-1,528", "Free Cash Flow": "317,966"}, "12/31/2018": {"Duration": "12/31/2018", "Operating Cash Flow": "170,557", "Investing Cash Flow": "-26,311", "Financing Cash Flow": "-139,603", "End Cash Position": "82,894", "Capital Expenditure": "-17,153", "Issuance of Capital Stock": "6,591", "Issuance of Debt": "135,469", "Repayment of Debt": "-21,800", "Repurchase of Capital Stock": "-3,782", "Free Cash Flow": "153,404"}}}}, {"LFUS": {"quote": {"03/21/2021": {"value": "263.42", "Market Cap": "6.467B", "Beta (5Y Monthly)": "1.20", "PE Ratio (TTM)": "49.80", "EPS (TTM)": "5.29", "Earnings Date": "Apr 27, 2021 - May 03, 2021", "Forward Dividend & Yield": "1.92 (0.73%)", "Ex-Dividend Date": "Feb 17, 2021", "1y Target Est": "278.20"}}, "fin": {"TTM": {"Duration": "TTM", "Total Revenue": "1,445,695", "Cost of Revenue": "944,523", "Gross Profit": "501,172", "Operating Expense": "297,084", "Operating Income": "204,088", "Net Non Operating Interest Income Expense": "-21,077", "Other Income Expense": "-21,758", "Pretax Income": "161,253", "Tax Provision": "31,267", "Net Income Common Stockholders": "129,986", "Diluted NI Available to Com Stockholders": "129,986", "Basic EPS": "-", "Diluted EPS": "-", "Basic Average Shares": "-", "Diluted Average Shares": "-", "Total Operating Income as Reported": "162,372", "Total Expenses": "1,241,607", "Net Income from Continuing & Discontinued Operation": "129,986", "Normalized Income": "151,620", "Interest Expense": "21,077", "Net Interest Income": "-21,077", "EBIT": "182,330", "EBITDA": "278,508", "Reconciled Cost of Revenue": "888,384", "Reconciled Depreciation": "96,178", "Net Income from Continuing Operation Net Minority Interest": "129,986", "Total Unusual Items Excluding Goodwill": "-26,841", "Total Unusual Items": "-26,841", "Normalized EBITDA": "305,349", "Tax Rate for Calcs": "0", "Tax Effect of Unusual Items": "-5,207"}, "12/31/2020": {"Duration": "12/31/2020", "Total Revenue": "1,445,695", "Cost of Revenue": "944,523", "Gross Profit": "501,172", "Operating Expense": "297,084", "Operating Income": "204,088", "Net Non Operating Interest Income Expense": "-21,077", "Other Income Expense": "-21,758", "Pretax Income": "161,253", "Tax Provision": "31,267", "Net Income Common Stockholders": "129,986", "Diluted NI Available to Com Stockholders": "129,986", "Basic EPS": "-", "Diluted EPS": "-", "Basic Average Shares": "-", "Diluted Average Shares": "-", "Total Operating Income as Reported": "162,372", "Total Expenses": "1,241,607", "Net Income from Continuing & Discontinued Operation": "129,986", "Normalized Income": "151,620", "Interest Expense": "21,077", "Net Interest Income": "-21,077", "EBIT": "182,330", "EBITDA": "-", "Reconciled Cost of Revenue": "888,384", "Reconciled Depreciation": "96,178", "Net Income from Continuing Operation Net Minority Interest": "129,986", "Total Unusual Items Excluding Goodwill": "-26,841", "Total Unusual Items": "-26,841", "Normalized EBITDA": "305,349", "Tax Rate for Calcs": "0", "Tax Effect of Unusual Items": "-5,207"}, "12/31/2019": {"Duration": "12/31/2019", "Total Revenue": "1,503,873", "Cost of Revenue": "962,424", "Gross Profit": "541,449", "Operating Expense": "348,658", "Operating Income": "192,791", "Net Non Operating Interest Income Expense": "-22,266", "Other Income Expense": "-4,641", "Pretax Income": "165,884", "Tax Provision": "26,802", "Net Income Common Stockholders": "139,082", "Diluted NI Available to Com Stockholders": "139,082", "Basic EPS": "5.66", "Diluted EPS": "5.60", "Basic Average Shares": "24,576", "Diluted Average Shares": "24,818", "Total Operating Income as Reported": "192,791", "Total Expenses": "1,311,082", "Net Income from Continuing & Discontinued Operation": "139,082", "Normalized Income": "143,460", "Interest Expense": "22,266", "Net Interest Income": "-22,266", "EBIT": "188,150", "EBITDA": "-", "Reconciled Cost of Revenue": "909,947", "Reconciled Depreciation": "92,503", "Net Income from Continuing Operation Net Minority Interest": "139,082", "Total Unusual Items Excluding Goodwill": "-5,224", "Total Unusual Items": "-5,224", "Normalized EBITDA": "285,877", "Tax Rate for Calcs": "0", "Tax Effect of Unusual Items": "-846.288"}, "12/31/2018": {"Duration": "12/31/2018", "Total Revenue": "1,718,468", "Cost of Revenue": "1,065,927", "Gross Profit": "652,541", "Operating Expense": "427,492", "Operating Income": "225,049", "Net Non Operating Interest Income Expense": "-22,569", "Other Income Expense": "2,462", "Pretax Income": "204,942", "Tax Provision": "40,377", "Net Income Common Stockholders": "164,565", "Diluted NI Available to Com Stockholders": "164,565", "Basic EPS": "6.62", "Diluted EPS": "6.52", "Basic Average Shares": "24,870", "Diluted Average Shares": "25,235", "Total Operating Income as Reported": "225,049", "Total Expenses": "1,493,419", "Net Income from Continuing & Discontinued Operation": "164,565", "Normalized Income": "163,872", "Interest Expense": "22,569", "Net Interest Income": "-22,569", "EBIT": "227,511", "EBITDA": "-", "Reconciled Cost of Revenue": "1,014,924", "Reconciled Depreciation": "103,193", "Net Income from Continuing Operation Net Minority Interest": "164,565", "Total Unusual Items Excluding Goodwill": "863", "Total Unusual Items": "863", "Normalized EBITDA": "329,841", "Tax Rate for Calcs": "0", "Tax Effect of Unusual Items": "170.011"}}, "bs": {"12/31/2020": {"Duration": "12/31/2020", "Total Assets": "2,747,593", "Total Liabilities Net Minority Interest": "1,138,820", "Total Equity Gross Minority Interest": "1,608,773", "Total Capitalization": "2,295,676", "Common Stock Equity": "1,608,642", "Capital Lease Obligations": "19,761", "Net Tangible Assets": "499,943", "Working Capital": "941,661", "Invested Capital": "2,295,676", "Tangible Book Value": "499,943", "Total Debt": "706,795", "Net Debt": "-", "Share Issued": "26,132", "Ordinary Shares Number": "24,487", "Treasury Shares Number": "1,644"}, "12/31/2019": {"Duration": "12/31/2019", "Total Assets": "2,559,898", "Total Liabilities Net Minority Interest": "1,063,884", "Total Equity Gross Minority Interest": "1,496,014", "Total Capitalization": "2,165,041", "Common Stock Equity": "1,495,883", "Capital Lease Obligations": "24,425", "Net Tangible Assets": "354,047", "Working Capital": "778,832", "Invested Capital": "2,175,041", "Tangible Book Value": "354,047", "Total Debt": "703,583", "Net Debt": "148,019", "Share Issued": "25,855", "Ordinary Shares Number": "24,381", "Treasury Shares Number": "1,474"}, "12/31/2018": {"Duration": "12/31/2018", "Total Assets": "2,614,306", "Total Liabilities Net Minority Interest": "1,135,964", "Total Equity Gross Minority Interest": "1,478,342", "Total Capitalization": "2,162,941", "Common Stock Equity": "1,478,211", "Capital Lease Obligations": "-", "Net Tangible Assets": "290,022", "Working Capital": "737,242", "Invested Capital": "2,172,941", "Tangible Book Value": "290,022", "Total Debt": "694,730", "Net Debt": "204,997", "Share Issued": "25,642", "Ordinary Shares Number": "24,774", "Treasury Shares Number": "868.045"}}, "cf": {"TTM": {"Duration": "TTM", "Operating Cash Flow": "258,031", "Investing Cash Flow": "-51,433", "Financing Cash Flow": "-67,808", "End Cash Position": "687,525", "Income Tax Paid Supplemental Data": "27,619", "Interest Paid Supplemental Data": "20,095", "Capital Expenditure": "-56,191", "Issuance of Debt": "240,000", "Repayment of Debt": "-255,000", "Repurchase of Capital Stock": "-22,927", "Free Cash Flow": "201,840"}, "12/31/2020": {"Duration": "12/31/2020", "Operating Cash Flow": "258,031", "Investing Cash Flow": "-51,433", "Financing Cash Flow": "-67,808", "End Cash Position": "687,525", "Income Tax Paid Supplemental Data": "27,619", "Interest Paid Supplemental Data": "20,095", "Capital Expenditure": "-56,191", "Issuance of Debt": "240,000", "Repayment of Debt": "-255,000", "Repurchase of Capital Stock": "-22,927", "Free Cash Flow": "201,840"}, "12/31/2019": {"Duration": "12/31/2019", "Operating Cash Flow": "245,328", "Investing Cash Flow": "-56,457", "Financing Cash Flow": "-146,276", "End Cash Position": "531,139", "Income Tax Paid Supplemental Data": "40,518", "Interest Paid Supplemental Data": "21,240", "Capital Expenditure": "-61,895", "Issuance of Debt": "0", "Repayment of Debt": "-10,000", "Repurchase of Capital Stock": "-99,387", "Free Cash Flow": "183,433"}, "12/31/2018": {"Duration": "12/31/2018", "Operating Cash Flow": "331,828", "Investing Cash Flow": "-382,248", "Financing Cash Flow": "121,897", "End Cash Position": "489,733", "Income Tax Paid Supplemental Data": "-", "Interest Paid Supplemental Data": "-", "Capital Expenditure": "-74,753", "Issuance of Debt": "310,000", "Repayment of Debt": "-102,500", "Repurchase of Capital Stock": "-63,564", "Free Cash Flow": "257,075"}}}}, {"TAIT": {"quote": {"03/21/2021": {"value": "4.3500", "Market Cap": "25.253M", "Beta (5Y Monthly)": "1.41", "PE Ratio (TTM)": "52.41", "EPS (TTM)": "0.0830", "Earnings Date": "N/A", "Forward Dividend & Yield": "0.16 (3.70%)", "Ex-Dividend Date": "Feb 11, 2021", "1y Target Est": "N/A"}}, "fin": {"TTM": {"Duration": "TTM", "Total Revenue": "6,871", "Cost of Revenue": "3,807", "Gross Profit": "3,064", "Operating Expense": "2,446", "Operating Income": "618", "Net Non Operating Interest Income Expense": "32", "Other Income Expense": "62", "Pretax Income": "712", "Tax Provision": "0", "Net Income Common Stockholders": "677", "Diluted NI Available to Com Stockholders": "677", "Basic EPS": "-", "Diluted EPS": "-", "Basic Average Shares": "-", "Diluted Average Shares": "-", "Total Operating Income as Reported": "618", "Total Expenses": "6,253", "Net Income from Continuing & Discontinued Operation": "677", "Normalized Income": "677", "Interest Expense": "-", "Net Interest Income": "32", "EBIT": "618", "EBITDA": "793", "Reconciled Cost of Revenue": "3,807", "Reconciled Depreciation": "175", "Net Income from Continuing Operation Net Minority Interest": "677", "Total Unusual Items Excluding Goodwill": "-", "Total Unusual Items": "-", "Normalized EBITDA": "793", "Tax Rate for Calcs": "0", "Tax Effect of Unusual Items": "0"}, "12/31/2019": {"Duration": "12/31/2019", "Total Revenue": "6,783", "Cost of Revenue": "3,707", "Gross Profit": "3,076", "Operating Expense": "2,378", "Operating Income": "698", "Net Non Operating Interest Income Expense": "28", "Other Income Expense": "80", "Pretax Income": "806", "Tax Provision": "0", "Net Income Common Stockholders": "773", "Diluted NI Available to Com Stockholders": "773", "Basic EPS": "0.14", "Diluted EPS": "0.13", "Basic Average Shares": "5,724", "Diluted Average Shares": "5,840", "Total Operating Income as Reported": "698", "Total Expenses": "6,085", "Net Income from Continuing & Discontinued Operation": "773", "Normalized Income": "966", "Interest Expense": "-", "Net Interest Income": "28", "EBIT": "698", "EBITDA": "-", "Reconciled Cost of Revenue": "3,707", "Reconciled Depreciation": "178", "Net Income from Continuing Operation Net Minority Interest": "773", "Total Unusual Items Excluding Goodwill": "-193", "Total Unusual Items": "-193", "Normalized EBITDA": "1,069", "Tax Rate for Calcs": "0", "Tax Effect of Unusual Items": "0"}, "12/31/2018": {"Duration": "12/31/2018", "Total Revenue": "8,222", "Cost of Revenue": "4,604", "Gross Profit": "3,618", "Operating Expense": "2,199", "Operating Income": "1,419", "Net Non Operating Interest Income Expense": "9", "Other Income Expense": "-52", "Pretax Income": "1,376", "Tax Provision": "6", "Net Income Common Stockholders": "1,378", "Diluted NI Available to Com Stockholders": "1,378", "Basic EPS": "0.25", "Diluted EPS": "0.24", "Basic Average Shares": "5,598", "Diluted Average Shares": "5,707", "Total Operating Income as Reported": "1,419", "Total Expenses": "6,803", "Net Income from Continuing & Discontinued Operation": "1,378", "Normalized Income": "1,562", "Interest Expense": "9", "Net Interest Income": "9", "EBIT": "1,419", "EBITDA": "-", "Reconciled Cost of Revenue": "4,604", "Reconciled Depreciation": "161", "Net Income from Continuing Operation Net Minority Interest": "1,378", "Total Unusual Items Excluding Goodwill": "-185", "Total Unusual Items": "-185", "Normalized EBITDA": "1,765", "Tax Rate for Calcs": "0", "Tax Effect of Unusual Items": "-0.8067"}}, "bs": {"12/31/2019": {"Duration": "12/31/2019", "Total Assets": "13,599", "Total Liabilities Net Minority Interest": "784", "Total Equity Gross Minority Interest": "12,815", "Total Capitalization": "12,715", "Common Stock Equity": "12,715", "Net Tangible Assets": "12,715", "Working Capital": "9,224", "Invested Capital": "12,715", "Tangible Book Value": "12,715", "Total Debt": "-", "Share Issued": "5,753", "Ordinary Shares Number": "5,753"}, "12/31/2018": {"Duration": "12/31/2018", "Total Assets": "13,981", "Total Liabilities Net Minority Interest": "1,283", "Total Equity Gross Minority Interest": "12,698", "Total Capitalization": "12,602", "Common Stock Equity": "12,602", "Net Tangible Assets": "12,602", "Working Capital": "8,776", "Invested Capital": "12,602", "Tangible Book Value": "12,602", "Total Debt": "-", "Share Issued": "5,630", "Ordinary Shares Number": "5,630"}}, "cf": {"TTM": {"Duration": "TTM", "Operating Cash Flow": "1,551", "Investing Cash Flow": "188", "Financing Cash Flow": "-643", "End Cash Position": "5,577", "Income Tax Paid Supplemental Data": "3", "Interest Paid Supplemental Data": "0", "Capital Expenditure": "-18", "Repayment of Debt": "-", "Free Cash Flow": "1,539"}, "12/31/2019": {"Duration": "12/31/2019", "Operating Cash Flow": "1,413", "Investing Cash Flow": "-3", "Financing Cash Flow": "-591", "End Cash Position": "5,313", "Income Tax Paid Supplemental Data": "3", "Interest Paid Supplemental Data": "0", "Capital Expenditure": "-17", "Repayment of Debt": "0", "Free Cash Flow": "1,396"}, "12/31/2018": {"Duration": "12/31/2018", "Operating Cash Flow": "2,294", "Investing Cash Flow": "-5", "Financing Cash Flow": "-1,029", "End Cash Position": "4,494", "Income Tax Paid Supplemental Data": "3", "Interest Paid Supplemental Data": "9", "Capital Expenditure": "-5", "Repayment of Debt": "-500", "Free Cash Flow": "2,289"}}}}, {"ZNCM": {"quote": {"03/21/2021": {"value": "0.0400", "Market Cap": "1.733M", "Beta (5Y Monthly)": "-0.62", "PE Ratio (TTM)": "N/A", "EPS (TTM)": "-0.0670", "Earnings Date": "N/A", "Forward Dividend & Yield": "N/A (N/A)", "Ex-Dividend Date": "Mar 27, 2007", "1y Target Est": "N/A"}}, "fin": {}, "bs": {}, "cf": {}}}]