[{"DIT": {"quote": {"03/26/2021": {"value": "113.90", "Market Cap": "62.801M", "Beta (5Y Monthly)": "0.63", "PE Ratio (TTM)": "7.87", "EPS (TTM)": "14.48", "Earnings Date": "Jan 19, 2021", "Forward Dividend & Yield": "0.72 (0.65%)", "Ex-Dividend Date": "Feb 04, 2021", "1y Target Est": "N/A"}}, "fin": {"TTM": {"Duration": "TTM", "Total Revenue": "1,565,922", "Cost of Revenue": "1,475,571", "Gross Profit": "90,351", "Operating Expense": "77,864", "Operating Income": "12,488", "Net Non Operating Interest Income Expense": "-1,597", "Other Income Expense": "-335.949", "Pretax Income": "10,554", "Tax Provision": "2,905", "Earnings from Equity Interest Net of Tax": "518.918", "Net Income Common Stockholders": "8,168", "Diluted NI Available to Com Stockholders": "8,168", "Basic EPS": "-", "Diluted EPS": "-", "Basic Average Shares": "-", "Diluted Average Shares": "-", "Total Operating Income as Reported": "12,002", "Total Expenses": "1,553,435", "Net Income from Continuing & Discontinued Operation": "8,168", "Normalized Income": "8,168", "Interest Expense": "1,597", "Net Interest Income": "-1,597", "EBIT": "12,152", "EBITDA": "15,317", "Reconciled Cost of Revenue": "1,475,571", "Reconciled Depreciation": "3,165", "Net Income from Continuing Operation Net Minority Interest": "8,168", "Total Unusual Items Excluding Goodwill": "-", "Total Unusual Items": "-", "Normalized EBITDA": "15,317", "Tax Rate for Calcs": "0", "Tax Effect of Unusual Items": "0"}, "9/30/2020": {"Duration": "9/30/2020", "Total Revenue": "1,521,279", "Cost of Revenue": "1,433,545", "Gross Profit": "87,734", "Operating Expense": "78,168", "Operating Income": "9,566", "Net Non Operating Interest Income Expense": "-1,693", "Other Income Expense": "-370.994", "Pretax Income": "7,502", "Tax Provision": "2,143", "Earnings from Equity Interest Net of Tax": "183.579", "Net Income Common Stockholders": "5,543", "Diluted NI Available to Com Stockholders": "5,543", "Basic EPS": "9.88", "Diluted EPS": "9.76", "Basic Average Shares": "561.166", "Diluted Average Shares": "567.961", "Total Operating Income as Reported": "9,081", "Total Expenses": "1,511,713", "Net Income from Continuing & Discontinued Operation": "5,543", "Normalized Income": "5,889", "Interest Expense": "1,693", "Net Interest Income": "-1,693", "EBIT": "9,195", "EBITDA": "-", "Reconciled Cost of Revenue": "1,433,545", "Reconciled Depreciation": "3,116", "Net Income from Continuing Operation Net Minority Interest": "5,543", "Total Unusual Items Excluding Goodwill": "-485.27", "Total Unusual Items": "-485.27", "Normalized EBITDA": "12,797", "Tax Rate for Calcs": "0", "Tax Effect of Unusual Items": "-138.6206"}, "9/30/2019": {"Duration": "9/30/2019", "Total Revenue": "1,392,388", "Cost of Revenue": "1,308,365", "Gross Profit": "84,023", "Operating Expense": "74,800", "Operating Income": "9,223", "Net Non Operating Interest Income Expense": "-1,599", "Other Income Expense": "-2,812", "Pretax Income": "4,812", "Tax Provision": "1,609", "Earnings from Equity Interest Net of Tax": "-", "Net Income Common Stockholders": "3,203", "Diluted NI Available to Com Stockholders": "3,203", "Basic EPS": "5.36", "Diluted EPS": "5.25", "Basic Average Shares": "597.961", "Diluted Average Shares": "609.836", "Total Operating Income as Reported": "6,350", "Total Expenses": "1,383,165", "Net Income from Continuing & Discontinued Operation": "3,203", "Normalized Income": "5,115", "Interest Expense": "1,599", "Net Interest Income": "-1,599", "EBIT": "6,411", "EBITDA": "-", "Reconciled Cost of Revenue": "1,308,365", "Reconciled Depreciation": "2,618", "Net Income from Continuing Operation Net Minority Interest": "3,203", "Total Unusual Items Excluding Goodwill": "-2,873", "Total Unusual Items": "-2,873", "Normalized EBITDA": "11,902", "Tax Rate for Calcs": "0", "Tax Effect of Unusual Items": "-960.7532"}, "9/30/2018": {"Duration": "9/30/2018", "Total Revenue": "1,322,307", "Cost of Revenue": "1,245,375", "Gross Profit": "76,931", "Operating Expense": "69,099", "Operating Income": "7,832", "Net Non Operating Interest Income Expense": "-1,194", "Other Income Expense": "-1,859", "Pretax Income": "4,779", "Tax Provision": "1,164", "Earnings from Equity Interest Net of Tax": "-", "Net Income Common Stockholders": "3,615", "Diluted NI Available to Com Stockholders": "3,615", "Basic EPS": "5.47", "Diluted EPS": "5.38", "Basic Average Shares": "660.925", "Diluted Average Shares": "672.449", "Total Operating Income as Reported": "5,919", "Total Expenses": "1,314,475", "Net Income from Continuing & Discontinued Operation": "3,615", "Normalized Income": "5,062", "Interest Expense": "1,194", "Net Interest Income": "-1,194", "EBIT": "5,973", "EBITDA": "-", "Reconciled Cost of Revenue": "1,245,375", "Reconciled Depreciation": "2,318", "Net Income from Continuing Operation Net Minority Interest": "3,615", "Total Unusual Items Excluding Goodwill": "-1,913", "Total Unusual Items": "-1,913", "Normalized EBITDA": "10,204", "Tax Rate for Calcs": "0", "Tax Effect of Unusual Items": "-465.9491"}}, "bs": {"9/30/2020": {"Duration": "9/30/2020", "Total Assets": "188,001", "Total Liabilities Net Minority Interest": "123,210", "Total Equity Gross Minority Interest": "64,792", "Total Capitalization": "129,372", "Common Stock Equity": "64,792", "Capital Lease Obligations": "19,636", "Net Tangible Assets": "59,855", "Working Capital": "94,136", "Invested Capital": "129,889", "Tangible Book Value": "59,855", "Total Debt": "84,733", "Net Debt": "64,436", "Share Issued": "869.867", "Ordinary Shares Number": "537.715", "Preferred Shares Number": "180", "Treasury Shares Number": "332.152"}, "9/30/2019": {"Duration": "9/30/2019", "Total Assets": "157,712", "Total Liabilities Net Minority Interest": "96,955", "Total Equity Gross Minority Interest": "60,757", "Total Capitalization": "124,259", "Common Stock Equity": "60,757", "Capital Lease Obligations": "-", "Net Tangible Assets": "55,820", "Working Capital": "103,259", "Invested Capital": "124,792", "Tangible Book Value": "55,820", "Total Debt": "64,035", "Net Debt": "63,697", "Share Issued": "856.039", "Ordinary Shares Number": "552.614", "Preferred Shares Number": "180", "Treasury Shares Number": "303.425"}, "9/30/2018": {"Duration": "9/30/2018", "Total Assets": "139,954", "Total Liabilities Net Minority Interest": "75,353", "Total Equity Gross Minority Interest": "64,601", "Total Capitalization": "103,688", "Common Stock Equity": "64,601", "Capital Lease Obligations": "-", "Net Tangible Assets": "56,749", "Working Capital": "81,586", "Invested Capital": "104,784", "Tangible Book Value": "56,749", "Total Debt": "40,183", "Net Debt": "39,663", "Share Issued": "844.089", "Ordinary Shares Number": "615.777", "Preferred Shares Number": "180", "Treasury Shares Number": "228.312"}}, "cf": {"TTM": {"Duration": "TTM", "Operating Cash Flow": "13,474", "Investing Cash Flow": "-12,515", "Financing Cash Flow": "-884.289", "End Cash Position": "515.098", "Income Tax Paid Supplemental Data": "2,394", "Interest Paid Supplemental Data": "1,650", "Capital Expenditure": "-2,561", "Issuance of Debt": "1,573,824", "Repayment of Debt": "-1,571,833", "Repurchase of Capital Stock": "-2,027", "Free Cash Flow": "10,914"}, "9/30/2020": {"Duration": "9/30/2020", "Operating Cash Flow": "15,203", "Investing Cash Flow": "-13,313", "Financing Cash Flow": "-1,567", "End Cash Position": "661.195", "Income Tax Paid Supplemental Data": "1,303", "Interest Paid Supplemental Data": "1,743", "Capital Expenditure": "-3,357", "Issuance of Debt": "1,515,476", "Repayment of Debt": "-1,514,414", "Repurchase of Capital Stock": "-2,030", "Free Cash Flow": "11,846"}, "9/30/2019": {"Duration": "9/30/2019", "Operating Cash Flow": "-11,454", "Investing Cash Flow": "-4,381", "Financing Cash Flow": "15,652", "End Cash Position": "337.704", "Income Tax Paid Supplemental Data": "1,647", "Interest Paid Supplemental Data": "1,562", "Capital Expenditure": "-4,438", "Issuance of Debt": "1,427,545", "Repayment of Debt": "-1,403,693", "Repurchase of Capital Stock": "-7,507", "Free Cash Flow": "-15,892"}, "9/30/2018": {"Duration": "9/30/2018", "Operating Cash Flow": "5,895", "Investing Cash Flow": "-3,220", "Financing Cash Flow": "-2,678", "End Cash Position": "520.644", "Income Tax Paid Supplemental Data": "2,534", "Interest Paid Supplemental Data": "1,138", "Capital Expenditure": "-3,226", "Issuance of Debt": "1,424,930", "Repayment of Debt": "-1,419,080", "Repurchase of Capital Stock": "-7,723", "Free Cash Flow": "2,669"}}}}, {"SYY": {"quote": {"03/26/2021": {"value": "80.63", "Market Cap": "41.155B", "Beta (5Y Monthly)": "1.42", "PE Ratio (TTM)": "N/A", "EPS (TTM)": "-0.66", "Earnings Date": "May 03, 2021 - May 07, 2021", "Forward Dividend & Yield": "1.80 (2.32%)", "Ex-Dividend Date": "Mar 31, 2021", "1y Target Est": "82.00"}}, "fin": {"TTM": {"Duration": "TTM", "Total Revenue": "45,901,624", "Cost of Revenue": "37,453,426", "Gross Profit": "8,448,198", "Operating Expense": "8,287,863", "Operating Income": "160,335", "Net Non Operating Interest Income Expense": "-541,338", "Other Income Expense": "-44,164", "Pretax Income": "-425,167", "Tax Provision": "-87,640", "Net Income Common Stockholders": "-337,527", "Diluted NI Available to Com Stockholders": "-337,527", "Basic EPS": "-", "Diluted EPS": "-", "Basic Average Shares": "-", "Diluted Average Shares": "-", "Total Operating Income as Reported": "160,335", "Total Expenses": "45,741,289", "Net Income from Continuing & Discontinued Operation": "-337,527", "Normalized Income": "-337,527", "Interest Expense": "541,338", "Net Interest Income": "-541,338", "EBIT": "116,171", "EBITDA": "1,025,015", "Reconciled Cost of Revenue": "37,453,426", "Reconciled Depreciation": "908,844", "Net Income from Continuing Operation Net Minority Interest": "-337,527", "Normalized EBITDA": "1,025,015", "Tax Rate for Calcs": "0", "Tax Effect of Unusual Items": "0"}, "6/30/2020": {"Duration": "6/30/2020", "Total Revenue": "52,893,310", "Cost of Revenue": "42,991,646", "Gross Profit": "9,901,664", "Operating Expense": "9,152,159", "Operating Income": "749,505", "Net Non Operating Interest Income Expense": "-408,220", "Other Income Expense": "-47,901", "Pretax Income": "293,384", "Tax Provision": "77,909", "Net Income Common Stockholders": "215,475", "Diluted NI Available to Com Stockholders": "215,475", "Basic EPS": "0.42", "Diluted EPS": "0.42", "Basic Average Shares": "510,121", "Diluted Average Shares": "514,026", "Total Operating Income as Reported": "749,505", "Total Expenses": "52,143,805", "Net Income from Continuing & Discontinued Operation": "215,475", "Normalized Income": "215,475", "Interest Expense": "408,220", "Net Interest Income": "-408,220", "EBIT": "701,604", "EBITDA": "-", "Reconciled Cost of Revenue": "42,991,646", "Reconciled Depreciation": "914,141", "Net Income from Continuing Operation Net Minority Interest": "215,475", "Normalized EBITDA": "1,615,745", "Tax Rate for Calcs": "0", "Tax Effect of Unusual Items": "0"}, "6/30/2019": {"Duration": "6/30/2019", "Total Revenue": "60,113,922", "Cost of Revenue": "48,704,935", "Gross Profit": "11,408,987", "Operating Expense": "9,078,837", "Operating Income": "2,330,150", "Net Non Operating Interest Income Expense": "-360,423", "Other Income Expense": "36,109", "Pretax Income": "2,005,836", "Tax Provision": "331,565", "Net Income Common Stockholders": "1,674,271", "Diluted NI Available to Com Stockholders": "1,674,271", "Basic EPS": "3.24", "Diluted EPS": "3.20", "Basic Average Shares": "516,891", "Diluted Average Shares": "523,381", "Total Operating Income as Reported": "2,330,150", "Total Expenses": "57,783,772", "Net Income from Continuing & Discontinued Operation": "1,674,271", "Normalized Income": "1,674,271", "Interest Expense": "360,423", "Net Interest Income": "-360,423", "EBIT": "2,366,259", "EBITDA": "-", "Reconciled Cost of Revenue": "48,704,935", "Reconciled Depreciation": "763,935", "Net Income from Continuing Operation Net Minority Interest": "1,674,271", "Normalized EBITDA": "3,130,194", "Tax Rate for Calcs": "0", "Tax Effect of Unusual Items": "0"}, "6/30/2018": {"Duration": "6/30/2018", "Total Revenue": "58,727,324", "Cost of Revenue": "47,641,933", "Gross Profit": "11,085,391", "Operating Expense": "8,756,417", "Operating Income": "2,328,974", "Net Non Operating Interest Income Expense": "-395,483", "Other Income Expense": "22,733", "Pretax Income": "1,956,224", "Tax Provision": "525,458", "Net Income Common Stockholders": "1,430,766", "Diluted NI Available to Com Stockholders": "1,430,766", "Basic EPS": "2.74", "Diluted EPS": "2.70", "Basic Average Shares": "522,927", "Diluted Average Shares": "529,090", "Total Operating Income as Reported": "2,328,974", "Total Expenses": "56,398,350", "Net Income from Continuing & Discontinued Operation": "1,430,766", "Normalized Income": "1,430,766", "Interest Expense": "395,483", "Net Interest Income": "-395,483", "EBIT": "2,351,707", "EBITDA": "-", "Reconciled Cost of Revenue": "47,641,933", "Reconciled Depreciation": "765,498", "Net Income from Continuing Operation Net Minority Interest": "1,430,766", "Normalized EBITDA": "3,117,205", "Tax Rate for Calcs": "0", "Tax Effect of Unusual Items": "0"}}, "bs": {"6/30/2020": {"Duration": "6/30/2020", "Total Assets": "22,628,266", "Total Liabilities Net Minority Interest": "21,469,653", "Total Equity Gross Minority Interest": "1,158,613", "Total Capitalization": "14,061,098", "Common Stock Equity": "1,158,613", "Capital Lease Obligations": "630,663", "Net Tangible Assets": "-3,354,027", "Working Capital": "5,630,379", "Invested Capital": "15,605,492", "Tangible Book Value": "-3,354,027", "Total Debt": "15,077,542", "Net Debt": "8,387,452", "Share Issued": "765,175", "Ordinary Shares Number": "508,259", "Treasury Shares Number": "256,916"}, "6/30/2019": {"Duration": "6/30/2019", "Total Assets": "17,966,522", "Total Liabilities Net Minority Interest": "15,463,919", "Total Equity Gross Minority Interest": "2,502,603", "Total Capitalization": "10,624,661", "Common Stock Equity": "2,502,603", "Capital Lease Obligations": "-", "Net Tangible Assets": "-2,250,924", "Working Capital": "2,038,322", "Invested Capital": "10,665,940", "Tangible Book Value": "-2,250,924", "Total Debt": "8,163,337", "Net Debt": "7,649,877", "Share Issued": "765,175", "Ordinary Shares Number": "512,877", "Treasury Shares Number": "252,298"}, "6/30/2018": {"Duration": "6/30/2018", "Total Assets": "18,070,404", "Total Liabilities Net Minority Interest": "15,563,447", "Total Equity Gross Minority Interest": "2,506,957", "Total Capitalization": "10,047,722", "Common Stock Equity": "2,506,957", "Capital Lease Obligations": "-", "Net Tangible Assets": "-2,428,340", "Working Capital": "1,414,707", "Invested Capital": "10,834,227", "Tangible Book Value": "-2,428,340", "Total Debt": "8,327,270", "Net Debt": "7,774,945", "Share Issued": "765,175", "Ordinary Shares Number": "520,642", "Treasury Shares Number": "244,533"}}, "cf": {"TTM": {"Duration": "TTM", "Operating Cash Flow": "1,800,889", "Investing Cash Flow": "-392,375", "Financing Cash Flow": "3,756,832", "End Cash Position": "5,736,842", "Income Tax Paid Supplemental Data": "365,013", "Interest Paid Supplemental Data": "453,514", "Capital Expenditure": "-490,988", "Issuance of Debt": "6,768,690", "Repayment of Debt": "-1,869,661", "Repurchase of Capital Stock": "-214,304", "Free Cash Flow": "1,309,901"}, "6/30/2020": {"Duration": "6/30/2020", "Operating Cash Flow": "1,618,680", "Investing Cash Flow": "-756,307", "Financing Cash Flow": "4,719,800", "End Cash Position": "6,095,570", "Income Tax Paid Supplemental Data": "376,609", "Interest Paid Supplemental Data": "325,308", "Capital Expenditure": "-720,423", "Issuance of Debt": "6,783,562", "Repayment of Debt": "-1,119,232", "Repurchase of Capital Stock": "-844,699", "Free Cash Flow": "898,257"}, "6/30/2019": {"Duration": "6/30/2019", "Operating Cash Flow": "2,411,207", "Investing Cash Flow": "-742,855", "Financing Cash Flow": "-1,837,274", "End Cash Position": "532,245", "Income Tax Paid Supplemental Data": "531,103", "Interest Paid Supplemental Data": "346,670", "Capital Expenditure": "-692,391", "Issuance of Debt": "388,180", "Repayment of Debt": "-790,250", "Repurchase of Capital Stock": "-1,022,033", "Free Cash Flow": "1,718,816"}, "6/30/2018": {"Duration": "6/30/2018", "Operating Cash Flow": "2,158,632", "Investing Cash Flow": "-913,665", "Financing Cash Flow": "-1,410,469", "End Cash Position": "715,844", "Income Tax Paid Supplemental Data": "268,384", "Interest Paid Supplemental Data": "301,672", "Capital Expenditure": "-687,815", "Issuance of Debt": "1,000,599", "Repayment of Debt": "-833,798", "Repurchase of Capital Stock": "-978,901", "Free Cash Flow": "1,470,817"}}}}, {"HAIN": {"quote": {"03/26/2021": {"value": "45.21", "Market Cap": "4.516B", "Beta (5Y Monthly)": "0.86", "PE Ratio (TTM)": "153.24", "EPS (TTM)": "0.29", "Earnings Date": "May 05, 2021 - May 10, 2021", "Forward Dividend & Yield": "N/A (N/A)", "Ex-Dividend Date": "N/A", "1y Target Est": "45.40"}}, "fin": {"TTM": {"Duration": "TTM", "Total Revenue": "2,092,088", "Cost of Revenue": "1,580,627", "Gross Profit": "511,461", "Operating Expense": "337,382", "Operating Income": "174,079", "Net Non Operating Interest Income Expense": "-12,017", "Other Income Expense": "-112,412", "Pretax Income": "49,650", "Tax Provision": "27,116", "Earnings from Equity Interest Net of Tax": "-2,429", "Net Income Common Stockholders": "30,203", "Diluted NI Available to Com Stockholders": "30,203", "Basic EPS": "-", "Diluted EPS": "-", "Basic Average Shares": "-", "Diluted Average Shares": "-", "Total Operating Income as Reported": "60,633", "Total Expenses": "1,918,009", "Net Income from Continuing & Discontinued Operation": "30,203", "Normalized Income": "102,921", "Interest Expense": "12,017", "Net Interest Income": "-12,017", "EBIT": "61,667", "EBITDA": "111,567", "Reconciled Cost of Revenue": "1,540,719", "Reconciled Depreciation": "49,900", "Net Income from Continuing Operation Net Minority Interest": "20,105", "Total Unusual Items Excluding Goodwill": "-113,446", "Total Unusual Items": "-113,446", "Normalized EBITDA": "225,013", "Tax Rate for Calcs": "0", "Tax Effect of Unusual Items": "-30,630"}, "6/30/2020": {"Duration": "6/30/2020", "Total Revenue": "2,053,903", "Cost of Revenue": "1,588,133", "Gross Profit": "465,770", "Operating Expense": "336,014", "Operating Income": "129,756", "Net Non Operating Interest Income Expense": "-18,258", "Other Income Expense": "-77,670", "Pretax Income": "33,828", "Tax Provision": "6,205", "Earnings from Equity Interest Net of Tax": "-1,989", "Net Income Common Stockholders": "-80,407", "Diluted NI Available to Com Stockholders": "-80,407", "Basic EPS": "-0.77", "Diluted EPS": "-0.77", "Basic Average Shares": "103,618", "Diluted Average Shares": "103,937", "Total Operating Income as Reported": "56,042", "Total Expenses": "1,924,147", "Net Income from Continuing & Discontinued Operation": "-80,407", "Normalized Income": "85,858", "Interest Expense": "18,258", "Net Interest Income": "-18,258", "EBIT": "52,086", "EBITDA": "-", "Reconciled Cost of Revenue": "1,547,683", "Reconciled Depreciation": "52,088", "Net Income from Continuing Operation Net Minority Interest": "25,634", "Total Unusual Items Excluding Goodwill": "-73,714", "Total Unusual Items": "-73,714", "Normalized EBITDA": "177,888", "Tax Rate for Calcs": "0", "Tax Effect of Unusual Items": "-13,490"}, "6/30/2019": {"Duration": "6/30/2019", "Total Revenue": "2,302,468", "Cost of Revenue": "1,857,255", "Gross Profit": "445,213", "Operating Expense": "390,733", "Operating Income": "54,480", "Net Non Operating Interest Income Expense": "-36,078", "Other Income Expense": "-70,389", "Pretax Income": "-51,987", "Tax Provision": "-2,697", "Earnings from Equity Interest Net of Tax": "-655", "Net Income Common Stockholders": "-183,314", "Diluted NI Available to Com Stockholders": "-183,314", "Basic EPS": "-1.76", "Diluted EPS": "-1.76", "Basic Average Shares": "104,076", "Diluted Average Shares": "104,076", "Total Operating Income as Reported": "-14,886", "Total Expenses": "2,247,988", "Net Income from Continuing & Discontinued Operation": "-183,314", "Normalized Income": "15,814", "Interest Expense": "36,078", "Net Interest Income": "-36,078", "EBIT": "-15,909", "EBITDA": "-", "Reconciled Cost of Revenue": "1,815,635", "Reconciled Depreciation": "56,914", "Net Income from Continuing Operation Net Minority Interest": "-49,945", "Total Unusual Items Excluding Goodwill": "-69,366", "Total Unusual Items": "-69,366", "Normalized EBITDA": "110,371", "Tax Rate for Calcs": "0", "Tax Effect of Unusual Items": "-3,607"}, "6/30/2018": {"Duration": "6/30/2018", "Total Revenue": "2,457,769", "Cost of Revenue": "1,942,321", "Gross Profit": "515,448", "Operating Expense": "366,926", "Operating Income": "148,522", "Net Non Operating Interest Income Expense": "-26,925", "Other Income Expense": "-40,395", "Pretax Income": "81,202", "Tax Provision": "-887", "Earnings from Equity Interest Net of Tax": "339", "Net Income Common Stockholders": "9,694", "Diluted NI Available to Com Stockholders": "9,694", "Basic EPS": "0.09", "Diluted EPS": "0.09", "Basic Average Shares": "103,848", "Diluted Average Shares": "104,477", "Total Operating Income as Reported": "106,040", "Total Expenses": "2,309,247", "Net Income from Continuing & Discontinued Operation": "9,694", "Normalized Income": "124,443", "Interest Expense": "26,925", "Net Interest Income": "-26,925", "EBIT": "108,127", "EBITDA": "-", "Reconciled Cost of Revenue": "1,899,714", "Reconciled Depreciation": "60,809", "Net Income from Continuing Operation Net Minority Interest": "82,428", "Total Unusual Items Excluding Goodwill": "-42,482", "Total Unusual Items": "-42,482", "Normalized EBITDA": "211,418", "Tax Rate for Calcs": "0", "Tax Effect of Unusual Items": "-467.302"}}, "bs": {"6/30/2020": {"Duration": "6/30/2020", "Total Assets": "2,188,452", "Total Liabilities Net Minority Interest": "744,898", "Total Equity Gross Minority Interest": "1,443,554", "Total Capitalization": "1,724,672", "Common Stock Equity": "1,443,554", "Capital Lease Obligations": "82,962", "Net Tangible Assets": "235,134", "Working Capital": "260,657", "Invested Capital": "1,726,328", "Tangible Book Value": "235,134", "Total Debt": "365,736", "Net Debt": "245,003", "Share Issued": "109,123", "Ordinary Shares Number": "101,885", "Treasury Shares Number": "7,238"}, "6/30/2019": {"Duration": "6/30/2019", "Total Assets": "2,582,620", "Total Liabilities Net Minority Interest": "1,063,301", "Total Equity Gross Minority Interest": "1,519,319", "Total Capitalization": "2,132,856", "Common Stock Equity": "1,519,319", "Capital Lease Obligations": "-", "Net Tangible Assets": "45,129", "Working Capital": "318,630", "Invested Capital": "2,158,775", "Tangible Book Value": "45,129", "Total Debt": "639,456", "Net Debt": "599,930", "Share Issued": "108,833", "Ordinary Shares Number": "104,219", "Treasury Shares Number": "4,614"}, "6/30/2018": {"Duration": "6/30/2018", "Total Assets": "2,946,674", "Total Liabilities Net Minority Interest": "1,209,625", "Total Equity Gross Minority Interest": "1,737,049", "Total Capitalization": "2,424,550", "Common Stock Equity": "1,737,049", "Capital Lease Obligations": "-", "Net Tangible Assets": "202,526", "Working Capital": "629,142", "Invested Capital": "2,451,155", "Tangible Book Value": "202,526", "Total Debt": "714,106", "Net Debt": "607,549", "Share Issued": "108,422", "Ordinary Shares Number": "103,952", "Treasury Shares Number": "4,470"}}, "cf": {"TTM": {"Duration": "TTM", "Operating Cash Flow": "244,235", "Investing Cash Flow": "-58,378", "Financing Cash Flow": "-166,046", "Cash Flow from Discontinued Operation": "0", "End Cash Position": "56,835", "Capital Expenditure": "-61,227", "Issuance of Debt": "265,000", "Repayment of Debt": "-296,419", "Repurchase of Capital Stock": "-131,957", "Free Cash Flow": "183,008"}, "6/30/2020": {"Duration": "6/30/2020", "Operating Cash Flow": "151,166", "Investing Cash Flow": "252,464", "Financing Cash Flow": "-404,282", "Cash Flow from Discontinued Operation": "-537", "End Cash Position": "37,771", "Capital Expenditure": "-60,893", "Issuance of Debt": "262,000", "Repayment of Debt": "-609,959", "Repurchase of Capital Stock": "-60,221", "Free Cash Flow": "90,273"}, "6/30/2019": {"Duration": "6/30/2019", "Operating Cash Flow": "41,269", "Investing Cash Flow": "-32,042", "Financing Cash Flow": "-80,616", "Cash Flow from Discontinued Operation": "-", "End Cash Position": "39,526", "Capital Expenditure": "-77,128", "Issuance of Debt": "285,000", "Repayment of Debt": "-361,962", "Repurchase of Capital Stock": "-", "Free Cash Flow": "-35,859"}, "6/30/2018": {"Duration": "6/30/2018", "Operating Cash Flow": "107,222", "Investing Cash Flow": "-93,273", "Financing Cash Flow": "-48,121", "Cash Flow from Discontinued Operation": "-", "End Cash Position": "113,017", "Capital Expenditure": "-70,891", "Issuance of Debt": "364,245", "Repayment of Debt": "-404,966", "Repurchase of Capital Stock": "-", "Free Cash Flow": "36,331"}}}}, {"SPTN": {"quote": {"03/26/2021": {"value": "19.88", "Market Cap": "718.376M", "Beta (5Y Monthly)": "0.87", "PE Ratio (TTM)": "9.39", "EPS (TTM)": "2.12", "Earnings Date": "May 25, 2021 - May 31, 2021", "Forward Dividend & Yield": "0.80 (4.09%)", "Ex-Dividend Date": "Mar 12, 2021", "1y Target Est": "21.43"}}, "fin": {"TTM": {"Duration": "TTM", "Total Revenue": "9,348,485", "Cost of Revenue": "7,923,520", "Gross Profit": "1,424,965", "Operating Expense": "1,297,740", "Operating Income": "127,225", "Net Non Operating Interest Income Expense": "-18,418", "Other Income Expense": "-23,443", "Pretax Income": "85,364", "Tax Provision": "9,450", "Net Income Common Stockholders": "75,914", "Diluted NI Available to Com Stockholders": "75,914", "Basic EPS": "-", "Diluted EPS": "-", "Basic Average Shares": "-", "Diluted Average Shares": "-", "Total Operating Income as Reported": "102,406", "Total Expenses": "9,221,260", "Net Income from Continuing & Discontinued Operation": "75,914", "Normalized Income": "97,985", "Interest Expense": "18,418", "Net Interest Income": "-18,418", "EBIT": "103,782", "EBITDA": "103,782", "Reconciled Cost of Revenue": "7,923,520", "Reconciled Depreciation": "89,876", "Net Income from Continuing Operation Net Minority Interest": "75,914", "Total Unusual Items Excluding Goodwill": "-24,819", "Total Unusual Items": "-24,819", "Normalized EBITDA": "128,601", "Tax Rate for Calcs": "0", "Tax Effect of Unusual Items": "-2,748"}, "12/31/2020": {"Duration": "12/31/2020", "Total Revenue": "9,348,485", "Cost of Revenue": "7,923,520", "Gross Profit": "1,424,965", "Operating Expense": "1,297,740", "Operating Income": "127,225", "Net Non Operating Interest Income Expense": "-18,418", "Other Income Expense": "-23,443", "Pretax Income": "85,364", "Tax Provision": "9,450", "Net Income Common Stockholders": "74,043", "Diluted NI Available to Com Stockholders": "74,043", "Basic EPS": "-", "Diluted EPS": "-", "Basic Average Shares": "-", "Diluted Average Shares": "-", "Total Operating Income as Reported": "102,406", "Total Expenses": "9,221,260", "Net Income from Continuing & Discontinued Operation": "75,914", "Normalized Income": "97,978", "Interest Expense": "18,418", "Net Interest Income": "-18,418", "EBIT": "103,782", "EBITDA": "-", "Reconciled Cost of Revenue": "7,923,520", "Reconciled Depreciation": "89,876", "Net Income from Continuing Operation Net Minority Interest": "75,914", "Total Unusual Items Excluding Goodwill": "-24,819", "Total Unusual Items": "-24,819", "Normalized EBITDA": "218,477", "Tax Rate for Calcs": "0", "Tax Effect of Unusual Items": "-2,755"}, "12/31/2019": {"Duration": "12/31/2019", "Total Revenue": "8,536,065", "Cost of Revenue": "7,292,235", "Gross Profit": "1,243,830", "Operating Expense": "1,172,401", "Operating Income": "71,429", "Net Non Operating Interest Income Expense": "-34,548", "Other Income Expense": "-33,306", "Pretax Income": "3,575", "Tax Provision": "-2,342", "Net Income Common Stockholders": "5,593", "Diluted NI Available to Com Stockholders": "5,593", "Basic EPS": "0.16", "Diluted EPS": "0.16", "Basic Average Shares": "36,271", "Diluted Average Shares": "36,271", "Total Operating Income as Reported": "56,942", "Total Expenses": "8,464,636", "Net Income from Continuing & Discontinued Operation": "5,742", "Normalized Income": "15,016", "Interest Expense": "34,548", "Net Interest Income": "-34,548", "EBIT": "38,123", "EBITDA": "-", "Reconciled Cost of Revenue": "7,292,235", "Reconciled Depreciation": "90,597", "Net Income from Continuing Operation Net Minority Interest": "5,917", "Total Unusual Items Excluding Goodwill": "-12,465", "Total Unusual Items": "-12,465", "Normalized EBITDA": "141,185", "Tax Rate for Calcs": "0", "Tax Effect of Unusual Items": "-3,366"}, "12/31/2018": {"Duration": "12/31/2018", "Total Revenue": "8,064,552", "Cost of Revenue": "6,954,146", "Gross Profit": "1,110,406", "Operating Expense": "997,411", "Operating Income": "112,995", "Net Non Operating Interest Income Expense": "-30,483", "Other Income Expense": "-41,814", "Pretax Income": "40,698", "Tax Provision": "6,907", "Net Income Common Stockholders": "32,826", "Diluted NI Available to Com Stockholders": "32,826", "Basic EPS": "0.93", "Diluted EPS": "0.93", "Basic Average Shares": "36,012", "Diluted Average Shares": "36,022", "Total Operating Income as Reported": "70,512", "Total Expenses": "7,951,557", "Net Income from Continuing & Discontinued Operation": "33,572", "Normalized Income": "69,052", "Interest Expense": "30,483", "Net Interest Income": "-30,483", "EBIT": "71,181", "EBITDA": "-", "Reconciled Cost of Revenue": "6,954,146", "Reconciled Depreciation": "84,190", "Net Income from Continuing Operation Net Minority Interest": "33,791", "Total Unusual Items Excluding Goodwill": "-42,483", "Total Unusual Items": "-42,483", "Normalized EBITDA": "197,854", "Tax Rate for Calcs": "0", "Tax Effect of Unusual Items": "-7,222"}}, "bs": {"12/31/2020": {"Duration": "12/31/2020", "Total Assets": "2,277,391", "Total Liabilities Net Minority Interest": "1,542,342", "Total Equity Gross Minority Interest": "735,049", "Total Capitalization": "1,216,358", "Common Stock Equity": "735,049", "Capital Lease Obligations": "324,645", "Net Tangible Assets": "437,872", "Working Capital": "325,186", "Invested Capital": "1,221,493", "Tangible Book Value": "437,872", "Total Debt": "811,089", "Net Debt": "466,541", "Share Issued": "35,851", "Ordinary Shares Number": "35,851"}, "12/31/2019": {"Duration": "12/31/2019", "Total Assets": "2,275,609", "Total Liabilities Net Minority Interest": "1,588,071", "Total Equity Gross Minority Interest": "687,538", "Total Capitalization": "1,369,742", "Common Stock Equity": "687,538", "Capital Lease Obligations": "309,790", "Net Tangible Assets": "376,026", "Working Capital": "431,548", "Invested Capital": "1,376,091", "Tangible Book Value": "376,026", "Total Debt": "998,343", "Net Debt": "664,381", "Share Issued": "36,351", "Ordinary Shares Number": "36,351"}, "12/31/2018": {"Duration": "12/31/2018", "Total Assets": "1,971,912", "Total Liabilities Net Minority Interest": "1,255,965", "Total Equity Gross Minority Interest": "715,947", "Total Capitalization": "1,395,744", "Common Stock Equity": "715,947", "Capital Lease Obligations": "-", "Net Tangible Assets": "408,418", "Working Capital": "524,645", "Invested Capital": "1,414,007", "Tangible Book Value": "408,418", "Total Debt": "698,060", "Net Debt": "679,475", "Share Issued": "35,952", "Ordinary Shares Number": "35,952"}}, "cf": {"TTM": {"Duration": "TTM", "Operating Cash Flow": "306,716", "Investing Cash Flow": "-57,221", "Financing Cash Flow": "-253,764", "Cash Flow from Discontinued Operation": "0", "End Cash Position": "19,903", "Capital Expenditure": "-67,298", "Issuance of Debt": "1,383,637", "Repayment of Debt": "-1,590,803", "Repurchase of Capital Stock": "-10,000", "Free Cash Flow": "306,716"}, "12/31/2020": {"Duration": "12/31/2020", "Operating Cash Flow": "306,716", "Investing Cash Flow": "-57,221", "Financing Cash Flow": "-253,764", "Cash Flow from Discontinued Operation": "0", "End Cash Position": "19,903", "Capital Expenditure": "-67,298", "Issuance of Debt": "1,383,637", "Repayment of Debt": "-1,590,803", "Repurchase of Capital Stock": "-10,000", "Free Cash Flow": "239,418"}, "12/31/2019": {"Duration": "12/31/2019", "Operating Cash Flow": "179,978", "Investing Cash Flow": "-143,172", "Financing Cash Flow": "-31,219", "Cash Flow from Discontinued Operation": "-214", "End Cash Position": "24,172", "Capital Expenditure": "-74,815", "Issuance of Debt": "1,223,298", "Repayment of Debt": "-1,246,402", "Repurchase of Capital Stock": "0", "Free Cash Flow": "105,163"}, "12/31/2018": {"Duration": "12/31/2018", "Operating Cash Flow": "171,374", "Investing Cash Flow": "-64,156", "Financing Cash Flow": "-104,300", "Cash Flow from Discontinued Operation": "-284", "End Cash Position": "18,585", "Capital Expenditure": "-71,495", "Issuance of Debt": "1,076,918", "Repayment of Debt": "-1,131,732", "Repurchase of Capital Stock": "-20,000", "Free Cash Flow": "99,879"}}}}, {"CORE": {"quote": {"03/26/2021": {"value": "38.96", "Market Cap": "1.76B", "Beta (5Y Monthly)": "0.37", "PE Ratio (TTM)": "28.03", "EPS (TTM)": "1.39", "Earnings Date": "May 05, 2021 - May 10, 2021", "Forward Dividend & Yield": "0.52 (1.37%)", "Ex-Dividend Date": "Mar 12, 2021", "1y Target Est": "40.50"}}, "fin": {"TTM": {"Duration": "TTM", "Total Revenue": "16,957,900", "Cost of Revenue": "16,069,600", "Gross Profit": "888,300", "Operating Expense": "793,600", "Operating Income": "94,700", "Net Non Operating Interest Income Expense": "-10,500", "Other Income Expense": "-900", "Pretax Income": "83,300", "Tax Provision": "20,100", "Net Income Common Stockholders": "63,200", "Diluted NI Available to Com Stockholders": "63,200", "Basic EPS": "-", "Diluted EPS": "-", "Basic Average Shares": "-", "Diluted Average Shares": "-", "Total Operating Income as Reported": "94,700", "Total Expenses": "16,863,200", "Net Income from Continuing & Discontinued Operation": "63,200", "Normalized Income": "63,883", "Interest Income": "-", "Interest Expense": "10,500", "Net Interest Income": "-10,500", "EBIT": "93,800", "EBITDA": "160,400", "Reconciled Cost of Revenue": "16,012,700", "Reconciled Depreciation": "66,600", "Net Income from Continuing Operation Net Minority Interest": "63,200", "Total Unusual Items Excluding Goodwill": "-900", "Total Unusual Items": "-900", "Normalized EBITDA": "161,300", "Tax Rate for Calcs": "0", "Tax Effect of Unusual Items": "-217.1669"}, "12/31/2020": {"Duration": "12/31/2020", "Total Revenue": "16,957,900", "Cost of Revenue": "16,069,600", "Gross Profit": "888,300", "Operating Expense": "793,600", "Operating Income": "94,700", "Net Non Operating Interest Income Expense": "-10,500", "Other Income Expense": "-900", "Pretax Income": "83,300", "Tax Provision": "20,100", "Net Income Common Stockholders": "63,200", "Diluted NI Available to Com Stockholders": "63,200", "Basic EPS": "1.40", "Diluted EPS": "1.39", "Basic Average Shares": "45,100", "Diluted Average Shares": "45,400", "Total Operating Income as Reported": "94,700", "Total Expenses": "16,863,200", "Net Income from Continuing & Discontinued Operation": "63,200", "Normalized Income": "63,883", "Interest Income": "-", "Interest Expense": "10,500", "Net Interest Income": "-10,500", "EBIT": "93,800", "EBITDA": "-", "Reconciled Cost of Revenue": "16,012,700", "Reconciled Depreciation": "66,600", "Net Income from Continuing Operation Net Minority Interest": "63,200", "Total Unusual Items Excluding Goodwill": "-900", "Total Unusual Items": "-900", "Normalized EBITDA": "161,300", "Tax Rate for Calcs": "0", "Tax Effect of Unusual Items": "-216.9"}, "12/31/2019": {"Duration": "12/31/2019", "Total Revenue": "16,670,500", "Cost of Revenue": "15,746,300", "Gross Profit": "924,200", "Operating Expense": "831,600", "Operating Income": "92,600", "Net Non Operating Interest Income Expense": "-14,400", "Other Income Expense": "-800", "Pretax Income": "77,400", "Tax Provision": "19,700", "Net Income Common Stockholders": "57,700", "Diluted NI Available to Com Stockholders": "57,700", "Basic EPS": "1.26", "Diluted EPS": "1.25", "Basic Average Shares": "45,700", "Diluted Average Shares": "46,000", "Total Operating Income as Reported": "92,600", "Total Expenses": "16,577,900", "Net Income from Continuing & Discontinued Operation": "57,700", "Normalized Income": "58,296", "Interest Income": "-", "Interest Expense": "-", "Net Interest Income": "-14,400", "EBIT": "92,600", "EBITDA": "-", "Reconciled Cost of Revenue": "15,695,400", "Reconciled Depreciation": "60,900", "Net Income from Continuing Operation Net Minority Interest": "57,700", "Total Unusual Items Excluding Goodwill": "-800", "Total Unusual Items": "-800", "Normalized EBITDA": "154,300", "Tax Rate for Calcs": "0", "Tax Effect of Unusual Items": "-204"}, "12/31/2018": {"Duration": "12/31/2018", "Total Revenue": "16,395,300", "Cost of Revenue": "15,527,800", "Gross Profit": "867,500", "Operating Expense": "795,700", "Operating Income": "71,800", "Net Non Operating Interest Income Expense": "-13,700", "Other Income Expense": "1,800", "Pretax Income": "59,900", "Tax Provision": "14,400", "Net Income Common Stockholders": "45,500", "Diluted NI Available to Com Stockholders": "45,500", "Basic EPS": "0.99", "Diluted EPS": "0.99", "Basic Average Shares": "46,000", "Diluted Average Shares": "46,100", "Total Operating Income as Reported": "71,800", "Total Expenses": "16,323,500", "Net Income from Continuing & Discontinued Operation": "45,500", "Normalized Income": "44,132", "Interest Income": "-", "Interest Expense": "13,700", "Net Interest Income": "-13,700", "EBIT": "71,800", "EBITDA": "-", "Reconciled Cost of Revenue": "15,478,300", "Reconciled Depreciation": "59,500", "Net Income from Continuing Operation Net Minority Interest": "45,500", "Total Unusual Items Excluding Goodwill": "1,800", "Total Unusual Items": "1,800", "Normalized EBITDA": "129,500", "Tax Rate for Calcs": "0", "Tax Effect of Unusual Items": "432"}}, "bs": {"12/31/2020": {"Duration": "12/31/2020", "Total Assets": "1,954,700", "Total Liabilities Net Minority Interest": "1,322,800", "Total Equity Gross Minority Interest": "631,900", "Total Capitalization": "889,900", "Common Stock Equity": "631,900", "Capital Lease Obligations": "314,400", "Net Tangible Assets": "518,400", "Working Capital": "591,400", "Invested Capital": "921,000", "Tangible Book Value": "518,400", "Total Debt": "603,500", "Net Debt": "266,300", "Share Issued": "52,918", "Ordinary Shares Number": "44,922", "Treasury Shares Number": "7,997"}, "12/31/2019": {"Duration": "12/31/2019", "Total Assets": "1,898,400", "Total Liabilities Net Minority Interest": "1,306,500", "Total Equity Gross Minority Interest": "591,900", "Total Capitalization": "916,700", "Common Stock Equity": "591,900", "Capital Lease Obligations": "270,200", "Net Tangible Assets": "471,900", "Working Capital": "613,400", "Invested Capital": "940,600", "Tangible Book Value": "471,900", "Total Debt": "618,900", "Net Debt": "334,600", "Share Issued": "52,703", "Ordinary Shares Number": "45,114", "Treasury Shares Number": "7,589"}, "12/31/2018": {"Duration": "12/31/2018", "Total Assets": "1,666,100", "Total Liabilities Net Minority Interest": "1,099,100", "Total Equity Gross Minority Interest": "567,000", "Total Capitalization": "887,000", "Common Stock Equity": "567,000", "Capital Lease Obligations": "26,200", "Net Tangible Assets": "443,100", "Working Capital": "607,000", "Invested Capital": "936,400", "Tangible Book Value": "443,100", "Total Debt": "395,600", "Net Debt": "342,100", "Share Issued": "52,525", "Ordinary Shares Number": "45,704", "Treasury Shares Number": "6,821"}}, "cf": {"TTM": {"Duration": "TTM", "Operating Cash Flow": "147,800", "Investing Cash Flow": "-29,600", "Financing Cash Flow": "-107,900", "End Cash Position": "22,800", "Income Tax Paid Supplemental Data": "29,800", "Interest Paid Supplemental Data": "6,200", "Capital Expenditure": "-30,700", "Issuance of Debt": "1,817,100", "Repayment of Debt": "-1,897,000", "Repurchase of Capital Stock": "-10,400", "Free Cash Flow": "117,100"}, "12/31/2020": {"Duration": "12/31/2020", "Operating Cash Flow": "147,800", "Investing Cash Flow": "-29,600", "Financing Cash Flow": "-107,900", "End Cash Position": "22,800", "Income Tax Paid Supplemental Data": "29,800", "Interest Paid Supplemental Data": "6,200", "Capital Expenditure": "-30,700", "Issuance of Debt": "1,817,100", "Repayment of Debt": "-1,897,000", "Repurchase of Capital Stock": "-10,400", "Free Cash Flow": "117,100"}, "12/31/2019": {"Duration": "12/31/2019", "Operating Cash Flow": "89,700", "Investing Cash Flow": "-31,000", "Financing Cash Flow": "-71,200", "End Cash Position": "14,100", "Income Tax Paid Supplemental Data": "18,700", "Interest Paid Supplemental Data": "12,000", "Capital Expenditure": "-28,800", "Issuance of Debt": "1,692,600", "Repayment of Debt": "-1,693,400", "Repurchase of Capital Stock": "-22,000", "Free Cash Flow": "60,900"}, "12/31/2018": {"Duration": "12/31/2018", "Operating Cash Flow": "211,200", "Investing Cash Flow": "-24,400", "Financing Cash Flow": "-203,200", "End Cash Position": "27,300", "Income Tax Paid Supplemental Data": "-10,100", "Interest Paid Supplemental Data": "13,000", "Capital Expenditure": "-22,100", "Issuance of Debt": "1,769,900", "Repayment of Debt": "-1,941,100", "Repurchase of Capital Stock": "-15,500", "Free Cash Flow": "189,100"}}}}, {"CHEF": {"quote": {"03/26/2021": {"value": "30.25", "Market Cap": "1.128B", "Beta (5Y Monthly)": "2.47", "PE Ratio (TTM)": "N/A", "EPS (TTM)": "-2.46", "Earnings Date": "May 04, 2021 - May 10, 2021", "Forward Dividend & Yield": "N/A (N/A)", "Ex-Dividend Date": "N/A", "1y Target Est": "34.40"}}, "fin": {"TTM": {"Duration": "TTM", "Total Revenue": "1,111,631", "Cost of Revenue": "863,480", "Gross Profit": "248,151", "Operating Expense": "350,811", "Operating Income": "-102,660", "Net Non Operating Interest Income Expense": "-20,946", "Other Income Expense": "-109", "Pretax Income": "-123,606", "Tax Provision": "-40,703", "Net Income Common Stockholders": "-82,903", "Average Dilution Earnings": "0", "Diluted NI Available to Com Stockholders": "-82,903", "Basic EPS": "-", "Diluted EPS": "-", "Basic Average Shares": "-", "Diluted Average Shares": "-", "Total Operating Income as Reported": "-102,660", "Total Expenses": "1,214,291", "Net Income from Continuing & Discontinued Operation": "-82,903", "Normalized Income": "-82,903", "Interest Expense": "20,946", "Net Interest Income": "-20,946", "EBIT": "-102,660", "EBITDA": "-69,384", "Reconciled Cost of Revenue": "863,480", "Reconciled Depreciation": "33,276", "Net Income from Continuing Operation Net Minority Interest": "-82,903", "Total Unusual Items Excluding Goodwill": "-109", "Total Unusual Items": "-109", "Normalized EBITDA": "-69,384", "Tax Rate for Calcs": "0", "Tax Effect of Unusual Items": "0"}, "12/31/2020": {"Duration": "12/31/2020", "Total Revenue": "1,111,631", "Cost of Revenue": "863,480", "Gross Profit": "248,151", "Operating Expense": "350,811", "Operating Income": "-102,660", "Net Non Operating Interest Income Expense": "-20,946", "Other Income Expense": "-", "Pretax Income": "-123,606", "Tax Provision": "-40,703", "Net Income Common Stockholders": "-82,903", "Average Dilution Earnings": "0", "Diluted NI Available to Com Stockholders": "-82,903", "Basic EPS": "-", "Diluted EPS": "-", "Basic Average Shares": "-", "Diluted Average Shares": "-", "Total Operating Income as Reported": "-102,660", "Total Expenses": "1,214,291", "Net Income from Continuing & Discontinued Operation": "-82,903", "Normalized Income": "-82,903", "Interest Expense": "20,946", "Net Interest Income": "-20,946", "EBIT": "-102,660", "EBITDA": "-", "Reconciled Cost of Revenue": "863,480", "Reconciled Depreciation": "33,276", "Net Income from Continuing Operation Net Minority Interest": "-82,903", "Total Unusual Items Excluding Goodwill": "-", "Total Unusual Items": "-", "Normalized EBITDA": "-69,384", "Tax Rate for Calcs": "0", "Tax Effect of Unusual Items": "0"}, "12/31/2019": {"Duration": "12/31/2019", "Total Revenue": "1,591,834", "Cost of Revenue": "1,185,481", "Gross Profit": "406,353", "Operating Expense": "355,585", "Operating Income": "50,768", "Net Non Operating Interest Income Expense": "-18,264", "Other Income Expense": "-101", "Pretax Income": "32,403", "Tax Provision": "8,210", "Net Income Common Stockholders": "24,193", "Average Dilution Earnings": "207", "Diluted NI Available to Com Stockholders": "24,400", "Basic EPS": "0.82", "Diluted EPS": "0.81", "Basic Average Shares": "29,532", "Diluted Average Shares": "30,073", "Total Operating Income as Reported": "50,768", "Total Expenses": "1,541,066", "Net Income from Continuing & Discontinued Operation": "24,193", "Normalized Income": "24,268", "Interest Expense": "18,264", "Net Interest Income": "-18,264", "EBIT": "50,667", "EBITDA": "-", "Reconciled Cost of Revenue": "1,185,481", "Reconciled Depreciation": "25,991", "Net Income from Continuing Operation Net Minority Interest": "24,193", "Total Unusual Items Excluding Goodwill": "-101", "Total Unusual Items": "-101", "Normalized EBITDA": "76,759", "Tax Rate for Calcs": "0", "Tax Effect of Unusual Items": "-25.553"}, "12/31/2018": {"Duration": "12/31/2018", "Total Revenue": "1,444,609", "Cost of Revenue": "1,077,562", "Gross Profit": "367,047", "Operating Expense": "318,289", "Operating Income": "48,758", "Net Non Operating Interest Income Expense": "-20,745", "Other Income Expense": "-169", "Pretax Income": "27,844", "Tax Provision": "7,442", "Net Income Common Stockholders": "20,402", "Average Dilution Earnings": "362", "Diluted NI Available to Com Stockholders": "20,402", "Basic EPS": "0.71", "Diluted EPS": "0.70", "Basic Average Shares": "28,703", "Diluted Average Shares": "29,679", "Total Operating Income as Reported": "48,758", "Total Expenses": "1,395,851", "Net Income from Continuing & Discontinued Operation": "20,402", "Normalized Income": "20,526", "Interest Expense": "20,745", "Net Interest Income": "-20,745", "EBIT": "48,589", "EBITDA": "-", "Reconciled Cost of Revenue": "1,077,562", "Reconciled Depreciation": "22,206", "Net Income from Continuing Operation Net Minority Interest": "20,402", "Total Unusual Items Excluding Goodwill": "-169", "Total Unusual Items": "-169", "Normalized EBITDA": "70,964", "Tax Rate for Calcs": "0", "Tax Effect of Unusual Items": "-45.123"}}, "bs": {"12/31/2020": {"Duration": "12/31/2020", "Total Assets": "974,325", "Total Liabilities Net Minority Interest": "629,735", "Total Equity Gross Minority Interest": "344,590", "Total Capitalization": "742,674", "Common Stock Equity": "344,590", "Capital Lease Obligations": "126,300", "Net Tangible Assets": "18,009", "Working Capital": "287,560", "Invested Capital": "748,769", "Tangible Book Value": "18,009", "Total Debt": "530,479", "Net Debt": "210,898", "Share Issued": "37,275", "Ordinary Shares Number": "37,275"}, "12/31/2019": {"Duration": "12/31/2019", "Total Assets": "1,013,679", "Total Liabilities Net Minority Interest": "677,746", "Total Equity Gross Minority Interest": "335,933", "Total Capitalization": "722,039", "Common Stock Equity": "335,933", "Capital Lease Obligations": "138,025", "Net Tangible Assets": "-561", "Working Capital": "303,005", "Invested Capital": "722,760", "Tangible Book Value": "-561", "Total Debt": "524,852", "Net Debt": "246,594", "Share Issued": "30,342", "Ordinary Shares Number": "30,342"}, "12/31/2018": {"Duration": "12/31/2018", "Total Assets": "732,398", "Total Liabilities Net Minority Interest": "423,722", "Total Equity Gross Minority Interest": "308,676", "Total Capitalization": "586,845", "Common Stock Equity": "308,676", "Capital Lease Obligations": "-", "Net Tangible Assets": "-18,106", "Working Capital": "203,193", "Invested Capital": "586,906", "Tangible Book Value": "-18,106", "Total Debt": "278,230", "Net Debt": "235,820", "Share Issued": "29,968", "Ordinary Shares Number": "29,968"}}, "cf": {"TTM": {"Duration": "TTM", "Operating Cash Flow": "42,881", "Investing Cash Flow": "-67,968", "Financing Cash Flow": "78,056", "End Cash Position": "193,281", "Income Tax Paid Supplemental Data": "-", "Interest Paid Supplemental Data": "-", "Capital Expenditure": "-7,036", "Issuance of Capital Stock": "85,941", "Issuance of Debt": "100,000", "Repayment of Debt": "-100,432", "Free Cash Flow": "35,845"}, "12/31/2020": {"Duration": "12/31/2020", "Operating Cash Flow": "42,881", "Investing Cash Flow": "-67,968", "Financing Cash Flow": "78,056", "End Cash Position": "193,281", "Income Tax Paid Supplemental Data": "-", "Interest Paid Supplemental Data": "-", "Capital Expenditure": "-7,036", "Issuance of Capital Stock": "85,941", "Issuance of Debt": "100,000", "Repayment of Debt": "-100,432", "Free Cash Flow": "35,845"}, "12/31/2019": {"Duration": "12/31/2019", "Operating Cash Flow": "45,007", "Investing Cash Flow": "-44,154", "Financing Cash Flow": "96,947", "End Cash Position": "140,233", "Income Tax Paid Supplemental Data": "-", "Interest Paid Supplemental Data": "-", "Capital Expenditure": "-16,077", "Issuance of Capital Stock": "0", "Issuance of Debt": "150,000", "Repayment of Debt": "-46,078", "Free Cash Flow": "28,930"}, "12/31/2018": {"Duration": "12/31/2018", "Operating Cash Flow": "45,082", "Investing Cash Flow": "-33,688", "Financing Cash Flow": "-10,442", "End Cash Position": "42,410", "Income Tax Paid Supplemental Data": "4,825", "Interest Paid Supplemental Data": "16,955", "Capital Expenditure": "-19,817", "Issuance of Capital Stock": "0", "Issuance of Debt": "47,100", "Repayment of Debt": "-52,276", "Free Cash Flow": "25,265"}}}}, {"UNFI": {"quote": {"03/26/2021": {"value": "33.99", "Market Cap": "1.914B", "Beta (5Y Monthly)": "1.32", "PE Ratio (TTM)": "9.71", "EPS (TTM)": "3.50", "Earnings Date": "Jun 08, 2021 - Jun 14, 2021", "Forward Dividend & Yield": "N/A (N/A)", "Ex-Dividend Date": "N/A", "1y Target Est": "32.33"}}, "fin": {"TTM": {"Duration": "TTM", "Total Revenue": "27,347,013", "Cost of Revenue": "23,339,899", "Gross Profit": "4,007,114", "Operating Expense": "3,562,909", "Operating Income": "444,205", "Net Non Operating Interest Income Expense": "-213,139", "Other Income Expense": "-23,148", "Pretax Income": "207,918", "Tax Provision": "4,719", "Net Income Common Stockholders": "198,414", "Diluted NI Available to Com Stockholders": "198,414", "Basic EPS": "-", "Diluted EPS": "-", "Basic Average Shares": "-", "Diluted Average Shares": "-", "Total Operating Income as Reported": "357,938", "Total Expenses": "26,902,808", "Net Income from Continuing & Discontinued Operation": "198,414", "Normalized Income": "280,776", "Interest Income": "2,957", "Interest Expense": "171,942", "Net Interest Income": "-213,139", "EBIT": "379,860", "EBITDA": "660,758", "Reconciled Cost of Revenue": "23,339,899", "Reconciled Depreciation": "280,898", "Net Income from Continuing Operation Net Minority Interest": "196,467", "Total Unusual Items Excluding Goodwill": "-86,267", "Total Unusual Items": "-86,267", "Normalized EBITDA": "747,025", "Tax Rate for Calcs": "0", "Tax Effect of Unusual Items": "-1,958"}, "7/31/2020": {"Duration": "7/31/2020", "Total Revenue": "26,514,267", "Cost of Revenue": "22,639,475", "Gross Profit": "3,874,792", "Operating Expense": "3,541,487", "Operating Income": "333,305", "Net Non Operating Interest Income Expense": "-191,607", "Other Income Expense": "-486,152", "Pretax Income": "-344,454", "Tax Provision": "-90,445", "Net Income Common Stockholders": "-274,140", "Diluted NI Available to Com Stockholders": "-274,140", "Basic EPS": "-5.10", "Diluted EPS": "-5.10", "Basic Average Shares": "53,778", "Diluted Average Shares": "53,778", "Total Operating Income as Reported": "-195,615", "Total Expenses": "26,180,962", "Net Income from Continuing & Discontinued Operation": "-274,140", "Normalized Income": "130,876", "Interest Income": "2,196", "Interest Expense": "178,346", "Net Interest Income": "-191,607", "EBIT": "-166,108", "EBITDA": "-", "Reconciled Cost of Revenue": "22,639,475", "Reconciled Depreciation": "281,535", "Net Income from Continuing Operation Net Minority Interest": "-258,938", "Total Unusual Items Excluding Goodwill": "-528,920", "Total Unusual Items": "-528,920", "Normalized EBITDA": "644,347", "Tax Rate for Calcs": "0", "Tax Effect of Unusual Items": "-139,106"}, "7/31/2019": {"Duration": "7/31/2019", "Total Revenue": "21,387,068", "Cost of Revenue": "18,602,058", "Gross Profit": "2,785,010", "Operating Expense": "2,629,713", "Operating Income": "155,297", "Net Non Operating Interest Income Expense": "-179,963", "Other Income Expense": "-410,626", "Pretax Income": "-435,292", "Tax Provision": "-84,609", "Net Income Common Stockholders": "-284,990", "Diluted NI Available to Com Stockholders": "-284,990", "Basic EPS": "-5.56", "Diluted EPS": "-5.56", "Basic Average Shares": "51,245", "Diluted Average Shares": "51,537", "Total Operating Income as Reported": "-291,012", "Total Expenses": "21,231,771", "Net Income from Continuing & Discontinued Operation": "-284,990", "Normalized Income": "8,757", "Interest Income": "774", "Interest Expense": "163,194", "Net Interest Income": "-179,963", "EBIT": "-272,098", "EBITDA": "-", "Reconciled Cost of Revenue": "18,602,058", "Reconciled Depreciation": "246,825", "Net Income from Continuing Operation Net Minority Interest": "-350,790", "Total Unusual Items Excluding Goodwill": "-446,309", "Total Unusual Items": "-446,309", "Normalized EBITDA": "421,036", "Tax Rate for Calcs": "0", "Tax Effect of Unusual Items": "-86,762"}, "7/31/2018": {"Duration": "7/31/2018", "Total Revenue": "10,226,683", "Cost of Revenue": "8,703,916", "Gross Profit": "1,522,767", "Operating Expense": "1,279,529", "Operating Income": "243,238", "Net Non Operating Interest Income Expense": "-16,025", "Other Income Expense": "-14,468", "Pretax Income": "212,745", "Tax Provision": "47,075", "Net Income Common Stockholders": "165,670", "Diluted NI Available to Com Stockholders": "165,670", "Basic EPS": "3.28", "Diluted EPS": "3.26", "Basic Average Shares": "50,530", "Diluted Average Shares": "50,837", "Total Operating Income as Reported": "227,225", "Total Expenses": "9,983,445", "Net Income from Continuing & Discontinued Operation": "165,670", "Normalized Income": "178,144", "Interest Income": "446", "Interest Expense": "16,471", "Net Interest Income": "-16,025", "EBIT": "229,216", "EBITDA": "-", "Reconciled Cost of Revenue": "8,703,916", "Reconciled Depreciation": "87,631", "Net Income from Continuing Operation Net Minority Interest": "165,670", "Total Unusual Items Excluding Goodwill": "-16,013", "Total Unusual Items": "-16,013", "Normalized EBITDA": "332,860", "Tax Rate for Calcs": "0", "Tax Effect of Unusual Items": "-3,539"}}, "bs": {"7/31/2020": {"Duration": "7/31/2020", "Total Assets": "7,586,972", "Total Liabilities Net Minority Interest": "6,444,714", "Total Equity Gross Minority Interest": "1,142,258", "Total Capitalization": "3,571,739", "Common Stock Equity": "1,144,745", "Capital Lease Obligations": "1,148,315", "Net Tangible Assets": "155,538", "Working Capital": "1,334,843", "Invested Capital": "3,655,117", "Tangible Book Value": "155,538", "Total Debt": "3,658,687", "Net Debt": "2,463,379", "Share Issued": "55,306", "Ordinary Shares Number": "54,691", "Treasury Shares Number": "615"}, "7/31/2019": {"Duration": "7/31/2019", "Total Assets": "7,180,965", "Total Liabilities Net Minority Interest": "5,670,031", "Total Equity Gross Minority Interest": "1,510,934", "Total Capitalization": "4,332,721", "Common Stock Equity": "1,513,671", "Capital Lease Obligations": "108,208", "Net Tangible Assets": "30,357", "Working Capital": "1,458,974", "Invested Capital": "4,444,824", "Tangible Book Value": "30,357", "Total Debt": "3,039,361", "Net Debt": "2,888,803", "Share Issued": "53,501", "Ordinary Shares Number": "52,886", "Treasury Shares Number": "615"}, "7/31/2018": {"Duration": "7/31/2018", "Total Assets": "2,964,472", "Total Liabilities Net Minority Interest": "1,118,517", "Total Equity Gross Minority Interest": "1,845,955", "Total Capitalization": "2,193,664", "Common Stock Equity": "1,845,955", "Capital Lease Obligations": "-", "Net Tangible Assets": "1,290,251", "Working Capital": "1,089,690", "Invested Capital": "2,206,105", "Tangible Book Value": "1,290,251", "Total Debt": "360,150", "Net Debt": "336,835", "Share Issued": "51,025", "Ordinary Shares Number": "50,411", "Treasury Shares Number": "614"}}, "cf": {"TTM": {"Duration": "TTM", "Operating Cash Flow": "624,453", "Investing Cash Flow": "5,981", "Financing Cash Flow": "-632,212", "End Cash Position": "40,550", "Income Tax Paid Supplemental Data": "-", "Interest Paid Supplemental Data": "162,539", "Capital Expenditure": "-172,956", "Issuance of Capital Stock": "12,456", "Issuance of Debt": "5,180,718", "Repayment of Debt": "-5,799,150", "Repurchase of Capital Stock": "-", "Free Cash Flow": "451,497"}, "7/31/2020": {"Duration": "7/31/2020", "Operating Cash Flow": "456,536", "Investing Cash Flow": "-1,466", "Financing Cash Flow": "-453,071", "End Cash Position": "47,112", "Income Tax Paid Supplemental Data": "-", "Interest Paid Supplemental Data": "181,815", "Capital Expenditure": "-172,568", "Issuance of Capital Stock": "14,276", "Issuance of Debt": "4,286,518", "Repayment of Debt": "-4,748,200", "Repurchase of Capital Stock": "0", "Free Cash Flow": "283,968"}, "7/31/2019": {"Duration": "7/31/2019", "Operating Cash Flow": "284,530", "Investing Cash Flow": "-2,258,787", "Financing Cash Flow": "1,996,352", "End Cash Position": "45,267", "Income Tax Paid Supplemental Data": "77,676", "Interest Paid Supplemental Data": "183,042", "Capital Expenditure": "-207,817", "Issuance of Capital Stock": "23,975", "Issuance of Debt": "5,920,504", "Repayment of Debt": "-3,881,588", "Repurchase of Capital Stock": "0", "Free Cash Flow": "76,713"}, "7/31/2018": {"Duration": "7/31/2018", "Operating Cash Flow": "109,472", "Investing Cash Flow": "-47,005", "Financing Cash Flow": "-53,991", "End Cash Position": "23,315", "Income Tax Paid Supplemental Data": "64,042", "Interest Paid Supplemental Data": "16,471", "Capital Expenditure": "-44,608", "Issuance of Capital Stock": "-", "Issuance of Debt": "556,061", "Repayment of Debt": "-581,799", "Repurchase of Capital Stock": "-24,231", "Free Cash Flow": "64,864"}}}}, {"IVFH": {"quote": {"03/26/2021": {"value": "0.4480", "Market Cap": "15.702M", "Beta (5Y Monthly)": "0.22", "PE Ratio (TTM)": "N/A", "EPS (TTM)": "-0.1830", "Earnings Date": "Nov 17, 2020", "Forward Dividend & Yield": "N/A (N/A)", "Ex-Dividend Date": "N/A", "1y Target Est": "N/A"}}, "fin": {"TTM": {"Duration": "TTM", "Total Revenue": "54,191", "Cost of Revenue": "39,884", "Gross Profit": "14,306", "Operating Expense": "18,878", "Operating Income": "-4,572", "Net Non Operating Interest Income Expense": "-254.726", "Other Income Expense": "-1,531", "Pretax Income": "-6,357", "Tax Provision": "0", "Net Income Common Stockholders": "-6,357", "Diluted NI Available to Com Stockholders": "-6,357", "Basic EPS": "-", "Diluted EPS": "-", "Basic Average Shares": "-", "Diluted Average Shares": "-", "Total Operating Income as Reported": "-6,271", "Total Expenses": "58,762", "Net Income from Continuing & Discontinued Operation": "-6,357", "Normalized Income": "-4,658", "Interest Expense": "254.962", "Net Interest Income": "-254.726", "EBIT": "-6,102", "EBITDA": "-5,037", "Reconciled Cost of Revenue": "39,884", "Reconciled Depreciation": "1,065", "Net Income from Continuing Operation Net Minority Interest": "-6,357", "Total Unusual Items Excluding Goodwill": "-1,699", "Total Unusual Items": "-1,699", "Normalized EBITDA": "-3,338", "Tax Rate for Calcs": "0", "Tax Effect of Unusual Items": "0"}, "12/31/2019": {"Duration": "12/31/2019", "Total Revenue": "57,903", "Cost of Revenue": "41,255", "Gross Profit": "16,648", "Operating Expense": "16,464", "Operating Income": "183.762", "Net Non Operating Interest Income Expense": "-108.915", "Other Income Expense": "147.92", "Pretax Income": "222.767", "Tax Provision": "0", "Net Income Common Stockholders": "222.767", "Diluted NI Available to Com Stockholders": "222.767", "Basic EPS": "0.01", "Diluted EPS": "0.01", "Basic Average Shares": "34,116", "Diluted Average Shares": "34,116", "Total Operating Income as Reported": "183.762", "Total Expenses": "57,719", "Net Income from Continuing & Discontinued Operation": "222.767", "Normalized Income": "210.272", "Interest Expense": "108.915", "Net Interest Income": "-108.915", "EBIT": "331.682", "EBITDA": "-", "Reconciled Cost of Revenue": "41,255", "Reconciled Depreciation": "1,421", "Net Income from Continuing Operation Net Minority Interest": "222.767", "Total Unusual Items Excluding Goodwill": "12.495", "Total Unusual Items": "12.495", "Normalized EBITDA": "1,741", "Tax Rate for Calcs": "0", "Tax Effect of Unusual Items": "0"}, "12/31/2018": {"Duration": "12/31/2018", "Total Revenue": "52,926", "Cost of Revenue": "36,842", "Gross Profit": "16,084", "Operating Expense": "14,129", "Operating Income": "1,955", "Net Non Operating Interest Income Expense": "-115.435", "Other Income Expense": "11", "Pretax Income": "1,851", "Tax Provision": "155", "Net Income Common Stockholders": "1,696", "Diluted NI Available to Com Stockholders": "1,696", "Basic EPS": "0.05", "Diluted EPS": "0.05", "Basic Average Shares": "33,984", "Diluted Average Shares": "33,984", "Total Operating Income as Reported": "1,955", "Total Expenses": "50,970", "Net Income from Continuing & Discontinued Operation": "1,696", "Normalized Income": "1,696", "Interest Expense": "115.435", "Net Interest Income": "-115.435", "EBIT": "1,966", "EBITDA": "-", "Reconciled Cost of Revenue": "36,842", "Reconciled Depreciation": "1,082", "Net Income from Continuing Operation Net Minority Interest": "1,696", "Total Unusual Items Excluding Goodwill": "-", "Total Unusual Items": "-", "Normalized EBITDA": "3,049", "Tax Rate for Calcs": "0", "Tax Effect of Unusual Items": "0"}}, "bs": {"12/31/2019": {"Duration": "12/31/2019", "Total Assets": "20,875", "Total Liabilities Net Minority Interest": "9,858", "Total Equity Gross Minority Interest": "11,017", "Total Capitalization": "14,898", "Common Stock Equity": "11,017", "Capital Lease Obligations": "378.47", "Net Tangible Assets": "7,492", "Working Capital": "4,296", "Invested Capital": "15,626", "Tangible Book Value": "7,492", "Total Debt": "4,987", "Net Debt": "642.753", "Share Issued": "36,996", "Ordinary Shares Number": "34,373", "Treasury Shares Number": "2,623"}, "12/31/2018": {"Duration": "12/31/2018", "Total Assets": "17,383", "Total Liabilities Net Minority Interest": "7,221", "Total Equity Gross Minority Interest": "10,162", "Total Capitalization": "11,358", "Common Stock Equity": "10,162", "Capital Lease Obligations": "-", "Net Tangible Assets": "5,820", "Working Capital": "4,578", "Invested Capital": "12,287", "Tangible Book Value": "5,820", "Total Debt": "2,125", "Net Debt": "-", "Share Issued": "36,082", "Ordinary Shares Number": "33,709", "Treasury Shares Number": "2,373"}}, "cf": {"TTM": {"Duration": "TTM", "Operating Cash Flow": "-1,131", "Investing Cash Flow": "-1,123", "Financing Cash Flow": "3,145", "End Cash Position": "3,718", "Income Tax Paid Supplemental Data": "0", "Interest Paid Supplemental Data": "239.871", "Capital Expenditure": "-1,098", "Issuance of Capital Stock": "0", "Issuance of Debt": "3,650", "Repayment of Debt": "-253.178", "Repurchase of Capital Stock": "-", "Free Cash Flow": "-2,229"}, "12/31/2019": {"Duration": "12/31/2019", "Operating Cash Flow": "1,595", "Investing Cash Flow": "-1,181", "Financing Cash Flow": "-1,207", "End Cash Position": "3,966", "Income Tax Paid Supplemental Data": "0", "Interest Paid Supplemental Data": "112.291", "Capital Expenditure": "-1,134", "Issuance of Capital Stock": "250", "Issuance of Debt": "0", "Repayment of Debt": "-908.613", "Repurchase of Capital Stock": "-125", "Free Cash Flow": "461.043"}, "12/31/2018": {"Duration": "12/31/2018", "Operating Cash Flow": "2,561", "Investing Cash Flow": "-3,322", "Financing Cash Flow": "387.505", "End Cash Position": "4,760", "Income Tax Paid Supplemental Data": "155", "Interest Paid Supplemental Data": "122.232", "Capital Expenditure": "-480.582", "Issuance of Capital Stock": "-", "Issuance of Debt": "1,892", "Repayment of Debt": "-1,159", "Repurchase of Capital Stock": "-24.057", "Free Cash Flow": "2,080"}}}}, {"CCGN": {"quote": {"03/26/2021": {"value": "2.4600", "Market Cap": "66.934M", "Beta (5Y Monthly)": "-0.20", "PE Ratio (TTM)": "N/A", "EPS (TTM)": "-0.0800", "Earnings Date": "N/A", "Forward Dividend & Yield": "N/A (N/A)", "Ex-Dividend Date": "N/A", "1y Target Est": "N/A"}}, "fin": {"TTM": {"Duration": "TTM", "Total Revenue": "263.528", "Cost of Revenue": "1.657", "Gross Profit": "261.871", "Operating Expense": "1,438", "Operating Income": "-1,176", "Net Non Operating Interest Income Expense": "-2,402", "Other Income Expense": "-8.893", "Pretax Income": "-3,587", "Tax Provision": "5.183", "Net Income Common Stockholders": "-2,173", "Diluted NI Available to Com Stockholders": "-2,173", "Basic EPS": "-", "Diluted EPS": "-", "Basic Average Shares": "-", "Diluted Average Shares": "-", "Total Operating Income as Reported": "-1,258", "Total Expenses": "1,440", "Interest Income": "1.862", "Interest Expense": "2,404", "Net Interest Income": "-2,402", "Net Income from Continuing & Discontinued Operation": "-2,173", "Normalized Income": "-2,173", "EBIT": "-1,183", "EBITDA": "-1,159", "Reconciled Cost of Revenue": "1.657", "Reconciled Depreciation": "24.419", "Net Income from Continuing Operation Net Minority Interest": "-2,173", "Total Unusual Items Excluding Goodwill": "-", "Total Unusual Items": "-", "Normalized EBITDA": "-1,159", "Tax Rate for Calcs": "0", "Tax Effect of Unusual Items": "0"}, "12/31/2018": {"Duration": "12/31/2018", "Total Revenue": "1,903", "Cost of Revenue": "297.737", "Gross Profit": "1,606", "Operating Expense": "1,543", "Operating Income": "62.945", "Net Non Operating Interest Income Expense": "-3,615", "Other Income Expense": "-10.919", "Pretax Income": "-3,563", "Tax Provision": "0", "Net Income Common Stockholders": "-1,983", "Diluted NI Available to Com Stockholders": "-1,983", "Basic EPS": "-0.07", "Diluted EPS": "-0.07", "Basic Average Shares": "28,606", "Diluted Average Shares": "28,606", "Total Operating Income as Reported": "66.428", "Total Expenses": "1,840", "Interest Income": "26.008", "Interest Expense": "3,641", "Net Interest Income": "-3,615", "Net Income from Continuing & Discontinued Operation": "-1,983", "Normalized Income": "-1,973", "EBIT": "78.034", "EBITDA": "-", "Reconciled Cost of Revenue": "297.737", "Reconciled Depreciation": "23.183", "Net Income from Continuing Operation Net Minority Interest": "-1,983", "Total Unusual Items Excluding Goodwill": "-10.7", "Total Unusual Items": "-10.7", "Normalized EBITDA": "111.917", "Tax Rate for Calcs": "0", "Tax Effect of Unusual Items": "0"}}, "bs": {"12/31/2018": {"Duration": "12/31/2018", "Total Assets": "1,451", "Total Liabilities Net Minority Interest": "8,652", "Total Equity Gross Minority Interest": "-7,202", "Total Capitalization": "-3,140", "Common Stock Equity": "-4,362", "Net Tangible Assets": "-4,362", "Working Capital": "-6,055", "Invested Capital": "1,724", "Tangible Book Value": "-4,362", "Total Debt": "6,086", "Net Debt": "5,584", "Share Issued": "27,209", "Ordinary Shares Number": "27,209"}}, "cf": {"TTM": {"Duration": "TTM", "Operating Cash Flow": "-3,326", "Investing Cash Flow": "8,172", "Financing Cash Flow": "-5,945", "End Cash Position": "870.336", "Income Tax Paid Supplemental Data": "0", "Interest Paid Supplemental Data": "-65.705", "Capital Expenditure": "-", "Issuance of Capital Stock": "2,670", "Issuance of Debt": "1,264", "Repayment of Debt": "-9,879", "Repurchase of Capital Stock": "-", "Free Cash Flow": "-3,344"}, "12/31/2018": {"Duration": "12/31/2018", "Operating Cash Flow": "-2,154", "Investing Cash Flow": "89.708", "Financing Cash Flow": "2,300", "End Cash Position": "501.35", "Income Tax Paid Supplemental Data": "0", "Interest Paid Supplemental Data": "1,662", "Capital Expenditure": "-16.303", "Issuance of Capital Stock": "0", "Issuance of Debt": "15,915", "Repayment of Debt": "-13,615", "Repurchase of Capital Stock": "-0.5", "Free Cash Flow": "-2,170"}}}}, {"BKCT": {"fin": {}, "bs": {}, "cf": {}}}]