[{"PRKA": {"quote": {"05/11/2021": {"value": "0.4200", "Market Cap": "31.552M", "Beta (5Y Monthly)": "1.12", "PE Ratio (TTM)": "10.24", "EPS (TTM)": "0.0410", "Earnings Date": "Feb 09, 2021", "Forward Dividend & Yield": "N/A (N/A)", "Ex-Dividend Date": "N/A", "1y Target Est": "N/A"}}, "fin": {"TTM": {"Duration": "TTM", "Total Revenue": "10,739", "Cost of Revenue": "1,095", "Gross Profit": "9,644", "Operating Expense": "5,290", "Operating Income": "4,354", "Net Non Operating Interest Income Expense": "-256.618", "Other Income Expense": "24.967", "Pretax Income": "4,122", "Tax Provision": "1,038", "Net Income Common Stockholders": "3,085", "Diluted NI Available to Com Stockholders": "3,085", "Basic EPS": "-", "Diluted EPS": "-", "Basic Average Shares": "-", "Diluted Average Shares": "-", "Total Operating Income as Reported": "4,345", "Total Expenses": "6,385", "Net Income from Continuing & Discontinued Operation": "3,085", "Normalized Income": "3,092", "Interest Expense": "256.618", "Net Interest Income": "-256.618", "EBIT": "4,379", "EBITDA": "5,005", "Reconciled Cost of Revenue": "1,095", "Reconciled Depreciation": "625.839", "Net Income from Continuing Operation Net Minority Interest": "3,085", "Total Unusual Items Excluding Goodwill": "-9.423", "Total Unusual Items": "-9.423", "Normalized EBITDA": "5,014", "Tax Rate for Calcs": "0", "Tax Effect of Unusual Items": "-2.3722"}, "9/30/2020": {"Duration": "9/30/2020", "Total Revenue": "9,507", "Cost of Revenue": "962.047", "Gross Profit": "8,545", "Operating Expense": "4,691", "Operating Income": "3,854", "Net Non Operating Interest Income Expense": "-182.926", "Other Income Expense": "23.04", "Pretax Income": "3,694", "Tax Provision": "926.4", "Net Income Common Stockholders": "2,767", "Diluted NI Available to Com Stockholders": "2,767", "Basic EPS": "0.04", "Diluted EPS": "0.04", "Basic Average Shares": "74,964", "Diluted Average Shares": "74,964", "Total Operating Income as Reported": "3,849", "Total Expenses": "5,654", "Net Income from Continuing & Discontinued Operation": "2,767", "Normalized Income": "2,771", "Interest Expense": "182.926", "Net Interest Income": "-182.926", "EBIT": "3,877", "EBITDA": "-", "Reconciled Cost of Revenue": "962.047", "Reconciled Depreciation": "576.139", "Net Income from Continuing Operation Net Minority Interest": "2,767", "Total Unusual Items Excluding Goodwill": "-4.748", "Total Unusual Items": "-4.748", "Normalized EBITDA": "4,458", "Tax Rate for Calcs": "0", "Tax Effect of Unusual Items": "-1.1917"}, "9/30/2019": {"Duration": "9/30/2019", "Total Revenue": "6,184", "Cost of Revenue": "673.667", "Gross Profit": "5,511", "Operating Expense": "3,853", "Operating Income": "1,657", "Net Non Operating Interest Income Expense": "-76.003", "Other Income Expense": "-86.033", "Pretax Income": "1,495", "Tax Provision": "398.9", "Net Income Common Stockholders": "1,097", "Diluted NI Available to Com Stockholders": "1,097", "Basic EPS": "0.01", "Diluted EPS": "0.01", "Basic Average Shares": "74,791", "Diluted Average Shares": "74,791", "Total Operating Income as Reported": "1,544", "Total Expenses": "4,527", "Net Income from Continuing & Discontinued Operation": "1,097", "Normalized Income": "1,179", "Interest Expense": "76.003", "Net Interest Income": "-76.003", "EBIT": "1,571", "EBITDA": "-", "Reconciled Cost of Revenue": "673.667", "Reconciled Depreciation": "453.968", "Net Income from Continuing Operation Net Minority Interest": "1,097", "Total Unusual Items Excluding Goodwill": "-113.137", "Total Unusual Items": "-113.137", "Normalized EBITDA": "2,139", "Tax Rate for Calcs": "0", "Tax Effect of Unusual Items": "-30.1787"}, "9/30/2018": {"Duration": "9/30/2018", "Total Revenue": "6,047", "Cost of Revenue": "672.777", "Gross Profit": "5,374", "Operating Expense": "3,631", "Operating Income": "1,743", "Net Non Operating Interest Income Expense": "-177.828", "Other Income Expense": "-142.58", "Pretax Income": "1,423", "Tax Provision": "411.4", "Net Income Common Stockholders": "1,011", "Diluted NI Available to Com Stockholders": "1,011", "Basic EPS": "0.01", "Diluted EPS": "0.01", "Basic Average Shares": "74,707", "Diluted Average Shares": "74,707", "Total Operating Income as Reported": "1,711", "Total Expenses": "4,304", "Net Income from Continuing & Discontinued Operation": "1,011", "Normalized Income": "1,127", "Interest Expense": "177.828", "Net Interest Income": "-177.828", "EBIT": "1,600", "EBITDA": "-", "Reconciled Cost of Revenue": "672.777", "Reconciled Depreciation": "425.647", "Net Income from Continuing Operation Net Minority Interest": "1,011", "Total Unusual Items Excluding Goodwill": "-162.784", "Total Unusual Items": "-162.784", "Normalized EBITDA": "2,189", "Tax Rate for Calcs": "0", "Tax Effect of Unusual Items": "-47.0756"}}, "bs": {"9/30/2020": {"Duration": "9/30/2020", "Total Assets": "19,522", "Total Liabilities Net Minority Interest": "7,796", "Total Equity Gross Minority Interest": "11,726", "Total Capitalization": "17,523", "Common Stock Equity": "11,726", "Net Tangible Assets": "11,726", "Working Capital": "3,856", "Invested Capital": "18,744", "Tangible Book Value": "11,726", "Total Debt": "7,018", "Net Debt": "1,513", "Share Issued": "75,022", "Ordinary Shares Number": "75,022"}, "9/30/2019": {"Duration": "9/30/2019", "Total Assets": "10,763", "Total Liabilities Net Minority Interest": "1,839", "Total Equity Gross Minority Interest": "8,925", "Total Capitalization": "10,079", "Common Stock Equity": "8,925", "Net Tangible Assets": "8,924", "Working Capital": "3,446", "Invested Capital": "10,283", "Tangible Book Value": "8,924", "Total Debt": "1,358", "Net Debt": "-", "Share Issued": "74,822", "Ordinary Shares Number": "74,822"}, "9/30/2018": {"Duration": "9/30/2018", "Total Assets": "9,674", "Total Liabilities Net Minority Interest": "1,865", "Total Equity Gross Minority Interest": "7,810", "Total Capitalization": "9,168", "Common Stock Equity": "7,810", "Net Tangible Assets": "7,808", "Working Capital": "2,539", "Invested Capital": "9,363", "Tangible Book Value": "7,808", "Total Debt": "1,553", "Net Debt": "-", "Share Issued": "74,722", "Ordinary Shares Number": "74,722"}}, "cf": {"TTM": {"Duration": "TTM", "Operating Cash Flow": "4,121", "Investing Cash Flow": "-6,969", "Financing Cash Flow": "4,916", "End Cash Position": "5,616", "Income Tax Paid Supplemental Data": "844", "Interest Paid Supplemental Data": "233.107", "Capital Expenditure": "-628.459", "Issuance of Debt": "-", "Repayment of Debt": "-209.759", "Free Cash Flow": "3,492"}, "9/30/2020": {"Duration": "9/30/2020", "Operating Cash Flow": "3,680", "Investing Cash Flow": "-6,881", "Financing Cash Flow": "4,919", "End Cash Position": "5,506", "Income Tax Paid Supplemental Data": "844", "Interest Paid Supplemental Data": "150.484", "Capital Expenditure": "-525.409", "Issuance of Debt": "5,188", "Repayment of Debt": "-207.135", "Free Cash Flow": "3,155"}, "9/30/2019": {"Duration": "9/30/2019", "Operating Cash Flow": "1,858", "Investing Cash Flow": "-547.506", "Financing Cash Flow": "-197.097", "End Cash Position": "3,788", "Income Tax Paid Supplemental Data": "422.9", "Interest Paid Supplemental Data": "74.518", "Capital Expenditure": "-554.039", "Issuance of Debt": "0", "Repayment of Debt": "-197.097", "Free Cash Flow": "1,304"}, "9/30/2018": {"Duration": "9/30/2018", "Operating Cash Flow": "1,767", "Investing Cash Flow": "-609.935", "Financing Cash Flow": "-1,687", "End Cash Position": "2,674", "Income Tax Paid Supplemental Data": "336.743", "Interest Paid Supplemental Data": "168.032", "Capital Expenditure": "-612.273", "Issuance of Debt": "1,600", "Repayment of Debt": "-3,271", "Free Cash Flow": "1,155"}}}}, {"SIX": {"quote": {"05/11/2021": {"value": "43.68", "Market Cap": "3.73B", "Beta (5Y Monthly)": "2.52", "PE Ratio (TTM)": "N/A", "EPS (TTM)": "-5.12", "Earnings Date": "Jul 27, 2021 - Aug 02, 2021", "Forward Dividend & Yield": "N/A (N/A)", "Ex-Dividend Date": "Mar 03, 2020", "1y Target Est": "52.09"}}, "fin": {"TTM": {"Duration": "TTM", "Total Revenue": "336,096", "Cost of Revenue": "33,574", "Gross Profit": "302,522", "Operating Expense": "636,241", "Operating Income": "-333,719", "Net Non Operating Interest Income Expense": "-165,986", "Other Income Expense": "-44,468", "Pretax Income": "-544,173", "Tax Provision": "-150,788", "Net Income Common Stockholders": "-434,673", "Diluted NI Available to Com Stockholders": "-434,673", "Basic EPS": "-", "Diluted EPS": "-", "Basic Average Shares": "-", "Diluted Average Shares": "-", "Total Expenses": "669,815", "Net Income from Continuing & Discontinued Operation": "-434,673", "Normalized Income": "-424,975", "Interest Income": "399", "Interest Expense": "166,385", "Net Interest Income": "-165,986", "EBIT": "-377,788", "EBITDA": "-259,446", "Reconciled Cost of Revenue": "33,574", "Reconciled Depreciation": "118,342", "Net Income from Continuing Operation Net Minority Interest": "-434,673", "Total Unusual Items Excluding Goodwill": "-13,416", "Total Unusual Items": "-13,416", "Normalized EBITDA": "-246,030", "Tax Rate for Calcs": "0", "Tax Effect of Unusual Items": "-3,718"}, "12/31/2020": {"Duration": "12/31/2020", "Total Revenue": "356,575", "Cost of Revenue": "34,119", "Gross Profit": "322,456", "Operating Expense": "652,004", "Operating Income": "-329,548", "Net Non Operating Interest Income Expense": "-154,723", "Other Income Expense": "-38,788", "Pretax Income": "-523,059", "Tax Provision": "-140,967", "Net Income Common Stockholders": "-423,380", "Diluted NI Available to Com Stockholders": "-423,380", "Basic EPS": "-4.99", "Diluted EPS": "-4.99", "Basic Average Shares": "84,800", "Diluted Average Shares": "84,800", "Total Expenses": "686,123", "Net Income from Continuing & Discontinued Operation": "-423,380", "Normalized Income": "-413,303", "Interest Income": "688", "Interest Expense": "155,411", "Net Interest Income": "-154,723", "EBIT": "-367,648", "EBITDA": "-", "Reconciled Cost of Revenue": "34,119", "Reconciled Depreciation": "120,173", "Net Income from Continuing Operation Net Minority Interest": "-423,380", "Total Unusual Items Excluding Goodwill": "-13,795", "Total Unusual Items": "-13,795", "Normalized EBITDA": "-233,680", "Tax Rate for Calcs": "0", "Tax Effect of Unusual Items": "-3,718"}, "12/31/2019": {"Duration": "12/31/2019", "Total Revenue": "1,487,583", "Cost of Revenue": "130,304", "Gross Profit": "1,357,279", "Operating Expense": "921,029", "Operating Income": "436,250", "Net Non Operating Interest Income Expense": "-113,302", "Other Income Expense": "-11,188", "Pretax Income": "311,760", "Tax Provision": "91,942", "Net Income Common Stockholders": "179,065", "Diluted NI Available to Com Stockholders": "179,065", "Basic EPS": "2.12", "Diluted EPS": "2.11", "Basic Average Shares": "84,348", "Diluted Average Shares": "84,968", "Total Expenses": "1,051,333", "Net Income from Continuing & Discontinued Operation": "179,065", "Normalized Income": "185,161", "Interest Income": "1,401", "Interest Expense": "114,703", "Net Interest Income": "-113,302", "EBIT": "426,463", "EBITDA": "-", "Reconciled Cost of Revenue": "130,304", "Reconciled Depreciation": "118,230", "Net Income from Continuing Operation Net Minority Interest": "179,065", "Total Unusual Items Excluding Goodwill": "-8,646", "Total Unusual Items": "-8,646", "Normalized EBITDA": "553,339", "Tax Rate for Calcs": "0", "Tax Effect of Unusual Items": "-2,550"}, "12/31/2018": {"Duration": "12/31/2018", "Total Revenue": "1,463,707", "Cost of Revenue": "121,803", "Gross Profit": "1,341,904", "Operating Expense": "817,416", "Operating Income": "524,488", "Net Non Operating Interest Income Expense": "-107,243", "Other Income Expense": "-5,387", "Pretax Income": "411,858", "Tax Provision": "95,855", "Net Income Common Stockholders": "275,996", "Diluted NI Available to Com Stockholders": "275,996", "Basic EPS": "3.28", "Diluted EPS": "3.23", "Basic Average Shares": "84,100", "Diluted Average Shares": "85,445", "Total Expenses": "939,219", "Net Income from Continuing & Discontinued Operation": "275,996", "Normalized Income": "277,438", "Interest Income": "791", "Interest Expense": "108,034", "Net Interest Income": "-107,243", "EBIT": "519,892", "EBITDA": "-", "Reconciled Cost of Revenue": "121,803", "Reconciled Depreciation": "115,693", "Net Income from Continuing Operation Net Minority Interest": "275,996", "Total Unusual Items Excluding Goodwill": "-1,879", "Total Unusual Items": "-1,879", "Normalized EBITDA": "637,464", "Tax Rate for Calcs": "0", "Tax Effect of Unusual Items": "-437.3147"}}, "bs": {"12/31/2020": {"Duration": "12/31/2020", "Total Assets": "2,772,691", "Total Liabilities Net Minority Interest": "3,931,238", "Total Equity Gross Minority Interest": "-1,158,547", "Total Capitalization": "1,464,094", "Common Stock Equity": "-1,158,547", "Capital Lease Obligations": "201,486", "Net Tangible Assets": "-2,162,363", "Working Capital": "-145,665", "Invested Capital": "1,464,094", "Tangible Book Value": "-2,162,363", "Total Debt": "2,824,127", "Net Debt": "2,464,881", "Share Issued": "85,076", "Ordinary Shares Number": "85,076"}, "12/31/2019": {"Duration": "12/31/2019", "Total Assets": "2,882,540", "Total Liabilities Net Minority Interest": "3,598,658", "Total Equity Gross Minority Interest": "-716,118", "Total Capitalization": "1,550,766", "Common Stock Equity": "-716,118", "Capital Lease Obligations": "198,858", "Net Tangible Assets": "-1,720,948", "Working Capital": "36,508", "Invested Capital": "1,558,766", "Tangible Book Value": "-1,720,948", "Total Debt": "2,473,742", "Net Debt": "2,100,705", "Share Issued": "84,634", "Ordinary Shares Number": "84,634"}, "12/31/2018": {"Duration": "12/31/2018", "Total Assets": "2,517,328", "Total Liabilities Net Minority Interest": "3,160,421", "Total Equity Gross Minority Interest": "-643,093", "Total Capitalization": "1,420,419", "Common Stock Equity": "-643,093", "Capital Lease Obligations": "-", "Net Tangible Assets": "-1,651,740", "Working Capital": "-126,431", "Invested Capital": "1,463,419", "Tangible Book Value": "-1,651,740", "Total Debt": "2,106,512", "Net Debt": "2,061,904", "Share Issued": "83,962", "Ordinary Shares Number": "83,962"}}, "cf": {"TTM": {"Duration": "TTM", "Operating Cash Flow": "-210,891", "Investing Cash Flow": "-62,578", "Financing Cash Flow": "308,981", "End Cash Position": "58,323", "Income Tax Paid Supplemental Data": "4,226", "Interest Paid Supplemental Data": "131,189", "Capital Expenditure": "-70,553", "Issuance of Capital Stock": "12,185", "Issuance of Debt": "781,000", "Repayment of Debt": "-411,569", "Repurchase of Capital Stock": "-51", "Free Cash Flow": "-281,444"}, "12/31/2020": {"Duration": "12/31/2020", "Operating Cash Flow": "-190,880", "Investing Cash Flow": "-90,894", "Financing Cash Flow": "266,721", "End Cash Position": "157,760", "Income Tax Paid Supplemental Data": "5,917", "Interest Paid Supplemental Data": "99,239", "Capital Expenditure": "-100,878", "Issuance of Capital Stock": "3,528", "Issuance of Debt": "884,000", "Repayment of Debt": "-527,003", "Repurchase of Capital Stock": "-54", "Free Cash Flow": "-291,758"}, "12/31/2019": {"Duration": "12/31/2019", "Operating Cash Flow": "410,573", "Investing Cash Flow": "-139,126", "Financing Cash Flow": "-143,007", "End Cash Position": "174,179", "Income Tax Paid Supplemental Data": "28,209", "Interest Paid Supplemental Data": "114,398", "Capital Expenditure": "-143,913", "Issuance of Capital Stock": "19,627", "Issuance of Debt": "970,000", "Repayment of Debt": "-802,750", "Repurchase of Capital Stock": "-52", "Free Cash Flow": "266,660"}, "12/31/2018": {"Duration": "12/31/2018", "Operating Cash Flow": "413,132", "Investing Cash Flow": "-152,112", "Financing Cash Flow": "-293,482", "End Cash Position": "44,608", "Income Tax Paid Supplemental Data": "30,009", "Interest Paid Supplemental Data": "98,302", "Capital Expenditure": "-135,624", "Issuance of Capital Stock": "43,705", "Issuance of Debt": "356,000", "Repayment of Debt": "-274,000", "Repurchase of Capital Stock": "-110,990", "Free Cash Flow": "277,508"}}}}, {"FUN": {"quote": {"05/11/2021": {"value": "47.15", "Market Cap": "2.679B", "Beta (5Y Monthly)": "2.33", "PE Ratio (TTM)": "N/A", "EPS (TTM)": "-8.58", "Earnings Date": "Aug 03, 2021 - Aug 09, 2021", "Forward Dividend & Yield": "N/A (N/A)", "Ex-Dividend Date": "Mar 03, 2020", "1y Target Est": "60.67"}}, "fin": {"TTM": {"Duration": "TTM", "Total Revenue": "137,662", "Cost of Revenue": "23,912", "Gross Profit": "113,750", "Operating Expense": "575,141", "Operating Income": "-461,391", "Net Non Operating Interest Income Expense": "-167,546", "Other Income Expense": "39,050", "Pretax Income": "-589,887", "Tax Provision": "-105,205", "Net Income Common Stockholders": "-484,677", "Diluted NI Available to Com Stockholders": "-484,677", "Basic EPS": "-", "Diluted EPS": "-", "Basic Average Shares": "-", "Diluted Average Shares": "-", "Total Operating Income as Reported": "-480,103", "Total Expenses": "599,053", "Net Income from Continuing & Discontinued Operation": "-484,682", "Normalized Income": "-516,483", "Interest Expense": "167,546", "Net Interest Income": "-167,546", "EBIT": "-422,341", "EBITDA": "-268,427", "Reconciled Cost of Revenue": "23,912", "Reconciled Depreciation": "153,914", "Net Income from Continuing Operation Net Minority Interest": "-484,682", "Total Unusual Items Excluding Goodwill": "38,704", "Total Unusual Items": "38,704", "Normalized EBITDA": "-307,131", "Tax Rate for Calcs": "0", "Tax Effect of Unusual Items": "6,903"}, "12/31/2020": {"Duration": "12/31/2020", "Total Revenue": "181,555", "Cost of Revenue": "27,991", "Gross Profit": "153,564", "Operating Expense": "613,449", "Operating Income": "-459,885", "Net Non Operating Interest Income Expense": "-150,669", "Other Income Expense": "-117,604", "Pretax Income": "-728,158", "Tax Provision": "-137,915", "Net Income Common Stockholders": "-590,237", "Diluted NI Available to Com Stockholders": "-590,237", "Basic EPS": "-", "Diluted EPS": "-", "Basic Average Shares": "-", "Diluted Average Shares": "-", "Total Operating Income as Reported": "-572,008", "Total Expenses": "641,440", "Net Income from Continuing & Discontinued Operation": "-590,243", "Normalized Income": "-494,551", "Interest Expense": "150,669", "Net Interest Income": "-150,669", "EBIT": "-577,489", "EBITDA": "-", "Reconciled Cost of Revenue": "27,991", "Reconciled Depreciation": "157,549", "Net Income from Continuing Operation Net Minority Interest": "-590,243", "Total Unusual Items Excluding Goodwill": "-118,051", "Total Unusual Items": "-118,051", "Normalized EBITDA": "-301,889", "Tax Rate for Calcs": "0", "Tax Effect of Unusual Items": "-22,359"}, "12/31/2019": {"Duration": "12/31/2019", "Total Revenue": "1,474,925", "Cost of Revenue": "126,264", "Gross Profit": "1,348,661", "Operating Expense": "1,034,908", "Operating Income": "313,753", "Net Non Operating Interest Income Expense": "-100,364", "Other Income Expense": "1,765", "Pretax Income": "215,154", "Tax Provision": "42,789", "Net Income Common Stockholders": "172,363", "Diluted NI Available to Com Stockholders": "172,363", "Basic EPS": "3.04", "Diluted EPS": "3.04", "Basic Average Shares": "56,666", "Diluted Average Shares": "56,666", "Total Operating Income as Reported": "309,439", "Total Expenses": "1,161,172", "Net Income from Continuing & Discontinued Operation": "172,365", "Normalized Income": "172,156", "Interest Expense": "100,364", "Net Interest Income": "-100,364", "EBIT": "315,518", "EBITDA": "-", "Reconciled Cost of Revenue": "126,264", "Reconciled Depreciation": "170,456", "Net Income from Continuing Operation Net Minority Interest": "172,365", "Total Unusual Items Excluding Goodwill": "261", "Total Unusual Items": "261", "Normalized EBITDA": "485,713", "Tax Rate for Calcs": "0", "Tax Effect of Unusual Items": "51.9067"}, "12/31/2018": {"Duration": "12/31/2018", "Total Revenue": "1,348,530", "Cost of Revenue": "114,733", "Gross Profit": "1,233,797", "Operating Expense": "933,212", "Operating Income": "300,585", "Net Non Operating Interest Income Expense": "-85,687", "Other Income Expense": "-53,502", "Pretax Income": "161,396", "Tax Provision": "34,743", "Net Income Common Stockholders": "126,652", "Diluted NI Available to Com Stockholders": "126,652", "Basic EPS": "2.25", "Diluted EPS": "2.23", "Basic Average Shares": "56,212", "Diluted Average Shares": "56,860", "Total Operating Income as Reported": "290,519", "Total Expenses": "1,047,945", "Net Income from Continuing & Discontinued Operation": "126,653", "Normalized Income": "169,684", "Interest Expense": "85,687", "Net Interest Income": "-85,687", "EBIT": "247,083", "EBITDA": "-", "Reconciled Cost of Revenue": "114,733", "Reconciled Depreciation": "155,529", "Net Income from Continuing Operation Net Minority Interest": "126,653", "Total Unusual Items Excluding Goodwill": "-54,835", "Total Unusual Items": "-54,835", "Normalized EBITDA": "457,447", "Tax Rate for Calcs": "0", "Tax Effect of Unusual Items": "-11,804"}}, "bs": {"12/31/2020": {"Duration": "12/31/2020", "Total Assets": "2,693,412", "Total Liabilities Net Minority Interest": "3,359,849", "Total Equity Gross Minority Interest": "-666,437", "Total Capitalization": "2,287,807", "Common Stock Equity": "-666,437", "Capital Lease Obligations": "10,483", "Net Tangible Assets": "-317,249", "Working Capital": "254,530", "Invested Capital": "2,287,807", "Tangible Book Value": "-983,686", "Total Debt": "2,964,727", "Net Debt": "2,577,508", "Share Issued": "56,706", "Ordinary Shares Number": "56,706"}, "12/31/2019": {"Duration": "12/31/2019", "Total Assets": "2,581,145", "Total Liabilities Net Minority Interest": "2,591,111", "Total Equity Gross Minority Interest": "-9,966", "Total Capitalization": "2,135,917", "Common Stock Equity": "-9,966", "Capital Lease Obligations": "10,600", "Net Tangible Assets": "-419,553", "Working Capital": "-29,957", "Invested Capital": "2,143,417", "Tangible Book Value": "-429,519", "Total Debt": "2,163,983", "Net Debt": "1,971,131", "Share Issued": "56,666", "Ordinary Shares Number": "56,666"}, "12/31/2018": {"Duration": "12/31/2018", "Total Assets": "2,024,183", "Total Liabilities Net Minority Interest": "1,991,767", "Total Equity Gross Minority Interest": "32,416", "Total Capitalization": "1,689,984", "Common Stock Equity": "32,416", "Capital Lease Obligations": "-", "Net Tangible Assets": "-215,095", "Working Capital": "-34,510", "Invested Capital": "1,695,609", "Tangible Book Value": "-182,679", "Total Debt": "1,663,193", "Net Debt": "1,557,844", "Share Issued": "56,564", "Ordinary Shares Number": "56,564"}}, "cf": {"TTM": {"Duration": "TTM", "Operating Cash Flow": "-401,777", "Investing Cash Flow": "-71,150", "Financing Cash Flow": "714,146", "End Cash Position": "267,514", "Income Tax Paid Supplemental Data": "6,122", "Interest Paid Supplemental Data": "127,187", "Capital Expenditure": "-79,416", "Issuance of Debt": "1,230,000", "Repayment of Debt": "-", "Free Cash Flow": "-481,193"}, "12/31/2020": {"Duration": "12/31/2020", "Operating Cash Flow": "-416,537", "Investing Cash Flow": "-120,821", "Financing Cash Flow": "730,850", "End Cash Position": "376,736", "Income Tax Paid Supplemental Data": "1,792", "Interest Paid Supplemental Data": "130,444", "Capital Expenditure": "-129,087", "Issuance of Debt": "1,300,000", "Repayment of Debt": "-465,125", "Free Cash Flow": "-545,624"}, "12/31/2019": {"Duration": "12/31/2019", "Operating Cash Flow": "403,041", "Investing Cash Flow": "-600,216", "Financing Cash Flow": "270,469", "End Cash Position": "182,252", "Income Tax Paid Supplemental Data": "40,793", "Interest Paid Supplemental Data": "85,596", "Capital Expenditure": "-330,662", "Issuance of Debt": "500,000", "Repayment of Debt": "-5,625", "Free Cash Flow": "72,379"}, "12/31/2018": {"Duration": "12/31/2018", "Operating Cash Flow": "350,740", "Investing Cash Flow": "-189,704", "Financing Cash Flow": "-216,575", "End Cash Position": "105,349", "Income Tax Paid Supplemental Data": "42,159", "Interest Paid Supplemental Data": "84,947", "Capital Expenditure": "-189,816", "Issuance of Debt": "0", "Repayment of Debt": "0", "Free Cash Flow": "160,924"}}}}, {"MMYT": {"quote": {"05/11/2021": {"value": "25.07", "Market Cap": "2.678B", "Beta (5Y Monthly)": "1.27", "PE Ratio (TTM)": "N/A", "EPS (TTM)": "-3.74", "Earnings Date": "Jun 24, 2021 - Jun 28, 2021", "Forward Dividend & Yield": "N/A (N/A)", "Ex-Dividend Date": "N/A", "1y Target Est": "32.20"}}, "fin": {"TTM": {"Duration": "TTM", "Total Revenue": "189,165", "Cost of Revenue": "35,773", "Gross Profit": "153,392", "Operating Expense": "280,171", "Operating Income": "-126,779", "Net Non Operating Interest Income Expense": "16,844", "Other Income Expense": "-288,373", "Pretax Income": "-398,308", "Tax Provision": "-454", "Net Income Common Stockholders": "-397,568", "Diluted NI Available to Com Stockholders": "-397,568", "Basic EPS": "-", "Diluted EPS": "-", "Basic Average Shares": "-", "Diluted Average Shares": "-", "Total Operating Income as Reported": "-398,258", "Rent Expense Supplemental": "-", "Total Expenses": "315,944", "Net Income from Continuing & Discontinued Operation": "-397,568", "Normalized Income": "-397,568", "Interest Income": "11,105", "Interest Expense": "-7,566", "Net Interest Income": "16,844", "EBIT": "-405,874", "EBITDA": "-372,155", "Reconciled Cost of Revenue": "35,773", "Reconciled Depreciation": "33,719", "Net Income from Continuing Operation Net Minority Interest": "-397,568", "Total Unusual Items Excluding Goodwill": "-", "Total Unusual Items": "-", "Normalized EBITDA": "-372,155", "Tax Rate for Calcs": "0", "Tax Effect of Unusual Items": "0"}, "3/31/2020": {"Duration": "3/31/2020", "Total Revenue": "511,529", "Cost of Revenue": "154,320", "Gross Profit": "357,209", "Operating Expense": "515,140", "Operating Income": "-157,931", "Net Non Operating Interest Income Expense": "-1,383", "Other Income Expense": "-288,232", "Pretax Income": "-447,546", "Tax Provision": "-29", "Net Income Common Stockholders": "-447,781", "Diluted NI Available to Com Stockholders": "-447,781", "Basic EPS": "-4.26", "Diluted EPS": "-4.26", "Basic Average Shares": "105,191", "Diluted Average Shares": "105,191", "Total Operating Income as Reported": "-429,410", "Rent Expense Supplemental": "0", "Total Expenses": "669,460", "Net Income from Continuing & Discontinued Operation": "-447,781", "Normalized Income": "-161,054", "Interest Income": "3,332", "Interest Expense": "2,888", "Net Interest Income": "-1,383", "EBIT": "-444,658", "EBITDA": "-", "Reconciled Cost of Revenue": "154,320", "Reconciled Depreciation": "33,682", "Net Income from Continuing Operation Net Minority Interest": "-447,781", "Total Unusual Items Excluding Goodwill": "-286,746", "Total Unusual Items": "-286,746", "Normalized EBITDA": "-124,230", "Tax Rate for Calcs": "0", "Tax Effect of Unusual Items": "-18.5805"}, "3/31/2019": {"Duration": "3/31/2019", "Total Revenue": "486,011", "Cost of Revenue": "173,412", "Gross Profit": "312,599", "Operating Expense": "465,592", "Operating Income": "-152,993", "Net Non Operating Interest Income Expense": "5,729", "Other Income Expense": "-21,359", "Pretax Income": "-168,623", "Tax Provision": "-740", "Net Income Common Stockholders": "-167,759", "Diluted NI Available to Com Stockholders": "-167,759", "Basic EPS": "-1.61", "Diluted EPS": "-1.61", "Basic Average Shares": "103,989", "Diluted Average Shares": "103,989", "Total Operating Income as Reported": "-152,940", "Rent Expense Supplemental": "6,581", "Total Expenses": "639,004", "Net Income from Continuing & Discontinued Operation": "-167,759", "Normalized Income": "-147,377", "Interest Income": "6,459", "Interest Expense": "299", "Net Interest Income": "5,729", "EBIT": "-168,324", "EBITDA": "-", "Reconciled Cost of Revenue": "173,412", "Reconciled Depreciation": "26,817", "Net Income from Continuing Operation Net Minority Interest": "-167,759", "Total Unusual Items Excluding Goodwill": "-20,472", "Total Unusual Items": "-20,472", "Normalized EBITDA": "-121,035", "Tax Rate for Calcs": "0", "Tax Effect of Unusual Items": "-89.8411"}}, "bs": {"3/31/2020": {"Duration": "3/31/2020", "Total Assets": "1,083,211", "Total Liabilities Net Minority Interest": "220,919", "Total Equity Gross Minority Interest": "862,292", "Total Capitalization": "858,935", "Common Stock Equity": "858,237", "Capital Lease Obligations": "24,553", "Net Tangible Assets": "136,247", "Working Capital": "99,151", "Invested Capital": "859,268", "Tangible Book Value": "136,247", "Total Debt": "25,584", "Share Issued": "103,255", "Ordinary Shares Number": "103,255"}, "3/31/2019": {"Duration": "3/31/2019", "Total Assets": "1,570,286", "Total Liabilities Net Minority Interest": "212,918", "Total Equity Gross Minority Interest": "1,357,368", "Total Capitalization": "1,357,649", "Common Stock Equity": "1,357,175", "Capital Lease Obligations": "-", "Net Tangible Assets": "288,299", "Working Capital": "236,075", "Invested Capital": "1,357,882", "Tangible Book Value": "288,299", "Total Debt": "707", "Share Issued": "102,942", "Ordinary Shares Number": "102,942"}}, "cf": {"TTM": {"Duration": "TTM", "Operating Cash Flow": "11,323", "Investing Cash Flow": "24,776", "Financing Cash Flow": "-5,723", "End Cash Position": "193,582", "Capital Expenditure": "-", "Issuance of Capital Stock": "-", "Issuance of Debt": "-", "Repayment of Debt": "-", "Repurchase of Capital Stock": "-", "Free Cash Flow": "-1,438"}, "3/31/2020": {"Duration": "3/31/2020", "Operating Cash Flow": "-112,733", "Investing Cash Flow": "73,833", "Financing Cash Flow": "-10,988", "End Cash Position": "129,881", "Capital Expenditure": "-12,761", "Issuance of Capital Stock": "0", "Issuance of Debt": "702", "Repayment of Debt": "-6,528", "Repurchase of Capital Stock": "-", "Free Cash Flow": "-125,494"}, "3/31/2019": {"Duration": "3/31/2019", "Operating Cash Flow": "-78,927", "Investing Cash Flow": "70,011", "Financing Cash Flow": "-335", "End Cash Position": "177,990", "Capital Expenditure": "-9,703", "Issuance of Capital Stock": "0", "Issuance of Debt": "97", "Repayment of Debt": "0", "Repurchase of Capital Stock": "0", "Free Cash Flow": "-88,630"}}}}, {"TIXC": {"quote": {"05/11/2021": {"value": "0.1170", "Market Cap": "2.028M", "Beta (5Y Monthly)": "1.53", "PE Ratio (TTM)": "N/A", "EPS (TTM)": "-0.2720", "Earnings Date": "Mar 24, 2021", "Forward Dividend & Yield": "N/A (N/A)", "Ex-Dividend Date": "Apr 12, 2017", "1y Target Est": "N/A"}}, "fin": {"TTM": {"Duration": "TTM", "Total Revenue": "5,000", "Cost of Revenue": "5,328", "Gross Profit": "-328", "Operating Expense": "3,117", "Operating Income": "-3,445", "Net Non Operating Interest Income Expense": "-", "Other Income Expense": "-386", "Pretax Income": "-3,827", "Tax Provision": "1,503", "Net Income Common Stockholders": "-5,330", "Diluted NI Available to Com Stockholders": "-5,330", "Basic EPS": "-", "Diluted EPS": "-", "Basic Average Shares": "-", "Diluted Average Shares": "-", "Total Operating Income as Reported": "-3,445", "Total Expenses": "8,445", "Net Income from Continuing & Discontinued Operation": "-5,330", "Normalized Income": "-5,330", "Interest Income": "-", "Interest Expense": "-", "Net Interest Income": "-", "EBIT": "-3,445", "EBITDA": "-1,579", "Reconciled Cost of Revenue": "3,543", "Reconciled Depreciation": "1,866", "Net Income from Continuing Operation Net Minority Interest": "-5,330", "Total Unusual Items Excluding Goodwill": "-", "Total Unusual Items": "-", "Normalized EBITDA": "-1,579", "Tax Rate for Calcs": "0", "Tax Effect of Unusual Items": "0"}, "12/31/2019": {"Duration": "12/31/2019", "Total Revenue": "12,746", "Cost of Revenue": "8,069", "Gross Profit": "4,677", "Operating Expense": "5,814", "Operating Income": "-1,137", "Net Non Operating Interest Income Expense": "4", "Other Income Expense": "-336", "Pretax Income": "-1,469", "Tax Provision": "1,504", "Net Income Common Stockholders": "-2,973", "Diluted NI Available to Com Stockholders": "-2,973", "Basic EPS": "-0.17", "Diluted EPS": "-0.17", "Basic Average Shares": "17,342", "Diluted Average Shares": "17,342", "Total Operating Income as Reported": "-1,137", "Total Expenses": "13,883", "Net Income from Continuing & Discontinued Operation": "-2,973", "Normalized Income": "-2,973", "Interest Income": "4", "Interest Expense": "-", "Net Interest Income": "4", "EBIT": "-1,137", "EBITDA": "-", "Reconciled Cost of Revenue": "5,965", "Reconciled Depreciation": "2,212", "Net Income from Continuing Operation Net Minority Interest": "-2,973", "Total Unusual Items Excluding Goodwill": "0", "Total Unusual Items": "0", "Normalized EBITDA": "1,075", "Tax Rate for Calcs": "0", "Tax Effect of Unusual Items": "0"}, "12/31/2018": {"Duration": "12/31/2018", "Total Revenue": "12,969", "Cost of Revenue": "8,319", "Gross Profit": "4,650", "Operating Expense": "5,892", "Operating Income": "-1,242", "Net Non Operating Interest Income Expense": "14", "Other Income Expense": "-3,120", "Pretax Income": "-4,348", "Tax Provision": "3,229", "Net Income Common Stockholders": "-7,577", "Diluted NI Available to Com Stockholders": "-7,577", "Basic EPS": "-0.44", "Diluted EPS": "-0.44", "Basic Average Shares": "17,342", "Diluted Average Shares": "17,342", "Total Operating Income as Reported": "-4,362", "Total Expenses": "14,211", "Net Income from Continuing & Discontinued Operation": "-7,577", "Normalized Income": "-5,299", "Interest Income": "14", "Interest Expense": "0", "Net Interest Income": "14", "EBIT": "-4,348", "EBITDA": "-", "Reconciled Cost of Revenue": "8,319", "Reconciled Depreciation": "133", "Net Income from Continuing Operation Net Minority Interest": "-7,577", "Total Unusual Items Excluding Goodwill": "-3,120", "Total Unusual Items": "-3,120", "Normalized EBITDA": "-1,095", "Tax Rate for Calcs": "0", "Tax Effect of Unusual Items": "-842.4"}}, "bs": {"12/31/2019": {"Duration": "12/31/2019", "Total Assets": "6,159", "Total Liabilities Net Minority Interest": "3,947", "Total Equity Gross Minority Interest": "2,212", "Total Capitalization": "2,212", "Common Stock Equity": "2,212", "Capital Lease Obligations": "3,151", "Net Tangible Assets": "2,212", "Working Capital": "66", "Invested Capital": "2,212", "Tangible Book Value": "2,212", "Total Debt": "3,151", "Share Issued": "33,992", "Ordinary Shares Number": "17,342", "Treasury Shares Number": "16,650"}, "12/31/2018": {"Duration": "12/31/2018", "Total Assets": "6,305", "Total Liabilities Net Minority Interest": "1,206", "Total Equity Gross Minority Interest": "5,099", "Total Capitalization": "5,099", "Common Stock Equity": "5,099", "Capital Lease Obligations": "-", "Net Tangible Assets": "5,099", "Working Capital": "3,120", "Invested Capital": "5,099", "Tangible Book Value": "5,099", "Total Debt": "-", "Share Issued": "33,987", "Ordinary Shares Number": "17,342", "Treasury Shares Number": "16,645"}}, "cf": {"TTM": {"Duration": "TTM", "Operating Cash Flow": "-3,506", "Investing Cash Flow": "-210", "Financing Cash Flow": "1,127", "End Cash Position": "905", "Income Tax Paid Supplemental Data": "0", "Interest Paid Supplemental Data": "0", "Capital Expenditure": "-", "Repayment of Debt": "-", "Repurchase of Capital Stock": "-", "Free Cash Flow": "-3,506"}, "12/31/2019": {"Duration": "12/31/2019", "Operating Cash Flow": "-1,238", "Investing Cash Flow": "-381", "Financing Cash Flow": "0", "End Cash Position": "2,251", "Income Tax Paid Supplemental Data": "1", "Interest Paid Supplemental Data": "0", "Capital Expenditure": "-45", "Repayment of Debt": "0", "Repurchase of Capital Stock": "-", "Free Cash Flow": "-1,283"}, "12/31/2018": {"Duration": "12/31/2018", "Operating Cash Flow": "-1,008", "Investing Cash Flow": "-51", "Financing Cash Flow": "-200", "End Cash Position": "3,870", "Income Tax Paid Supplemental Data": "1", "Interest Paid Supplemental Data": "0", "Capital Expenditure": "-51", "Repayment of Debt": "-200", "Repurchase of Capital Stock": "0", "Free Cash Flow": "-1,059"}}}}]