[{"BBBY": {"quote": {"05/31/2021": {"value": "27.99", "Market Cap": "2.985B", "Beta (5Y Monthly)": "1.87", "PE Ratio (TTM)": "N/A", "EPS (TTM)": "-1.24", "Earnings Date": "Jul 06, 2021 - Jul 12, 2021", "Forward Dividend & Yield": "0.68 (17.94%)", "Ex-Dividend Date": "Mar 12, 2020", "1y Target Est": "26.23", "Profit Margin ": "-1.63%", "Operating Margin (ttm)": "0.39%", "Return on Assets (ttm)": "0.32%", "Return on Equity (ttm)": "-9.91%", "Revenue (ttm)": "9.23B", "Revenue Per Share (ttm)": "76.03", "Quarterly Revenue Growth (yoy)": "-15.70%", "Gross Profit (ttm)": "3.29B", "EBITDA ": "376.83M", "Net Income Avi to Common (ttm)": "-150.77M", "Diluted EPS (ttm)": "-1.24", "Quarterly Earnings Growth (yoy)": "N/A", "Total Cash (mrq)": "1.35B", "Total Cash Per Share (mrq)": "12.51", "Total Debt (mrq)": "3.07B", "Total Debt/Equity (mrq)": "240.73", "Current Ratio (mrq)": "1.58", "Book Value Per Share (mrq)": "11.75", "Operating Cash Flow (ttm)": "268.11M", "Levered Free Cash Flow (ttm)": "269.23M", "Avg Vol (3 month) 3": "4.29M", "Avg Vol (10 day) 3": "6.52M", "Shares Outstanding 5": "106.63M", "Implied Shares Outstanding 6": "N/A", "Float ": "101.95M", "% Held by Insiders 1": "1.50%", "% Held by Institutions 1": "98.43%", "Shares Short (May 13, 2021) 4": "32.88M", "Short Ratio (May 13, 2021) 4": "7.23", "Short % of Float (May 13, 2021) 4": "64.38%", "Short % of Shares Outstanding (May 13, 2021) 4": "30.84%", "Shares Short (prior month Apr 14, 2021) 4": "23.65M", "Forward Annual Dividend Rate 4": "0.68", "Forward Annual Dividend Yield 4": "17.94%", "Trailing Annual Dividend Rate 3": "0.17", "Trailing Annual Dividend Yield 3": "0.63%", "5 Year Average Dividend Yield 4": "N/A", "Payout Ratio 4": "N/A", "Dividend Date 3": "Apr 13, 2020", "Ex-Dividend Date 4": "Mar 11, 2020", "Last Split Factor 2": "2:1", "Last Split Date 3": "Aug 13, 2000"}}, "fin": {"TTM": {"Duration": "TTM", "Total Revenue": "9,233,028", "Cost of Revenue": "6,114,947", "Gross Profit": "3,118,081", "Operating Expense": "3,224,363", "Operating Income": "-106,282", "Net Non Operating Interest Income Expense": "-76,913", "Other Income Expense": "-153,567", "Pretax Income": "-336,762", "Tax Provision": "-185,989", "Net Income Common Stockholders": "-150,773", "Diluted NI Available to Com Stockholders": "-150,773", "Basic EPS": "-", "Diluted EPS": "-", "Basic Average Shares": "-", "Diluted Average Shares": "-", "Total Operating Income as Reported": "-336,887", "Total Expenses": "9,339,310", "Net Income from Continuing & Discontinued Operation": "-150,773", "Normalized Income": "-58,633", "Interest Expense": "76,913", "Net Interest Income": "-76,913", "EBIT": "-259,849", "EBITDA": "81,063", "Reconciled Cost of Revenue": "6,114,947", "Reconciled Depreciation": "340,912", "Net Income from Continuing Operation Net Minority Interest": "-150,773", "Total Unusual Items Excluding Goodwill": "-153,567", "Total Unusual Items": "-153,567", "Normalized EBITDA": "234,630", "Tax Rate for Calcs": "0", "Tax Effect of Unusual Items": "-61,427"}, "2/28/2021": {"Duration": "2/28/2021", "Total Revenue": "9,233,028", "Cost of Revenue": "6,114,947", "Gross Profit": "3,118,081", "Operating Expense": "3,224,363", "Operating Income": "-106,282", "Net Non Operating Interest Income Expense": "-76,913", "Other Income Expense": "-153,567", "Pretax Income": "-336,762", "Tax Provision": "-185,989", "Net Income Common Stockholders": "-150,773", "Diluted NI Available to Com Stockholders": "-150,773", "Basic EPS": "-", "Diluted EPS": "-", "Basic Average Shares": "-", "Diluted Average Shares": "-", "Total Operating Income as Reported": "-336,887", "Total Expenses": "9,339,310", "Net Income from Continuing & Discontinued Operation": "-150,773", "Normalized Income": "-58,633", "Interest Expense": "76,913", "Net Interest Income": "-76,913", "EBIT": "-259,849", "EBITDA": "-", "Reconciled Cost of Revenue": "6,114,947", "Reconciled Depreciation": "340,912", "Net Income from Continuing Operation Net Minority Interest": "-150,773", "Total Unusual Items Excluding Goodwill": "-153,567", "Total Unusual Items": "-153,567", "Normalized EBITDA": "234,630", "Tax Rate for Calcs": "0", "Tax Effect of Unusual Items": "-61,427"}, "2/29/2020": {"Duration": "2/29/2020", "Total Revenue": "11,158,580", "Cost of Revenue": "7,616,920", "Gross Profit": "3,541,660", "Operating Expense": "3,732,498", "Operating Income": "-190,838", "Net Non Operating Interest Income Expense": "-64,789", "Other Income Expense": "-509,226", "Pretax Income": "-764,853", "Tax Provision": "-151,037", "Net Income Common Stockholders": "-613,816", "Diluted NI Available to Com Stockholders": "-613,816", "Basic EPS": "-4.94", "Diluted EPS": "-4.94", "Basic Average Shares": "124,352", "Diluted Average Shares": "124,352", "Total Operating Income as Reported": "-700,064", "Total Expenses": "11,349,418", "Net Income from Continuing & Discontinued Operation": "-613,816", "Normalized Income": "-204,908", "Interest Expense": "64,789", "Net Interest Income": "-64,789", "EBIT": "-700,064", "EBITDA": "-", "Reconciled Cost of Revenue": "7,616,920", "Reconciled Depreciation": "342,511", "Net Income from Continuing Operation Net Minority Interest": "-613,816", "Total Unusual Items Excluding Goodwill": "-509,226", "Total Unusual Items": "-509,226", "Normalized EBITDA": "151,673", "Tax Rate for Calcs": "0", "Tax Effect of Unusual Items": "-100,318"}, "2/28/2019": {"Duration": "2/28/2019", "Total Revenue": "12,028,797", "Cost of Revenue": "7,924,817", "Gross Profit": "4,103,980", "Operating Expense": "3,681,210", "Operating Income": "422,770", "Net Non Operating Interest Income Expense": "-69,474", "Other Income Expense": "-509,905", "Pretax Income": "-156,609", "Tax Provision": "-19,385", "Net Income Common Stockholders": "-137,224", "Diluted NI Available to Com Stockholders": "-137,224", "Basic EPS": "-1.02", "Diluted EPS": "-1.02", "Basic Average Shares": "134,292", "Diluted Average Shares": "134,292", "Total Operating Income as Reported": "-87,135", "Total Expenses": "11,606,027", "Net Income from Continuing & Discontinued Operation": "-137,224", "Normalized Income": "309,453", "Interest Expense": "69,474", "Net Interest Income": "-69,474", "EBIT": "-87,135", "EBITDA": "-", "Reconciled Cost of Revenue": "7,924,817", "Reconciled Depreciation": "338,825", "Net Income from Continuing Operation Net Minority Interest": "-137,224", "Total Unusual Items Excluding Goodwill": "-509,905", "Total Unusual Items": "-509,905", "Normalized EBITDA": "761,595", "Tax Rate for Calcs": "0", "Tax Effect of Unusual Items": "-63,228"}}, "bs": {"2/28/2021": {"Duration": "2/28/2021", "Total Assets": "6,456,930", "Total Liabilities Net Minority Interest": "5,179,994", "Total Equity Gross Minority Interest": "1,276,936", "Total Capitalization": "2,467,299", "Common Stock Equity": "1,276,936", "Capital Lease Obligations": "1,869,828", "Net Tangible Assets": "1,276,936", "Working Capital": "1,325,124", "Invested Capital": "2,467,299", "Tangible Book Value": "1,276,936", "Total Debt": "3,060,191", "Net Debt": "-", "Share Issued": "343,241", "Ordinary Shares Number": "109,621", "Treasury Shares Number": "233,620"}, "2/29/2020": {"Duration": "2/29/2020", "Total Assets": "7,790,515", "Total Liabilities Net Minority Interest": "6,025,580", "Total Equity Gross Minority Interest": "1,764,935", "Total Capitalization": "3,253,335", "Common Stock Equity": "1,764,935", "Capital Lease Obligations": "2,281,788", "Net Tangible Assets": "1,764,935", "Working Capital": "1,359,759", "Invested Capital": "3,253,335", "Tangible Book Value": "1,764,935", "Total Debt": "3,770,188", "Net Debt": "488,060", "Share Issued": "343,683", "Ordinary Shares Number": "126,528", "Treasury Shares Number": "217,155"}, "2/28/2019": {"Duration": "2/28/2019", "Total Assets": "6,570,541", "Total Liabilities Net Minority Interest": "4,010,210", "Total Equity Gross Minority Interest": "2,560,331", "Total Capitalization": "4,048,265", "Common Stock Equity": "2,560,331", "Capital Lease Obligations": "-", "Net Tangible Assets": "2,169,279", "Working Capital": "1,832,340", "Invested Capital": "4,048,265", "Tangible Book Value": "2,169,279", "Total Debt": "1,487,934", "Net Debt": "978,963", "Share Issued": "342,582", "Ordinary Shares Number": "132,233", "Treasury Shares Number": "210,349"}}, "cf": {"TTM": {"Duration": "TTM", "Operating Cash Flow": "268,108", "Investing Cash Flow": "737,880", "Financing Cash Flow": "-632,304", "End Cash Position": "1,407,224", "Capital Expenditure": "-183,077", "Issuance of Debt": "236,400", "Repayment of Debt": "-457,827", "Repurchase of Capital Stock": "-380,079", "Free Cash Flow": "85,031"}, "2/28/2021": {"Duration": "2/28/2021", "Operating Cash Flow": "268,108", "Investing Cash Flow": "737,880", "Financing Cash Flow": "-632,304", "End Cash Position": "1,407,224", "Capital Expenditure": "-183,077", "Issuance of Debt": "236,400", "Repayment of Debt": "-457,827", "Repurchase of Capital Stock": "-380,079", "Free Cash Flow": "85,031"}, "2/29/2020": {"Duration": "2/29/2020", "Operating Cash Flow": "590,941", "Investing Cash Flow": "91,376", "Financing Cash Flow": "-182,846", "End Cash Position": "1,023,650", "Capital Expenditure": "-277,401", "Issuance of Debt": "-", "Repayment of Debt": "0", "Repurchase of Capital Stock": "-99,710", "Free Cash Flow": "313,540"}, "2/28/2019": {"Duration": "2/28/2019", "Operating Cash Flow": "918,278", "Investing Cash Flow": "-509,682", "Financing Cash Flow": "-238,584", "End Cash Position": "529,971", "Capital Expenditure": "-325,366", "Issuance of Debt": "-", "Repayment of Debt": "-4,224", "Repurchase of Capital Stock": "-148,073", "Free Cash Flow": "592,912"}}}}, {"HVT": {"quote": {"05/31/2021": {"value": "45.94", "Market Cap": "838.184M", "Beta (5Y Monthly)": "1.56", "PE Ratio (TTM)": "11.24", "EPS (TTM)": "4.09", "Earnings Date": "Aug 09, 2021 - Aug 13, 2021", "Forward Dividend & Yield": "1.00 (2.18%)", "Ex-Dividend Date": "May 28, 2021", "1y Target Est": "56.00", "Profit Margin ": "9.53%", "Operating Margin (ttm)": "7.78%", "Return on Assets (ttm)": "6.10%", "Return on Equity (ttm)": "29.36%", "Revenue (ttm)": "805.31M", "Revenue Per Share (ttm)": "43.63", "Quarterly Revenue Growth (yoy)": "31.80%", "Gross Profit (ttm)": "418.99M", "EBITDA ": "79.73M", "Net Income Avi to Common (ttm)": "76.73M", "Diluted EPS (ttm)": "4.09", "Quarterly Earnings Growth (yoy)": "966.80%", "Total Cash (mrq)": "210.12M", "Total Cash Per Share (mrq)": "11.52", "Total Debt (mrq)": "233.1M", "Total Debt/Equity (mrq)": "86.23", "Current Ratio (mrq)": "1.59", "Book Value Per Share (mrq)": "14.81", "Operating Cash Flow (ttm)": "171.37M", "Levered Free Cash Flow (ttm)": "160.34M", "Avg Vol (3 month) 3": "200.15k", "Avg Vol (10 day) 3": "181.78k", "Shares Outstanding 5": "16.93M", "Implied Shares Outstanding 6": "18.25M", "Float ": "14.43M", "% Held by Insiders 1": "8.94%", "% Held by Institutions 1": "95.10%", "Shares Short (May 13, 2021) 4": "2.16M", "Short Ratio (May 13, 2021) 4": "11.14", "Short % of Float (May 13, 2021) 4": "15.62%", "Short % of Shares Outstanding (May 13, 2021) 4": "11.83%", "Shares Short (prior month Apr 14, 2021) 4": "2.17M", "Forward Annual Dividend Rate 4": "1", "Forward Annual Dividend Yield 4": "2.18%", "Trailing Annual Dividend Rate 3": "0.79", "Trailing Annual Dividend Yield 3": "1.71%", "5 Year Average Dividend Yield 4": "3.05", "Payout Ratio 4": "19.41%", "Dividend Date 3": "Mar 24, 2021", "Ex-Dividend Date 4": "May 27, 2021", "Last Split Factor 2": "2:1", "Last Split Date 3": "Aug 25, 1999"}}, "fin": {"TTM": {"Duration": "TTM", "Total Revenue": "805,311", "Cost of Revenue": "350,836", "Gross Profit": "454,475", "Operating Expense": "389,515", "Operating Income": "64,960", "Net Non Operating Interest Income Expense": "-32", "Other Income Expense": "34,867", "Pretax Income": "99,795", "Tax Provision": "23,060", "Net Income Common Stockholders": "76,735", "Diluted NI Available to Com Stockholders": "76,735", "Basic EPS": "-", "Diluted EPS": "-", "Basic Average Shares": "-", "Diluted Average Shares": "-", "Total Expenses": "740,351", "Net Income from Continuing & Discontinued Operation": "76,735", "Normalized Income": "76,735", "Net Interest Income": "-32", "EBIT": "64,960", "EBITDA": "82,035", "Reconciled Cost of Revenue": "350,836", "Reconciled Depreciation": "17,075", "Net Income from Continuing Operation Net Minority Interest": "76,735", "Normalized EBITDA": "82,035", "Tax Rate for Calcs": "0", "Tax Effect of Unusual Items": "0"}, "12/31/2020": {"Duration": "12/31/2020", "Total Revenue": "748,252", "Cost of Revenue": "329,258", "Gross Profit": "418,994", "Operating Expense": "377,288", "Operating Income": "41,706", "Net Non Operating Interest Income Expense": "126", "Other Income Expense": "34,899", "Pretax Income": "76,731", "Tax Provision": "17,583", "Net Income Common Stockholders": "59,148", "Diluted NI Available to Com Stockholders": "59,148", "Basic EPS": "3.25", "Diluted EPS": "3.12", "Basic Average Shares": "18,212", "Diluted Average Shares": "20,454", "Total Expenses": "706,546", "Net Income from Continuing & Discontinued Operation": "59,148", "Normalized Income": "59,148", "Net Interest Income": "126", "EBIT": "41,706", "EBITDA": "-", "Reconciled Cost of Revenue": "329,258", "Reconciled Depreciation": "18,207", "Net Income from Continuing Operation Net Minority Interest": "59,148", "Normalized EBITDA": "59,913", "Tax Rate for Calcs": "0", "Tax Effect of Unusual Items": "0"}, "12/31/2019": {"Duration": "12/31/2019", "Total Revenue": "802,291", "Cost of Revenue": "367,803", "Gross Profit": "434,488", "Operating Expense": "407,467", "Operating Income": "27,021", "Net Non Operating Interest Income Expense": "1,287", "Other Income Expense": "416", "Pretax Income": "28,724", "Tax Provision": "6,859", "Net Income Common Stockholders": "21,865", "Diluted NI Available to Com Stockholders": "21,865", "Basic EPS": "1.08", "Diluted EPS": "1.08", "Basic Average Shares": "21,872", "Diluted Average Shares": "21,872", "Total Expenses": "775,270", "Net Income from Continuing & Discontinued Operation": "21,865", "Normalized Income": "21,865", "Net Interest Income": "1,287", "EBIT": "27,021", "EBITDA": "-", "Reconciled Cost of Revenue": "367,803", "Reconciled Depreciation": "20,596", "Net Income from Continuing Operation Net Minority Interest": "21,865", "Normalized EBITDA": "47,617", "Tax Rate for Calcs": "0", "Tax Effect of Unusual Items": "0"}, "12/31/2018": {"Duration": "12/31/2018", "Total Revenue": "817,733", "Cost of Revenue": "371,191", "Gross Profit": "446,542", "Operating Expense": "404,821", "Operating Income": "41,721", "Net Non Operating Interest Income Expense": "-1,423", "Other Income Expense": "110", "Pretax Income": "40,408", "Tax Provision": "10,101", "Net Income Common Stockholders": "30,307", "Diluted NI Available to Com Stockholders": "30,307", "Basic EPS": "1.48", "Diluted EPS": "1.42", "Basic Average Shares": "20,537", "Diluted Average Shares": "21,295", "Total Expenses": "776,012", "Net Income from Continuing & Discontinued Operation": "30,307", "Normalized Income": "30,307", "Net Interest Income": "-1,423", "EBIT": "41,721", "EBITDA": "-", "Reconciled Cost of Revenue": "371,191", "Reconciled Depreciation": "29,806", "Net Income from Continuing Operation Net Minority Interest": "30,307", "Normalized EBITDA": "71,527", "Tax Rate for Calcs": "0", "Tax Effect of Unusual Items": "0"}}, "bs": {"12/31/2020": {"Duration": "12/31/2020", "Total Assets": "680,372", "Total Liabilities Net Minority Interest": "427,405", "Total Equity Gross Minority Interest": "252,967", "Total Capitalization": "252,967", "Common Stock Equity": "252,967", "Capital Lease Obligations": "233,666", "Net Tangible Assets": "252,967", "Working Capital": "112,203", "Invested Capital": "252,967", "Tangible Book Value": "252,967", "Total Debt": "233,666", "Share Issued": "31,596", "Ordinary Shares Number": "18,212", "Treasury Shares Number": "13,384"}, "12/31/2019": {"Duration": "12/31/2019", "Total Assets": "560,072", "Total Liabilities Net Minority Interest": "299,569", "Total Equity Gross Minority Interest": "260,503", "Total Capitalization": "260,503", "Common Stock Equity": "260,503", "Capital Lease Obligations": "179,005", "Net Tangible Assets": "260,503", "Working Capital": "77,507", "Invested Capital": "260,503", "Tangible Book Value": "260,503", "Total Debt": "179,005", "Share Issued": "31,485", "Ordinary Shares Number": "19,113", "Treasury Shares Number": "12,372"}, "12/31/2018": {"Duration": "12/31/2018", "Total Assets": "440,179", "Total Liabilities Net Minority Interest": "165,550", "Total Equity Gross Minority Interest": "274,629", "Total Capitalization": "274,629", "Common Stock Equity": "274,629", "Capital Lease Obligations": "58,411", "Net Tangible Assets": "274,629", "Working Capital": "113,624", "Invested Capital": "274,629", "Tangible Book Value": "274,629", "Total Debt": "58,411", "Share Issued": "31,359", "Ordinary Shares Number": "20,537", "Treasury Shares Number": "10,822"}}, "cf": {"TTM": {"Duration": "TTM", "Operating Cash Flow": "171,371", "Investing Cash Flow": "63,089", "Financing Cash Flow": "-108,890", "End Cash Position": "216,839", "Income Tax Paid Supplemental Data": "-", "Interest Paid Supplemental Data": "-", "Capital Expenditure": "-13,192", "Issuance of Debt": "0", "Repayment of Debt": "-", "Repurchase of Capital Stock": "-12,898", "Free Cash Flow": "158,179"}, "12/31/2020": {"Duration": "12/31/2020", "Operating Cash Flow": "130,191", "Investing Cash Flow": "65,358", "Financing Cash Flow": "-71,180", "End Cash Position": "206,771", "Income Tax Paid Supplemental Data": "18,169", "Interest Paid Supplemental Data": "365", "Capital Expenditure": "-10,927", "Issuance of Debt": "43,800", "Repayment of Debt": "-43,800", "Repurchase of Capital Stock": "-19,708", "Free Cash Flow": "119,264"}, "12/31/2019": {"Duration": "12/31/2019", "Operating Cash Flow": "63,419", "Investing Cash Flow": "-14,571", "Financing Cash Flow": "-46,255", "End Cash Position": "82,402", "Income Tax Paid Supplemental Data": "-", "Interest Paid Supplemental Data": "-", "Capital Expenditure": "-16,841", "Issuance of Debt": "-", "Repayment of Debt": "-", "Repurchase of Capital Stock": "-29,757", "Free Cash Flow": "46,578"}, "12/31/2018": {"Duration": "12/31/2018", "Operating Cash Flow": "70,392", "Investing Cash Flow": "-18,972", "Financing Cash Flow": "-59,217", "End Cash Position": "79,809", "Income Tax Paid Supplemental Data": "-", "Interest Paid Supplemental Data": "-", "Capital Expenditure": "-21,473", "Issuance of Debt": "0", "Repayment of Debt": "-3,788", "Repurchase of Capital Stock": "-18,732", "Free Cash Flow": "48,919"}}}}, {"RH": {"quote": {"05/31/2021": {"value": "641.05", "Market Cap": "13.46B", "Beta (5Y Monthly)": "2.50", "PE Ratio (TTM)": "64.36", "EPS (TTM)": "9.96", "Earnings Date": "Jun 02, 2021 - Jun 07, 2021", "Forward Dividend & Yield": "N/A (N/A)", "Ex-Dividend Date": "N/A", "1y Target Est": "642.36", "Profit Margin ": "9.54%", "Operating Margin (ttm)": "21.67%", "Return on Assets (ttm)": "14.44%", "Return on Equity (ttm)": "116.74%", "Revenue (ttm)": "2.85B", "Revenue Per Share (ttm)": "144.83", "Quarterly Revenue Growth (yoy)": "22.20%", "Gross Profit (ttm)": "1.33B", "EBITDA ": "713.41M", "Net Income Avi to Common (ttm)": "271.82M", "Diluted EPS (ttm)": "9.96", "Quarterly Earnings Growth (yoy)": "90.20%", "Total Cash (mrq)": "100.45M", "Total Cash Per Share (mrq)": "4.78", "Total Debt (mrq)": "1.62B", "Total Debt/Equity (mrq)": "362.88", "Current Ratio (mrq)": "0.87", "Book Value Per Share (mrq)": "21.29", "Operating Cash Flow (ttm)": "500.77M", "Levered Free Cash Flow (ttm)": "613.56M", "Avg Vol (3 month) 3": "559.43k", "Avg Vol (10 day) 3": "408.17k", "Shares Outstanding 5": "21M", "Implied Shares Outstanding 6": "N/A", "Float ": "18.84M", "% Held by Insiders 1": "10.31%", "% Held by Institutions 1": "98.08%", "Shares Short (May 13, 2021) 4": "2.79M", "Short Ratio (May 13, 2021) 4": "5.02", "Short % of Float (May 13, 2021) 4": "20.77%", "Short % of Shares Outstanding (May 13, 2021) 4": "13.26%", "Shares Short (prior month Apr 14, 2021) 4": "2.43M", "Forward Annual Dividend Rate 4": "N/A", "Forward Annual Dividend Yield 4": "N/A", "Trailing Annual Dividend Rate 3": "N/A", "Trailing Annual Dividend Yield 3": "N/A", "5 Year Average Dividend Yield 4": "N/A", "Payout Ratio 4": "0.00%", "Dividend Date 3": "N/A", "Ex-Dividend Date 4": "N/A", "Last Split Factor 2": "N/A", "Last Split Date 3": "N/A"}}, "fin": {"TTM": {"Duration": "TTM", "Total Revenue": "2,848,626", "Cost of Revenue": "1,523,095", "Gross Profit": "1,325,531", "Operating Expense": "858,673", "Operating Income": "466,858", "Net Non Operating Interest Income Expense": "-69,250", "Other Income Expense": "-20,307", "Pretax Income": "377,301", "Tax Provision": "104,598", "Net Income Common Stockholders": "271,815", "Diluted NI Available to Com Stockholders": "271,815", "Basic EPS": "-", "Diluted EPS": "-", "Basic Average Shares": "-", "Diluted Average Shares": "-", "Total Operating Income as Reported": "466,858", "Total Expenses": "2,381,768", "Net Income from Continuing & Discontinued Operation": "272,703", "Normalized Income": "287,365", "Interest Income": "1,398", "Interest Expense": "67,212", "Net Interest Income": "-69,250", "EBIT": "444,513", "EBITDA": "544,553", "Reconciled Cost of Revenue": "1,523,095", "Reconciled Depreciation": "100,040", "Net Income from Continuing Operation Net Minority Interest": "272,703", "Total Unusual Items Excluding Goodwill": "-20,307", "Total Unusual Items": "-20,307", "Normalized EBITDA": "564,860", "Tax Rate for Calcs": "0", "Tax Effect of Unusual Items": "-5,645"}, "1/31/2021": {"Duration": "1/31/2021", "Total Revenue": "2,848,626", "Cost of Revenue": "1,523,095", "Gross Profit": "1,325,531", "Operating Expense": "858,673", "Operating Income": "466,858", "Net Non Operating Interest Income Expense": "-69,250", "Other Income Expense": "-20,307", "Pretax Income": "377,301", "Tax Provision": "104,598", "Net Income Common Stockholders": "271,815", "Diluted NI Available to Com Stockholders": "271,815", "Basic EPS": "-", "Diluted EPS": "-", "Basic Average Shares": "-", "Diluted Average Shares": "-", "Total Operating Income as Reported": "466,858", "Total Expenses": "2,381,768", "Net Income from Continuing & Discontinued Operation": "272,703", "Normalized Income": "287,365", "Interest Income": "1,398", "Interest Expense": "67,212", "Net Interest Income": "-69,250", "EBIT": "444,513", "EBITDA": "-", "Reconciled Cost of Revenue": "1,523,095", "Reconciled Depreciation": "100,040", "Net Income from Continuing Operation Net Minority Interest": "272,703", "Total Unusual Items Excluding Goodwill": "-20,307", "Total Unusual Items": "-20,307", "Normalized EBITDA": "564,860", "Tax Rate for Calcs": "0", "Tax Effect of Unusual Items": "-5,645"}, "1/31/2020": {"Duration": "1/31/2020", "Total Revenue": "2,647,437", "Cost of Revenue": "1,552,426", "Gross Profit": "1,095,011", "Operating Expense": "732,180", "Operating Income": "362,831", "Net Non Operating Interest Income Expense": "-87,177", "Other Income Expense": "-6,472", "Pretax Income": "269,182", "Tax Provision": "48,807", "Net Income Common Stockholders": "220,375", "Diluted NI Available to Com Stockholders": "220,375", "Basic EPS": "11.55", "Diluted EPS": "9.07", "Basic Average Shares": "19,082", "Diluted Average Shares": "24,299", "Total Operating Income as Reported": "362,831", "Total Expenses": "2,284,606", "Net Income from Continuing & Discontinued Operation": "220,375", "Normalized Income": "225,676", "Interest Income": "1,332", "Interest Expense": "84,168", "Net Interest Income": "-87,177", "EBIT": "353,350", "EBITDA": "-", "Reconciled Cost of Revenue": "1,552,426", "Reconciled Depreciation": "100,739", "Net Income from Continuing Operation Net Minority Interest": "220,375", "Total Unusual Items Excluding Goodwill": "-6,472", "Total Unusual Items": "-6,472", "Normalized EBITDA": "460,561", "Tax Rate for Calcs": "0", "Tax Effect of Unusual Items": "-1,171"}, "1/31/2019": {"Duration": "1/31/2019", "Total Revenue": "2,505,653", "Cost of Revenue": "1,504,806", "Gross Profit": "1,000,847", "Operating Expense": "711,617", "Operating Income": "289,230", "Net Non Operating Interest Income Expense": "-75,074", "Other Income Expense": "-33,003", "Pretax Income": "181,153", "Tax Provision": "30,514", "Net Income Common Stockholders": "150,639", "Diluted NI Available to Com Stockholders": "150,639", "Basic EPS": "6.97", "Diluted EPS": "5.68", "Basic Average Shares": "21,614", "Diluted Average Shares": "26,533", "Total Operating Income as Reported": "289,230", "Total Expenses": "2,216,423", "Net Income from Continuing & Discontinued Operation": "150,639", "Normalized Income": "178,097", "Interest Income": "834", "Interest Expense": "49,601", "Net Interest Income": "-75,074", "EBIT": "230,754", "EBITDA": "-", "Reconciled Cost of Revenue": "1,504,806", "Reconciled Depreciation": "74,346", "Net Income from Continuing Operation Net Minority Interest": "150,639", "Total Unusual Items Excluding Goodwill": "-33,003", "Total Unusual Items": "-33,003", "Normalized EBITDA": "338,103", "Tax Rate for Calcs": "0", "Tax Effect of Unusual Items": "-5,545"}}, "bs": {"1/31/2021": {"Duration": "1/31/2021", "Total Assets": "2,898,313", "Total Liabilities Net Minority Interest": "2,451,287", "Total Equity Gross Minority Interest": "447,026", "Total Capitalization": "1,026,603", "Common Stock Equity": "447,026", "Capital Lease Obligations": "1,019,845", "Net Tangible Assets": "234,263", "Working Capital": "-120,148", "Invested Capital": "1,049,350", "Tangible Book Value": "234,263", "Total Debt": "1,622,169", "Net Debt": "501,878", "Share Issued": "20,995", "Ordinary Shares Number": "20,995", "Treasury Shares Number": "-"}, "1/31/2020": {"Duration": "1/31/2020", "Total Assets": "2,445,694", "Total Liabilities Net Minority Interest": "2,427,043", "Total Equity Gross Minority Interest": "18,651", "Total Capitalization": "600,085", "Common Stock Equity": "18,651", "Capital Lease Obligations": "921,030", "Net Tangible Assets": "-191,738", "Working Capital": "-385,960", "Invested Capital": "965,626", "Tangible Book Value": "-191,738", "Total Debt": "1,868,005", "Net Debt": "899,317", "Share Issued": "19,237", "Ordinary Shares Number": "19,237", "Treasury Shares Number": "-"}, "1/31/2019": {"Duration": "1/31/2019", "Total Assets": "1,806,034", "Total Liabilities Net Minority Interest": "1,828,996", "Total Equity Gross Minority Interest": "-22,962", "Total Capitalization": "573,587", "Common Stock Equity": "-22,962", "Capital Lease Obligations": "236,648", "Net Tangible Assets": "-233,363", "Working Capital": "-235,479", "Invested Capital": "918,268", "Tangible Book Value": "-233,363", "Total Debt": "1,177,878", "Net Debt": "935,427", "Share Issued": "20,481", "Ordinary Shares Number": "20,478", "Treasury Shares Number": "2.8"}}, "cf": {"TTM": {"Duration": "TTM", "Operating Cash Flow": "500,770", "Investing Cash Flow": "-197,600", "Financing Cash Flow": "-243,914", "End Cash Position": "100,446", "Income Tax Paid Supplemental Data": "74,219", "Interest Paid Supplemental Data": "27,249", "Capital Expenditure": "-111,126", "Issuance of Capital Stock": "-", "Issuance of Debt": "372,258", "Repayment of Debt": "-622,201", "Repurchase of Capital Stock": "0", "Free Cash Flow": "389,644"}, "1/31/2021": {"Duration": "1/31/2021", "Operating Cash Flow": "500,770", "Investing Cash Flow": "-197,600", "Financing Cash Flow": "-243,914", "End Cash Position": "100,446", "Income Tax Paid Supplemental Data": "74,219", "Interest Paid Supplemental Data": "27,249", "Capital Expenditure": "-111,126", "Issuance of Capital Stock": "-", "Issuance of Debt": "372,258", "Repayment of Debt": "-622,201", "Repurchase of Capital Stock": "0", "Free Cash Flow": "389,644"}, "1/31/2020": {"Duration": "1/31/2020", "Operating Cash Flow": "339,188", "Investing Cash Flow": "-122,545", "Financing Cash Flow": "-174,804", "End Cash Position": "47,658", "Income Tax Paid Supplemental Data": "40,126", "Interest Paid Supplemental Data": "43,278", "Capital Expenditure": "-93,623", "Issuance of Capital Stock": "-", "Issuance of Debt": "1,114,500", "Repayment of Debt": "-1,008,762", "Repurchase of Capital Stock": "-250,032", "Free Cash Flow": "245,565"}, "1/31/2019": {"Duration": "1/31/2019", "Operating Cash Flow": "300,556", "Investing Cash Flow": "-136,736", "Financing Cash Flow": "-183,201", "End Cash Position": "5,803", "Income Tax Paid Supplemental Data": "41,289", "Interest Paid Supplemental Data": "31,154", "Capital Expenditure": "-136,736", "Issuance of Capital Stock": "34,522", "Issuance of Debt": "1,208,577", "Repayment of Debt": "-1,128,396", "Repurchase of Capital Stock": "-250,000", "Free Cash Flow": "163,820"}}}}, {"WSM": {"quote": {"05/31/2021": {"value": "169.54", "Market Cap": "12.763B", "Beta (5Y Monthly)": "1.65", "PE Ratio (TTM)": "15.36", "EPS (TTM)": "11.04", "Earnings Date": "Aug 24, 2021 - Aug 30, 2021", "Forward Dividend & Yield": "2.36 (1.39%)", "Ex-Dividend Date": "Apr 22, 2021", "1y Target Est": "168.17", "Profit Margin ": "11.96%", "Operating Margin (ttm)": "15.74%", "Return on Assets (ttm)": "16.84%", "Return on Equity (ttm)": "65.49%", "Revenue (ttm)": "7.3B", "Revenue Per Share (ttm)": "94.90", "Quarterly Revenue Growth (yoy)": "41.60%", "Gross Profit (ttm)": "2.65B", "EBITDA ": "1.34B", "Net Income Avi to Common (ttm)": "873.09M", "Diluted EPS (ttm)": "11.04", "Quarterly Earnings Growth (yoy)": "543.10%", "Total Cash (mrq)": "639.67M", "Total Cash Per Share (mrq)": "8.5", "Total Debt (mrq)": "1.21B", "Total Debt/Equity (mrq)": "83.47", "Current Ratio (mrq)": "1.28", "Book Value Per Share (mrq)": "19.24", "Operating Cash Flow (ttm)": "1.46B", "Levered Free Cash Flow (ttm)": "1.13B", "Avg Vol (3 month) 3": "1.46M", "Avg Vol (10 day) 3": "1.58M", "Shares Outstanding 5": "75.28M", "Implied Shares Outstanding 6": "N/A", "Float ": "74.22M", "% Held by Insiders 1": "1.19%", "% Held by Institutions 1": "95.80%", "Shares Short (May 13, 2021) 4": "6.28M", "Short Ratio (May 13, 2021) 4": "5.81", "Short % of Float (May 13, 2021) 4": "10.58%", "Short % of Shares Outstanding (May 13, 2021) 4": "8.35%", "Shares Short (prior month Apr 14, 2021) 4": "6.48M", "Forward Annual Dividend Rate 4": "2.36", "Forward Annual Dividend Yield 4": "1.39%", "Trailing Annual Dividend Rate 3": "2.13", "Trailing Annual Dividend Yield 3": "1.24%", "5 Year Average Dividend Yield 4": "2.71", "Payout Ratio 4": "19.26%", "Dividend Date 3": "May 27, 2021", "Ex-Dividend Date 4": "Apr 21, 2021", "Last Split Factor 2": "2:1", "Last Split Date 3": "May 09, 2002"}}, "fin": {"TTM": {"Duration": "TTM", "Total Revenue": "6,783,189", "Cost of Revenue": "4,146,920", "Gross Profit": "2,636,269", "Operating Expense": "1,725,572", "Operating Income": "910,697", "Net Non Operating Interest Income Expense": "-16,231", "Pretax Income": "894,466", "Tax Provision": "213,752", "Net Income Common Stockholders": "680,714", "Diluted NI Available to Com Stockholders": "680,714", "Basic EPS": "-", "Diluted EPS": "-", "Basic Average Shares": "-", "Diluted Average Shares": "-", "Total Operating Income as Reported": "910,697", "Total Expenses": "5,872,492", "Net Income from Continuing & Discontinued Operation": "680,714", "Normalized Income": "680,714", "Interest Expense": "16,231", "Net Interest Income": "-16,231", "EBIT": "910,697", "EBITDA": "1,099,352", "Reconciled Cost of Revenue": "4,146,920", "Reconciled Depreciation": "188,655", "Net Income from Continuing Operation Net Minority Interest": "680,714", "Normalized EBITDA": "1,099,352", "Tax Rate for Calcs": "0", "Tax Effect of Unusual Items": "0"}, "1/31/2021": {"Duration": "1/31/2021", "Total Revenue": "6,783,189", "Cost of Revenue": "4,146,920", "Gross Profit": "2,636,269", "Operating Expense": "1,725,572", "Operating Income": "910,697", "Net Non Operating Interest Income Expense": "-16,231", "Pretax Income": "894,466", "Tax Provision": "213,752", "Net Income Common Stockholders": "680,714", "Diluted NI Available to Com Stockholders": "680,714", "Basic EPS": "-", "Diluted EPS": "-", "Basic Average Shares": "-", "Diluted Average Shares": "-", "Total Operating Income as Reported": "910,697", "Total Expenses": "5,872,492", "Net Income from Continuing & Discontinued Operation": "680,714", "Normalized Income": "680,714", "Interest Expense": "16,231", "Net Interest Income": "-16,231", "EBIT": "910,697", "EBITDA": "-", "Reconciled Cost of Revenue": "4,146,920", "Reconciled Depreciation": "188,655", "Net Income from Continuing Operation Net Minority Interest": "680,714", "Normalized EBITDA": "1,099,352", "Tax Rate for Calcs": "0", "Tax Effect of Unusual Items": "0"}, "1/31/2020": {"Duration": "1/31/2020", "Total Revenue": "5,898,008", "Cost of Revenue": "3,758,916", "Gross Profit": "2,139,092", "Operating Expense": "1,673,218", "Operating Income": "465,874", "Net Non Operating Interest Income Expense": "-8,853", "Pretax Income": "457,021", "Tax Provision": "100,959", "Net Income Common Stockholders": "356,062", "Diluted NI Available to Com Stockholders": "356,062", "Basic EPS": "4.56", "Diluted EPS": "4.49", "Basic Average Shares": "78,108", "Diluted Average Shares": "79,225", "Total Operating Income as Reported": "-", "Total Expenses": "5,432,134", "Net Income from Continuing & Discontinued Operation": "356,062", "Normalized Income": "356,062", "Interest Expense": "-", "Net Interest Income": "-8,853", "EBIT": "465,874", "EBITDA": "-", "Reconciled Cost of Revenue": "3,758,916", "Reconciled Depreciation": "187,759", "Net Income from Continuing Operation Net Minority Interest": "356,062", "Normalized EBITDA": "653,633", "Tax Rate for Calcs": "0", "Tax Effect of Unusual Items": "0"}, "1/31/2019": {"Duration": "1/31/2019", "Total Revenue": "5,671,593", "Cost of Revenue": "3,570,580", "Gross Profit": "2,101,013", "Operating Expense": "1,665,060", "Operating Income": "435,953", "Net Non Operating Interest Income Expense": "-6,706", "Pretax Income": "429,247", "Tax Provision": "95,563", "Net Income Common Stockholders": "333,684", "Diluted NI Available to Com Stockholders": "333,684", "Basic EPS": "4.10", "Diluted EPS": "4.05", "Basic Average Shares": "81,420", "Diluted Average Shares": "82,340", "Total Operating Income as Reported": "-", "Total Expenses": "5,235,640", "Net Income from Continuing & Discontinued Operation": "333,684", "Normalized Income": "333,684", "Interest Expense": "-", "Net Interest Income": "-6,706", "EBIT": "435,953", "EBITDA": "-", "Reconciled Cost of Revenue": "3,570,580", "Reconciled Depreciation": "188,808", "Net Income from Continuing Operation Net Minority Interest": "333,684", "Normalized EBITDA": "624,761", "Tax Rate for Calcs": "0", "Tax Effect of Unusual Items": "0"}}, "bs": {"1/31/2021": {"Duration": "1/31/2021", "Total Assets": "4,661,424", "Total Liabilities Net Minority Interest": "3,010,239", "Total Equity Gross Minority Interest": "1,651,185", "Total Capitalization": "1,651,185", "Common Stock Equity": "1,651,185", "Capital Lease Obligations": "1,234,811", "Net Tangible Assets": "1,565,739", "Working Capital": "619,080", "Invested Capital": "1,950,535", "Tangible Book Value": "1,565,739", "Total Debt": "1,534,161", "Share Issued": "76,348", "Ordinary Shares Number": "76,340", "Treasury Shares Number": "8"}, "1/31/2020": {"Duration": "1/31/2020", "Total Assets": "4,054,042", "Total Liabilities Net Minority Interest": "2,818,182", "Total Equity Gross Minority Interest": "1,235,860", "Total Capitalization": "1,235,860", "Common Stock Equity": "1,235,860", "Capital Lease Obligations": "1,322,502", "Net Tangible Assets": "1,150,517", "Working Capital": "146,080", "Invested Capital": "1,535,678", "Tangible Book Value": "1,150,517", "Total Debt": "1,622,320", "Share Issued": "77,137", "Ordinary Shares Number": "77,123", "Treasury Shares Number": "14"}, "1/31/2019": {"Duration": "1/31/2019", "Total Assets": "2,812,844", "Total Liabilities Net Minority Interest": "1,657,130", "Total Equity Gross Minority Interest": "1,155,714", "Total Capitalization": "1,455,334", "Common Stock Equity": "1,155,714", "Capital Lease Obligations": "-", "Net Tangible Assets": "1,070,332", "Working Capital": "619,531", "Invested Capital": "1,455,334", "Tangible Book Value": "1,070,332", "Total Debt": "299,620", "Share Issued": "78,813", "Ordinary Shares Number": "78,811", "Treasury Shares Number": "2"}}, "cf": {"TTM": {"Duration": "TTM", "Operating Cash Flow": "1,274,848", "Investing Cash Flow": "-168,884", "Financing Cash Flow": "-343,019", "End Cash Position": "1,200,337", "Income Tax Paid Supplemental Data": "162,842", "Interest Paid Supplemental Data": "18,346", "Capital Expenditure": "-169,513", "Issuance of Debt": "487,823", "Repayment of Debt": "-487,823", "Repurchase of Capital Stock": "-150,000", "Free Cash Flow": "1,105,335"}, "1/31/2021": {"Duration": "1/31/2021", "Operating Cash Flow": "1,274,848", "Investing Cash Flow": "-168,884", "Financing Cash Flow": "-343,019", "End Cash Position": "1,200,337", "Income Tax Paid Supplemental Data": "162,842", "Interest Paid Supplemental Data": "18,346", "Capital Expenditure": "-169,513", "Issuance of Debt": "487,823", "Repayment of Debt": "-487,823", "Repurchase of Capital Stock": "-150,000", "Free Cash Flow": "1,105,335"}, "1/31/2020": {"Duration": "1/31/2020", "Operating Cash Flow": "607,294", "Investing Cash Flow": "-185,548", "Financing Cash Flow": "-327,226", "End Cash Position": "432,162", "Income Tax Paid Supplemental Data": "113,344", "Interest Paid Supplemental Data": "12,682", "Capital Expenditure": "-186,276", "Issuance of Debt": "100,000", "Repayment of Debt": "-100,000", "Repurchase of Capital Stock": "-148,834", "Free Cash Flow": "421,018"}, "1/31/2019": {"Duration": "1/31/2019", "Operating Cash Flow": "585,986", "Investing Cash Flow": "-187,899", "Financing Cash Flow": "-450,066", "End Cash Position": "338,954", "Income Tax Paid Supplemental Data": "107,951", "Interest Paid Supplemental Data": "11,424", "Capital Expenditure": "-190,102", "Issuance of Debt": "60,000", "Repayment of Debt": "-60,000", "Repurchase of Capital Stock": "-295,304", "Free Cash Flow": "395,884"}}}}, {"KIRK": {"quote": {"05/31/2021": {"value": "25.71", "Market Cap": "367.355M", "Beta (5Y Monthly)": "1.98", "PE Ratio (TTM)": "22.96", "EPS (TTM)": "1.12", "Earnings Date": "Jun 01, 2021", "Forward Dividend & Yield": "N/A (N/A)", "Ex-Dividend Date": "Jun 03, 2015", "1y Target Est": "31.33", "Profit Margin ": "3.06%", "Operating Margin (ttm)": "3.25%", "Return on Assets (ttm)": "2.73%", "Return on Equity (ttm)": "19.36%", "Revenue (ttm)": "543.5M", "Revenue Per Share (ttm)": "38.38", "Quarterly Revenue Growth (yoy)": "-6.90%", "Gross Profit (ttm)": "172.84M", "EBITDA ": "40.93M", "Net Income Avi to Common (ttm)": "16.64M", "Diluted EPS (ttm)": "1.12", "Quarterly Earnings Growth (yoy)": "N/A", "Total Cash (mrq)": "100.34M", "Total Cash Per Share (mrq)": "7.02", "Total Debt (mrq)": "193.95M", "Total Debt/Equity (mrq)": "204.32", "Current Ratio (mrq)": "1.24", "Book Value Per Share (mrq)": "6.64", "Operating Cash Flow (ttm)": "78.56M", "Levered Free Cash Flow (ttm)": "61.87M", "Avg Vol (3 month) 3": "653.96k", "Avg Vol (10 day) 3": "454.95k", "Shares Outstanding 5": "14.29M", "Implied Shares Outstanding 6": "N/A", "Float ": "11.07M", "% Held by Insiders 1": "6.50%", "% Held by Institutions 1": "72.01%", "Shares Short (May 13, 2021) 4": "2.18M", "Short Ratio (May 13, 2021) 4": "4.2", "Short % of Float (May 13, 2021) 4": "16.08%", "Short % of Shares Outstanding (May 13, 2021) 4": "15.26%", "Shares Short (prior month Apr 14, 2021) 4": "2.09M", "Forward Annual Dividend Rate 4": "N/A", "Forward Annual Dividend Yield 4": "N/A", "Trailing Annual Dividend Rate 3": "N/A", "Trailing Annual Dividend Yield 3": "N/A", "5 Year Average Dividend Yield 4": "N/A", "Payout Ratio 4": "0.00%", "Dividend Date 3": "Jun 18, 2015", "Ex-Dividend Date 4": "Jun 02, 2015", "Last Split Factor 2": "N/A", "Last Split Date 3": "N/A"}}, "fin": {"TTM": {"Duration": "TTM", "Total Revenue": "543,496", "Cost of Revenue": "370,658", "Gross Profit": "172,838", "Operating Expense": "155,164", "Operating Income": "17,674", "Net Non Operating Interest Income Expense": "-571", "Other Income Expense": "-9,011", "Pretax Income": "8,092", "Tax Provision": "-8,547", "Net Income Common Stockholders": "16,639", "Diluted NI Available to Com Stockholders": "16,639", "Basic EPS": "-", "Diluted EPS": "-", "Basic Average Shares": "-", "Diluted Average Shares": "-", "Total Operating Income as Reported": "8,287", "Total Expenses": "525,822", "Net Income from Continuing & Discontinued Operation": "16,639", "Normalized Income": "22,271", "Interest Expense": "571", "Net Interest Income": "-571", "EBIT": "8,663", "EBITDA": "31,919", "Reconciled Cost of Revenue": "353,707", "Reconciled Depreciation": "23,256", "Net Income from Continuing Operation Net Minority Interest": "16,639", "Total Unusual Items Excluding Goodwill": "-9,387", "Total Unusual Items": "-9,387", "Normalized EBITDA": "41,306", "Tax Rate for Calcs": "0", "Tax Effect of Unusual Items": "-3,755"}, "1/31/2021": {"Duration": "1/31/2021", "Total Revenue": "543,496", "Cost of Revenue": "370,658", "Gross Profit": "172,838", "Operating Expense": "155,164", "Operating Income": "17,674", "Net Non Operating Interest Income Expense": "-571", "Other Income Expense": "-9,011", "Pretax Income": "8,092", "Tax Provision": "-8,547", "Net Income Common Stockholders": "16,639", "Diluted NI Available to Com Stockholders": "16,639", "Basic EPS": "-", "Diluted EPS": "-", "Basic Average Shares": "-", "Diluted Average Shares": "-", "Total Operating Income as Reported": "8,287", "Total Expenses": "525,822", "Net Income from Continuing & Discontinued Operation": "16,639", "Normalized Income": "22,271", "Interest Expense": "571", "Net Interest Income": "-571", "EBIT": "8,663", "EBITDA": "-", "Reconciled Cost of Revenue": "353,707", "Reconciled Depreciation": "23,256", "Net Income from Continuing Operation Net Minority Interest": "16,639", "Total Unusual Items Excluding Goodwill": "-9,387", "Total Unusual Items": "-9,387", "Normalized EBITDA": "41,306", "Tax Rate for Calcs": "0", "Tax Effect of Unusual Items": "-3,755"}, "1/31/2020": {"Duration": "1/31/2020", "Total Revenue": "603,880", "Cost of Revenue": "438,446", "Gross Profit": "165,434", "Operating Expense": "199,246", "Operating Income": "-33,812", "Net Non Operating Interest Income Expense": "-457", "Other Income Expense": "-18,318", "Pretax Income": "-52,587", "Tax Provision": "678", "Net Income Common Stockholders": "-53,265", "Diluted NI Available to Com Stockholders": "-53,265", "Basic EPS": "-3.79", "Diluted EPS": "-3.79", "Basic Average Shares": "14,070", "Diluted Average Shares": "14,070", "Total Operating Income as Reported": "-53,041", "Total Expenses": "637,692", "Net Income from Continuing & Discontinued Operation": "-53,265", "Normalized Income": "-39,228", "Interest Expense": "457", "Net Interest Income": "-457", "EBIT": "-52,130", "EBITDA": "-", "Reconciled Cost of Revenue": "417,430", "Reconciled Depreciation": "27,720", "Net Income from Continuing Operation Net Minority Interest": "-53,265", "Total Unusual Items Excluding Goodwill": "-19,229", "Total Unusual Items": "-19,229", "Normalized EBITDA": "-5,181", "Tax Rate for Calcs": "0", "Tax Effect of Unusual Items": "-5,192"}, "1/31/2019": {"Duration": "1/31/2019", "Total Revenue": "647,071", "Cost of Revenue": "444,002", "Gross Profit": "203,069", "Operating Expense": "198,188", "Operating Income": "4,881", "Net Non Operating Interest Income Expense": "-267", "Other Income Expense": "1,197", "Pretax Income": "5,811", "Tax Provision": "2,031", "Net Income Common Stockholders": "3,780", "Diluted NI Available to Com Stockholders": "3,780", "Basic EPS": "0.24", "Diluted EPS": "0.24", "Basic Average Shares": "15,445", "Diluted Average Shares": "15,566", "Total Operating Income as Reported": "4,881", "Total Expenses": "642,190", "Net Income from Continuing & Discontinued Operation": "3,780", "Normalized Income": "3,780", "Interest Expense": "267", "Net Interest Income": "-267", "EBIT": "6,078", "EBITDA": "-", "Reconciled Cost of Revenue": "421,783", "Reconciled Depreciation": "29,453", "Net Income from Continuing Operation Net Minority Interest": "3,780", "Total Unusual Items Excluding Goodwill": "-", "Total Unusual Items": "-", "Normalized EBITDA": "35,531", "Tax Rate for Calcs": "0", "Tax Effect of Unusual Items": "0"}}, "bs": {"1/31/2021": {"Duration": "1/31/2021", "Total Assets": "387,112", "Total Liabilities Net Minority Interest": "292,190", "Total Equity Gross Minority Interest": "94,922", "Total Capitalization": "94,922", "Common Stock Equity": "94,922", "Capital Lease Obligations": "193,949", "Net Tangible Assets": "94,922", "Working Capital": "33,098", "Invested Capital": "94,922", "Tangible Book Value": "94,922", "Total Debt": "193,949", "Share Issued": "14,292", "Ordinary Shares Number": "14,292"}, "1/31/2020": {"Duration": "1/31/2020", "Total Assets": "422,442", "Total Liabilities Net Minority Interest": "345,487", "Total Equity Gross Minority Interest": "76,955", "Total Capitalization": "76,955", "Common Stock Equity": "76,955", "Capital Lease Obligations": "248,890", "Net Tangible Assets": "76,955", "Working Capital": "-9,929", "Invested Capital": "76,955", "Tangible Book Value": "76,955", "Total Debt": "248,890", "Share Issued": "13,956", "Ordinary Shares Number": "13,956"}, "1/31/2019": {"Duration": "1/31/2019", "Total Assets": "277,148", "Total Liabilities Net Minority Interest": "146,348", "Total Equity Gross Minority Interest": "130,800", "Total Capitalization": "130,800", "Common Stock Equity": "130,800", "Capital Lease Obligations": "-", "Net Tangible Assets": "130,800", "Working Capital": "71,405", "Invested Capital": "130,800", "Tangible Book Value": "130,800", "Total Debt": "-", "Share Issued": "14,505", "Ordinary Shares Number": "14,505"}}, "cf": {"TTM": {"Duration": "TTM", "Operating Cash Flow": "78,563", "Investing Cash Flow": "-8,489", "Financing Cash Flow": "131", "End Cash Position": "100,337", "Income Tax Paid Supplemental Data": "-", "Interest Paid Supplemental Data": "442", "Capital Expenditure": "-8,698", "Issuance of Debt": "40,000", "Repayment of Debt": "-40,000", "Repurchase of Capital Stock": "-178", "Free Cash Flow": "69,865"}, "1/31/2021": {"Duration": "1/31/2021", "Operating Cash Flow": "78,563", "Investing Cash Flow": "-8,489", "Financing Cash Flow": "131", "End Cash Position": "100,337", "Income Tax Paid Supplemental Data": "-", "Interest Paid Supplemental Data": "442", "Capital Expenditure": "-8,698", "Issuance of Debt": "40,000", "Repayment of Debt": "-40,000", "Repurchase of Capital Stock": "-178", "Free Cash Flow": "69,865"}, "1/31/2020": {"Duration": "1/31/2020", "Operating Cash Flow": "-8,269", "Investing Cash Flow": "-15,680", "Financing Cash Flow": "-3,865", "End Cash Position": "30,132", "Income Tax Paid Supplemental Data": "1,091", "Interest Paid Supplemental Data": "377", "Capital Expenditure": "-15,680", "Issuance of Debt": "25,000", "Repayment of Debt": "-25,000", "Repurchase of Capital Stock": "-3,657", "Free Cash Flow": "-23,949"}, "1/31/2019": {"Duration": "1/31/2019", "Operating Cash Flow": "22,321", "Investing Cash Flow": "-28,775", "Financing Cash Flow": "-15,756", "End Cash Position": "57,946", "Income Tax Paid Supplemental Data": "5,966", "Interest Paid Supplemental Data": "190", "Capital Expenditure": "-28,775", "Issuance of Debt": "-", "Repayment of Debt": "-", "Repurchase of Capital Stock": "-15,717", "Free Cash Flow": "-6,454"}}}}]