[{"BGI": {"quote": {"05/31/2021": {"value": "3.3200", "Market Cap": "59.663M", "Beta (5Y Monthly)": "2.04", "PE Ratio (TTM)": "N/A", "EPS (TTM)": "-0.7380", "Earnings Date": "Nov 25, 2020", "Forward Dividend & Yield": "N/A (N/A)", "Ex-Dividend Date": "N/A", "1y Target Est": "N/A", "Profit Margin ": "-7.81%", "Operating Margin (ttm)": "-6.22%", "Return on Assets (ttm)": "-2.62%", "Return on Equity (ttm)": "-171.96%", "Revenue (ttm)": "141.1M", "Revenue Per Share (ttm)": "7.85", "Quarterly Revenue Growth (yoy)": "-33.20%", "Gross Profit (ttm)": "64.48M", "EBITDA ": "-3.5M", "Net Income Avi to Common (ttm)": "-10.59M", "Diluted EPS (ttm)": "-0.7380", "Quarterly Earnings Growth (yoy)": "N/A", "Total Cash (mrq)": "2.41M", "Total Cash Per Share (mrq)": "0.13", "Total Debt (mrq)": "161.01M", "Total Debt/Equity (mrq)": "25,119.19", "Current Ratio (mrq)": "1.00", "Book Value Per Share (mrq)": "0.04", "Operating Cash Flow (ttm)": "-6.97M", "Levered Free Cash Flow (ttm)": "-8.69M", "Avg Vol (3 month) 3": "893.62k", "Avg Vol (10 day) 3": "695.43k", "Shares Outstanding 5": "10.25M", "Implied Shares Outstanding 6": "17.97M", "Float ": "3.8M", "% Held by Insiders 1": "62.90%", "% Held by Institutions 1": "2.12%", "Shares Short (May 13, 2021) 4": "448.2k", "Short Ratio (May 13, 2021) 4": "0.46", "Short % of Float (May 13, 2021) 4": "10.37%", "Short % of Shares Outstanding (May 13, 2021) 4": "2.49%", "Shares Short (prior month Apr 14, 2021) 4": "108.67k", "Forward Annual Dividend Rate 4": "N/A", "Forward Annual Dividend Yield 4": "N/A", "Trailing Annual Dividend Rate 3": "N/A", "Trailing Annual Dividend Yield 3": "N/A", "5 Year Average Dividend Yield 4": "N/A", "Payout Ratio 4": "0.00%", "Dividend Date 3": "N/A", "Ex-Dividend Date 4": "N/A", "Last Split Factor 2": "N/A", "Last Split Date 3": "N/A"}}, "fin": {"TTM": {"Duration": "TTM", "Total Revenue": "141,102", "Cost of Revenue": "86,406", "Gross Profit": "54,696", "Operating Expense": "60,270", "Operating Income": "-5,574", "Net Non Operating Interest Income Expense": "-4,703", "Other Income Expense": "-", "Pretax Income": "-10,586", "Tax Provision": "0", "Net Income Common Stockholders": "-11,021", "Diluted NI Available to Com Stockholders": "-11,021", "Basic EPS": "-", "Diluted EPS": "-", "Basic Average Shares": "-", "Diluted Average Shares": "-", "Total Operating Income as Reported": "-5,883", "Total Expenses": "146,676", "Net Income from Continuing & Discontinued Operation": "-11,021", "Normalized Income": "-10,586", "Interest Expense": "4,703", "Net Interest Income": "-4,703", "EBIT": "-5,883", "EBITDA": "1,688", "Reconciled Cost of Revenue": "84,123", "Reconciled Depreciation": "7,571", "Net Income from Continuing Operation Net Minority Interest": "-10,586", "Total Unusual Items Excluding Goodwill": "-", "Total Unusual Items": "-", "Normalized EBITDA": "1,688", "Tax Rate for Calcs": "0", "Tax Effect of Unusual Items": "0"}, "3/31/2020": {"Duration": "3/31/2020", "Total Revenue": "169,420", "Cost of Revenue": "104,943", "Gross Profit": "64,477", "Operating Expense": "70,712", "Operating Income": "-6,235", "Net Non Operating Interest Income Expense": "-5,683", "Other Income Expense": "-309", "Pretax Income": "-12,227", "Tax Provision": "0", "Net Income Common Stockholders": "-12,779", "Diluted NI Available to Com Stockholders": "-12,779", "Basic EPS": "-0.71", "Diluted EPS": "-0.71", "Basic Average Shares": "17,968", "Diluted Average Shares": "17,968", "Total Operating Income as Reported": "-6,544", "Total Expenses": "175,655", "Net Income from Continuing & Discontinued Operation": "-12,779", "Normalized Income": "-11,918", "Interest Expense": "5,683", "Net Interest Income": "-5,683", "EBIT": "-6,544", "EBITDA": "-", "Reconciled Cost of Revenue": "102,646", "Reconciled Depreciation": "7,142", "Net Income from Continuing Operation Net Minority Interest": "-12,227", "Total Unusual Items Excluding Goodwill": "-309", "Total Unusual Items": "-309", "Normalized EBITDA": "907", "Tax Rate for Calcs": "0", "Tax Effect of Unusual Items": "0"}, "3/31/2019": {"Duration": "3/31/2019", "Total Revenue": "151,049", "Cost of Revenue": "92,472", "Gross Profit": "58,577", "Operating Expense": "70,965", "Operating Income": "-12,388", "Net Non Operating Interest Income Expense": "-4,689", "Other Income Expense": "-1,228", "Pretax Income": "-18,305", "Tax Provision": "0", "Net Income Common Stockholders": "-18,686", "Diluted NI Available to Com Stockholders": "-18,686", "Basic EPS": "-1.04", "Diluted EPS": "-1.04", "Basic Average Shares": "17,961", "Diluted Average Shares": "17,961", "Total Operating Income as Reported": "-13,616", "Total Expenses": "163,437", "Net Income from Continuing & Discontinued Operation": "-18,686", "Normalized Income": "-17,077", "Interest Expense": "4,689", "Net Interest Income": "-4,689", "EBIT": "-13,616", "EBITDA": "-", "Reconciled Cost of Revenue": "92,472", "Reconciled Depreciation": "3,859", "Net Income from Continuing Operation Net Minority Interest": "-18,305", "Total Unusual Items Excluding Goodwill": "-1,228", "Total Unusual Items": "-1,228", "Normalized EBITDA": "-8,529", "Tax Rate for Calcs": "0", "Tax Effect of Unusual Items": "0"}, "3/31/2018": {"Duration": "3/31/2018", "Total Revenue": "147,709", "Cost of Revenue": "91,463", "Gross Profit": "56,246", "Operating Expense": "70,217", "Operating Income": "-13,970", "Net Non Operating Interest Income Expense": "-4,024", "Other Income Expense": "-3,673", "Pretax Income": "-21,667", "Tax Provision": "0", "Net Income Common Stockholders": "15,108", "Diluted NI Available to Com Stockholders": "15,108", "Basic EPS": "0.84", "Diluted EPS": "0.83", "Basic Average Shares": "17,961", "Diluted Average Shares": "18,393", "Total Operating Income as Reported": "-17,643", "Total Expenses": "161,679", "Net Income from Continuing & Discontinued Operation": "15,108", "Normalized Income": "-17,995", "Interest Expense": "4,024", "Net Interest Income": "-4,024", "EBIT": "-17,643", "EBITDA": "-", "Reconciled Cost of Revenue": "91,463", "Reconciled Depreciation": "3,292", "Net Income from Continuing Operation Net Minority Interest": "-21,667", "Total Unusual Items Excluding Goodwill": "-3,673", "Total Unusual Items": "-3,673", "Normalized EBITDA": "-10,679", "Tax Rate for Calcs": "0", "Tax Effect of Unusual Items": "0"}, "3/31/2017": {"Duration": "3/31/2017", "Total Revenue": "382,632", "Cost of Revenue": "238,027", "Gross Profit": "144,605", "Operating Expense": "132,371", "Operating Income": "12,234", "Net Non Operating Interest Income Expense": "-11,577", "Other Income Expense": "-1,123", "Pretax Income": "-465.4194", "Tax Provision": "-7,037", "Net Income Common Stockholders": "6,572", "Diluted NI Available to Com Stockholders": "6,572", "Basic EPS": "0.36", "Diluted EPS": "0.36", "Basic Average Shares": "17,961", "Diluted Average Shares": "18,418", "Total Operating Income as Reported": "11,111", "Total Expenses": "370,398", "Net Income from Continuing & Discontinued Operation": "6,572", "Normalized Income": "7,397", "Interest Expense": "11,577", "Net Interest Income": "-11,577", "EBIT": "11,111", "EBITDA": "-", "Reconciled Cost of Revenue": "237,985", "Reconciled Depreciation": "6,755", "Net Income from Continuing Operation Net Minority Interest": "6,572", "Total Unusual Items Excluding Goodwill": "-1,123", "Total Unusual Items": "-1,123", "Normalized EBITDA": "18,989", "Tax Rate for Calcs": "0", "Tax Effect of Unusual Items": "-297.5617"}, "3/31/2016": {"Duration": "3/31/2016", "Total Revenue": "371,014", "Cost of Revenue": "229,025", "Gross Profit": "141,989", "Operating Expense": "125,071", "Operating Income": "16,917", "Net Non Operating Interest Income Expense": "-13,006", "Other Income Expense": "3,213", "Pretax Income": "7,124", "Tax Provision": "64.902", "Net Income Common Stockholders": "7,059", "Diluted NI Available to Com Stockholders": "7,059", "Basic EPS": "0.39", "Diluted EPS": "0.39", "Basic Average Shares": "17,961", "Diluted Average Shares": "17,961", "Total Operating Income as Reported": "20,130", "Total Expenses": "354,096", "Net Income from Continuing & Discontinued Operation": "7,059", "Normalized Income": "3,875", "Interest Expense": "13,006", "Net Interest Income": "-13,006", "EBIT": "20,130", "EBITDA": "-", "Reconciled Cost of Revenue": "228,965", "Reconciled Depreciation": "6,847", "Net Income from Continuing Operation Net Minority Interest": "7,059", "Total Unusual Items Excluding Goodwill": "3,213", "Total Unusual Items": "3,213", "Normalized EBITDA": "23,765", "Tax Rate for Calcs": "0", "Tax Effect of Unusual Items": "29.2698"}, "3/31/2015": {"Duration": "3/31/2015", "Total Revenue": "382,415", "Cost of Revenue": "233,062", "Gross Profit": "149,353", "Operating Expense": "139,036", "Operating Income": "10,317", "Net Non Operating Interest Income Expense": "-17,658", "Other Income Expense": "-3,603", "Pretax Income": "-10,944", "Tax Provision": "0", "Net Income Common Stockholders": "-10,944", "Diluted NI Available to Com Stockholders": "-10,944", "Basic EPS": "-0.61", "Diluted EPS": "-0.61", "Basic Average Shares": "17,937", "Diluted Average Shares": "17,937", "Total Operating Income as Reported": "6,714", "Total Expenses": "372,098", "Net Income from Continuing & Discontinued Operation": "-10,944", "Normalized Income": "-7,341", "Interest Expense": "14,307", "Net Interest Income": "-17,658", "EBIT": "3,363", "EBITDA": "-", "Reconciled Cost of Revenue": "232,987", "Reconciled Depreciation": "7,595", "Net Income from Continuing Operation Net Minority Interest": "-10,944", "Total Unusual Items Excluding Goodwill": "-3,603", "Total Unusual Items": "-3,603", "Normalized EBITDA": "14,562", "Tax Rate for Calcs": "0", "Tax Effect of Unusual Items": "0"}, "3/31/2014": {"Duration": "3/31/2014", "Total Revenue": "310,794", "Cost of Revenue": "184,044", "Gross Profit": "126,751", "Operating Expense": "122,629", "Operating Income": "4,122", "Net Non Operating Interest Income Expense": "-10,514", "Other Income Expense": "0", "Pretax Income": "-6,392", "Tax Provision": "19.8968", "Net Income Common Stockholders": "-6,412", "Diluted NI Available to Com Stockholders": "-6,412", "Basic EPS": "-0.39", "Diluted EPS": "-0.39", "Basic Average Shares": "16,617", "Diluted Average Shares": "16,617", "Total Operating Income as Reported": "4,122", "Total Expenses": "306,672", "Net Income from Continuing & Discontinued Operation": "-6,412", "Normalized Income": "-6,412", "Interest Expense": "10,514", "Net Interest Income": "-10,514", "EBIT": "4,122", "EBITDA": "-", "Reconciled Cost of Revenue": "183,936", "Reconciled Depreciation": "6,105", "Net Income from Continuing Operation Net Minority Interest": "-6,412", "Total Unusual Items Excluding Goodwill": "-", "Total Unusual Items": "-", "Normalized EBITDA": "10,227", "Tax Rate for Calcs": "0", "Tax Effect of Unusual Items": "0"}, "3/31/2013": {"Duration": "3/31/2013", "Total Revenue": "297,868", "Cost of Revenue": "169,492", "Gross Profit": "128,376", "Operating Expense": "117,382", "Operating Income": "10,994", "Net Non Operating Interest Income Expense": "-9,434", "Other Income Expense": "0", "Pretax Income": "1,560", "Tax Provision": "20.349", "Net Income Common Stockholders": "1,539", "Diluted NI Available to Com Stockholders": "1,539", "Basic EPS": "0.11", "Diluted EPS": "0.11", "Basic Average Shares": "13,538", "Diluted Average Shares": "13,544", "Total Operating Income as Reported": "10,994", "Total Expenses": "286,874", "Net Income from Continuing & Discontinued Operation": "1,539", "Normalized Income": "1,539", "Interest Expense": "9,434", "Net Interest Income": "-9,434", "EBIT": "10,994", "EBITDA": "-", "Reconciled Cost of Revenue": "169,280", "Reconciled Depreciation": "4,854", "Net Income from Continuing Operation Net Minority Interest": "1,539", "Total Unusual Items Excluding Goodwill": "-", "Total Unusual Items": "-", "Normalized EBITDA": "15,848", "Tax Rate for Calcs": "0", "Tax Effect of Unusual Items": "0"}, "3/31/2012": {"Duration": "3/31/2012", "Total Revenue": "301,625", "Cost of Revenue": "168,700", "Gross Profit": "132,925", "Operating Expense": "122,507", "Operating Income": "10,418", "Net Non Operating Interest Income Expense": "-10,177", "Other Income Expense": "0", "Pretax Income": "241.4458", "Tax Provision": "22.9473", "Net Income Common Stockholders": "218.4985", "Diluted NI Available to Com Stockholders": "218.4985", "Basic EPS": "0.02", "Diluted EPS": "0.02", "Basic Average Shares": "11,392", "Diluted Average Shares": "11,438", "Total Operating Income as Reported": "10,418", "Total Expenses": "291,207", "Net Income from Continuing & Discontinued Operation": "218.4985", "Normalized Income": "218.4985", "Interest Expense": "10,177", "Net Interest Income": "-10,177", "EBIT": "10,418", "EBITDA": "-", "Reconciled Cost of Revenue": "168,421", "Reconciled Depreciation": "4,981", "Net Income from Continuing Operation Net Minority Interest": "218.4985", "Total Unusual Items Excluding Goodwill": "0", "Total Unusual Items": "0", "Normalized EBITDA": "15,399", "Tax Rate for Calcs": "0", "Tax Effect of Unusual Items": "0"}, "3/31/2011": {"Duration": "3/31/2011", "Total Revenue": "263,337", "Cost of Revenue": "150,503", "Gross Profit": "112,834", "Operating Expense": "109,338", "Operating Income": "3,496", "Net Non Operating Interest Income Expense": "-11,001", "Other Income Expense": "0", "Pretax Income": "-7,505", "Tax Provision": "23.3258", "Net Income Common Stockholders": "-7,528", "Diluted NI Available to Com Stockholders": "-7,528", "Basic EPS": "-0.66", "Diluted EPS": "-0.66", "Basic Average Shares": "11,390", "Diluted Average Shares": "11,390", "Total Operating Income as Reported": "3,496", "Total Expenses": "259,841", "Net Income from Continuing & Discontinued Operation": "-7,528", "Normalized Income": "-7,528", "Interest Expense": "11,001", "Net Interest Income": "-11,001", "EBIT": "3,496", "EBITDA": "-", "Reconciled Cost of Revenue": "149,997", "Reconciled Depreciation": "5,625", "Net Income from Continuing Operation Net Minority Interest": "-7,528", "Total Unusual Items Excluding Goodwill": "0", "Total Unusual Items": "0", "Normalized EBITDA": "9,121", "Tax Rate for Calcs": "0", "Tax Effect of Unusual Items": "0"}, "3/31/2010": {"Duration": "3/31/2010", "Total Revenue": "260,005", "Cost of Revenue": "153,528", "Gross Profit": "106,477", "Operating Expense": "113,606", "Operating Income": "-7,129", "Net Non Operating Interest Income Expense": "-11,343", "Other Income Expense": "-1,379", "Pretax Income": "-19,851", "Tax Provision": "-2.0388", "Net Income Common Stockholders": "-19,849", "Diluted NI Available to Com Stockholders": "-19,849", "Basic EPS": "-1.74", "Diluted EPS": "-1.74", "Basic Average Shares": "11,390", "Diluted Average Shares": "11,390", "Total Operating Income as Reported": "-8,508", "Total Expenses": "267,134", "Net Income from Continuing & Discontinued Operation": "-19,849", "Normalized Income": "-18,470", "Interest Expense": "11,343", "Net Interest Income": "-11,343", "EBIT": "-8,508", "EBITDA": "-", "Reconciled Cost of Revenue": "152,784", "Reconciled Depreciation": "6,037", "Net Income from Continuing Operation Net Minority Interest": "-19,849", "Total Unusual Items Excluding Goodwill": "-1,379", "Total Unusual Items": "-1,379", "Normalized EBITDA": "-1,092", "Tax Rate for Calcs": "0", "Tax Effect of Unusual Items": "-0.1417"}, "3/31/2009": {"Duration": "3/31/2009", "Total Revenue": "342,060", "Cost of Revenue": "196,094", "Gross Profit": "145,967", "Operating Expense": "151,779", "Operating Income": "-5,812", "Net Non Operating Interest Income Expense": "-12,585", "Other Income Expense": "-17,116", "Pretax Income": "-35,513", "Tax Provision": "41,485", "Net Income Common Stockholders": "-76,998", "Diluted NI Available to Com Stockholders": "-76,998", "Basic EPS": "-6.79", "Diluted EPS": "-6.79", "Basic Average Shares": "11,339", "Diluted Average Shares": "11,339", "Total Operating Income as Reported": "-22,928", "Total Expenses": "347,873", "Net Income from Continuing & Discontinued Operation": "-76,998", "Normalized Income": "-64,846", "Interest Expense": "12,585", "Net Interest Income": "-12,585", "EBIT": "-22,928", "EBITDA": "-", "Reconciled Cost of Revenue": "194,024", "Reconciled Depreciation": "9,913", "Net Income from Continuing Operation Net Minority Interest": "-76,998", "Total Unusual Items Excluding Goodwill": "-17,116", "Total Unusual Items": "-17,116", "Normalized EBITDA": "4,101", "Tax Rate for Calcs": "0", "Tax Effect of Unusual Items": "-4,964"}, "3/31/2008": {"Duration": "3/31/2008", "Total Revenue": "323,967", "Cost of Revenue": "173,200", "Gross Profit": "150,767", "Operating Expense": "139,143", "Operating Income": "11,624", "Net Non Operating Interest Income Expense": "-", "Other Income Expense": "0", "Pretax Income": "656.6934", "Tax Provision": "-10,082", "Net Income Common Stockholders": "10,739", "Diluted NI Available to Com Stockholders": "10,739", "Basic EPS": "0.96", "Diluted EPS": "0.92", "Basic Average Shares": "11,263", "Diluted Average Shares": "11,720", "Total Operating Income as Reported": "11,624", "Total Expenses": "312,343", "Net Income from Continuing & Discontinued Operation": "10,739", "Normalized Income": "10,739", "Interest Expense": "-", "Net Interest Income": "-", "EBIT": "11,624", "EBITDA": "-", "Reconciled Cost of Revenue": "172,244", "Reconciled Depreciation": "8,034", "Net Income from Continuing Operation Net Minority Interest": "10,739", "Total Unusual Items Excluding Goodwill": "-", "Total Unusual Items": "-", "Normalized EBITDA": "19,658", "Tax Rate for Calcs": "0", "Tax Effect of Unusual Items": "0"}, "3/31/2007": {"Duration": "3/31/2007", "Total Revenue": "339,484", "Cost of Revenue": "175,350", "Gross Profit": "164,134", "Operating Expense": "140,618", "Operating Income": "23,516", "Net Non Operating Interest Income Expense": "-", "Other Income Expense": "-", "Pretax Income": "11,890", "Tax Provision": "-3,249", "Net Income Common Stockholders": "15,139", "Diluted NI Available to Com Stockholders": "15,139", "Basic EPS": "1.35", "Diluted EPS": "1.28", "Basic Average Shares": "11,213", "Diluted Average Shares": "11,788", "Total Operating Income as Reported": "23,516", "Total Expenses": "315,968", "Net Income from Continuing & Discontinued Operation": "15,139", "Normalized Income": "15,139", "Interest Expense": "-", "Net Interest Income": "-", "EBIT": "23,516", "EBITDA": "-", "Reconciled Cost of Revenue": "173,658", "Reconciled Depreciation": "9,118", "Net Income from Continuing Operation Net Minority Interest": "15,139", "Total Unusual Items Excluding Goodwill": "-", "Total Unusual Items": "-", "Normalized EBITDA": "32,634", "Tax Rate for Calcs": "0", "Tax Effect of Unusual Items": "0"}, "3/31/2006": {"Duration": "3/31/2006", "Total Revenue": "319,806", "Cost of Revenue": "168,818", "Gross Profit": "150,987", "Operating Expense": "133,871", "Operating Income": "17,116", "Net Non Operating Interest Income Expense": "-", "Other Income Expense": "626.0346", "Pretax Income": "6,706", "Tax Provision": "46.632", "Net Income Common Stockholders": "6,659", "Diluted NI Available to Com Stockholders": "6,659", "Basic EPS": "0.77", "Diluted EPS": "0.66", "Basic Average Shares": "8,701", "Diluted Average Shares": "10,295", "Total Operating Income as Reported": "17,116", "Total Expenses": "302,689", "Net Income from Continuing & Discontinued Operation": "6,659", "Normalized Income": "6,037", "Interest Expense": "-", "Net Interest Income": "-", "EBIT": "17,116", "EBITDA": "-", "Reconciled Cost of Revenue": "167,310", "Reconciled Depreciation": "8,062", "Net Income from Continuing Operation Net Minority Interest": "6,659", "Total Unusual Items Excluding Goodwill": "626.0346", "Total Unusual Items": "626.0346", "Normalized EBITDA": "24,552", "Tax Rate for Calcs": "0", "Tax Effect of Unusual Items": "4.3535"}, "3/31/2005": {"Duration": "3/31/2005", "Total Revenue": "289,482", "Cost of Revenue": "157,306", "Gross Profit": "132,177", "Operating Expense": "120,283", "Operating Income": "11,894", "Net Non Operating Interest Income Expense": "-", "Other Income Expense": "1,429", "Pretax Income": "1,412", "Tax Provision": "-", "Net Income Common Stockholders": "1,412", "Diluted NI Available to Com Stockholders": "1,412", "Basic EPS": "0.22", "Diluted EPS": "0.21", "Basic Average Shares": "6,316", "Diluted Average Shares": "9,656", "Total Operating Income as Reported": "11,894", "Total Expenses": "277,589", "Net Income from Continuing & Discontinued Operation": "1,412", "Normalized Income": "554.5265", "Interest Expense": "-", "Net Interest Income": "-", "EBIT": "11,894", "EBITDA": "-", "Reconciled Cost of Revenue": "155,941", "Reconciled Depreciation": "7,109", "Net Income from Continuing Operation Net Minority Interest": "1,412", "Total Unusual Items Excluding Goodwill": "1,429", "Total Unusual Items": "1,429", "Normalized EBITDA": "17,575", "Tax Rate for Calcs": "0", "Tax Effect of Unusual Items": "571.4623"}, "3/31/2004": {"Duration": "3/31/2004", "Total Revenue": "283,559", "Cost of Revenue": "-", "Gross Profit": "-", "Operating Expense": "-", "Operating Income": "283,559", "Net Non Operating Interest Income Expense": "-", "Other Income Expense": "-", "Pretax Income": "-", "Tax Provision": "-", "Net Income Common Stockholders": "-2,903", "Diluted NI Available to Com Stockholders": "-2,903", "Basic EPS": "-0.46", "Diluted EPS": "-0.46", "Basic Average Shares": "6,313", "Diluted Average Shares": "6,313", "Total Operating Income as Reported": "-", "Total Expenses": "-", "Net Income from Continuing & Discontinued Operation": "-2,903", "Normalized Income": "-2,903", "Interest Expense": "-", "Net Interest Income": "-", "EBIT": "283,559", "EBITDA": "-", "Reconciled Cost of Revenue": "-", "Reconciled Depreciation": "-", "Net Income from Continuing Operation Net Minority Interest": "-2,903", "Total Unusual Items Excluding Goodwill": "-", "Total Unusual Items": "-", "Normalized EBITDA": "283,559", "Tax Rate for Calcs": "0", "Tax Effect of Unusual Items": "0"}, "3/31/2003": {"Duration": "3/31/2003", "Total Revenue": "222,995", "Cost of Revenue": "123,753", "Gross Profit": "99,242", "Operating Expense": "98,134", "Operating Income": "1,108", "Net Non Operating Interest Income Expense": "-", "Other Income Expense": "-", "Pretax Income": "7,154", "Tax Provision": "1,455", "Net Income Common Stockholders": "17,756", "Diluted NI Available to Com Stockholders": "17,756", "Basic EPS": "3.01", "Diluted EPS": "1.88", "Basic Average Shares": "6,313", "Diluted Average Shares": "9,503", "Total Operating Income as Reported": "1,108", "Total Expenses": "221,887", "Net Income from Continuing & Discontinued Operation": "17,756", "Normalized Income": "17,756", "Interest Expense": "-", "Net Interest Income": "-", "EBIT": "1,108", "EBITDA": "-", "Reconciled Cost of Revenue": "123,753", "Reconciled Depreciation": "4,779", "Net Income from Continuing Operation Net Minority Interest": "17,756", "Total Unusual Items Excluding Goodwill": "-", "Total Unusual Items": "-", "Normalized EBITDA": "5,887", "Tax Rate for Calcs": "0", "Tax Effect of Unusual Items": "0"}, "3/31/2002": {"Duration": "3/31/2002", "Total Revenue": "120,970", "Cost of Revenue": "58,708", "Gross Profit": "62,262", "Operating Expense": "60,097", "Operating Income": "2,164", "Net Non Operating Interest Income Expense": "-", "Other Income Expense": "-3,782", "Pretax Income": "-3,868", "Tax Provision": "0", "Net Income Common Stockholders": "-3,868", "Diluted NI Available to Com Stockholders": "-3,868", "Basic EPS": "-0.61", "Diluted EPS": "-0.61", "Basic Average Shares": "6,313", "Diluted Average Shares": "6,313", "Total Operating Income as Reported": "2,164", "Total Expenses": "118,806", "Net Income from Continuing & Discontinued Operation": "-3,868", "Normalized Income": "-3,868", "Interest Expense": "-", "Net Interest Income": "-", "EBIT": "2,164", "EBITDA": "-", "Reconciled Cost of Revenue": "58,708", "Reconciled Depreciation": "4,616", "Net Income from Continuing Operation Net Minority Interest": "-3,868", "Total Unusual Items Excluding Goodwill": "-", "Total Unusual Items": "-", "Normalized EBITDA": "6,780", "Tax Rate for Calcs": "0", "Tax Effect of Unusual Items": "0"}}, "bs": {"3/31/2020": {"Duration": "3/31/2020", "Total Assets": "210,652", "Total Liabilities Net Minority Interest": "207,242", "Total Equity Gross Minority Interest": "3,410", "Total Capitalization": "19,627", "Preferred Stock Equity": "-", "Common Stock Equity": "3,410", "Capital Lease Obligations": "78,459", "Net Tangible Assets": "-1,532", "Working Capital": "-6,276", "Invested Capital": "77,726", "Tangible Book Value": "-1,532", "Total Debt": "152,775", "Net Debt": "73,751", "Share Issued": "17,971", "Ordinary Shares Number": "17,971"}, "3/31/2019": {"Duration": "3/31/2019", "Total Assets": "133,795", "Total Liabilities Net Minority Interest": "120,012", "Total Equity Gross Minority Interest": "13,783", "Total Capitalization": "29,894", "Preferred Stock Equity": "-", "Common Stock Equity": "13,783", "Capital Lease Obligations": "-", "Net Tangible Assets": "9,380", "Working Capital": "7,464", "Invested Capital": "77,908", "Tangible Book Value": "9,380", "Total Debt": "64,125", "Net Debt": "62,946", "Share Issued": "17,961", "Ordinary Shares Number": "17,961"}, "3/31/2018": {"Duration": "3/31/2018", "Total Assets": "120,472", "Total Liabilities Net Minority Interest": "87,945", "Total Equity Gross Minority Interest": "32,527", "Total Capitalization": "37,379", "Preferred Stock Equity": "-", "Common Stock Equity": "32,527", "Capital Lease Obligations": "-", "Net Tangible Assets": "28,643", "Working Capital": "22,855", "Invested Capital": "77,736", "Tangible Book Value": "28,643", "Total Debt": "45,210", "Net Debt": "44,204", "Share Issued": "17,961", "Ordinary Shares Number": "17,961"}, "3/31/2017": {"Duration": "3/31/2017", "Total Assets": "238,628", "Total Liabilities Net Minority Interest": "221,564", "Total Equity Gross Minority Interest": "17,064", "Total Capitalization": "57,772", "Preferred Stock Equity": "-", "Common Stock Equity": "17,064", "Capital Lease Obligations": "-", "Net Tangible Assets": "16,144", "Working Capital": "28,643", "Invested Capital": "155,449", "Tangible Book Value": "16,144", "Total Debt": "138,384", "Net Debt": "135,792", "Share Issued": "17,961", "Ordinary Shares Number": "17,961"}, "3/31/2016": {"Duration": "3/31/2016", "Total Assets": "239,670", "Total Liabilities Net Minority Interest": "229,670", "Total Equity Gross Minority Interest": "10,000", "Total Capitalization": "71,662", "Preferred Stock Equity": "-", "Common Stock Equity": "10,000", "Capital Lease Obligations": "-", "Net Tangible Assets": "8,972", "Working Capital": "35,852", "Invested Capital": "161,070", "Tangible Book Value": "8,972", "Total Debt": "151,070", "Net Debt": "148,027", "Share Issued": "17,961", "Ordinary Shares Number": "17,961"}, "3/31/2015": {"Duration": "3/31/2015", "Total Assets": "228,463", "Total Liabilities Net Minority Interest": "224,884", "Total Equity Gross Minority Interest": "3,579", "Total Capitalization": "69,554", "Preferred Stock Equity": "-", "Common Stock Equity": "3,579", "Capital Lease Obligations": "-", "Net Tangible Assets": "2,416", "Working Capital": "33,105", "Invested Capital": "157,149", "Tangible Book Value": "2,416", "Total Debt": "153,570", "Net Debt": "150,583", "Share Issued": "17,961", "Ordinary Shares Number": "17,961"}, "3/31/2014": {"Duration": "3/31/2014", "Total Assets": "210,568", "Total Liabilities Net Minority Interest": "195,511", "Total Equity Gross Minority Interest": "15,057", "Total Capitalization": "70,562", "Preferred Stock Equity": "-", "Common Stock Equity": "15,057", "Capital Lease Obligations": "-", "Net Tangible Assets": "13,882", "Working Capital": "36,814", "Invested Capital": "157,310", "Tangible Book Value": "13,882", "Total Debt": "142,252", "Net Debt": "139,679", "Share Issued": "17,850", "Ordinary Shares Number": "17,850"}, "3/31/2013": {"Duration": "3/31/2013", "Total Assets": "183,092", "Total Liabilities Net Minority Interest": "166,456", "Total Equity Gross Minority Interest": "16,636", "Total Capitalization": "55,401", "Preferred Stock Equity": "-", "Common Stock Equity": "16,636", "Capital Lease Obligations": "-", "Net Tangible Assets": "15,665", "Working Capital": "28,044", "Invested Capital": "127,744", "Tangible Book Value": "15,665", "Total Debt": "111,108", "Net Debt": "107,215", "Share Issued": "14,834", "Ordinary Shares Number": "14,834"}, "3/31/2012": {"Duration": "3/31/2012", "Total Assets": "184,743", "Total Liabilities Net Minority Interest": "173,142", "Total Equity Gross Minority Interest": "11,601", "Total Capitalization": "40,864", "Preferred Stock Equity": "-", "Common Stock Equity": "11,601", "Capital Lease Obligations": "16,597", "Net Tangible Assets": "10,631", "Working Capital": "31,279", "Invested Capital": "107,834", "Tangible Book Value": "10,631", "Total Debt": "112,830", "Net Debt": "93,113", "Share Issued": "11,392", "Ordinary Shares Number": "11,392"}, "3/31/2011": {"Duration": "3/31/2011", "Total Assets": "179,145", "Total Liabilities Net Minority Interest": "168,124", "Total Equity Gross Minority Interest": "11,021", "Total Capitalization": "36,754", "Preferred Stock Equity": "-", "Common Stock Equity": "11,021", "Capital Lease Obligations": "18,310", "Net Tangible Assets": "10,039", "Working Capital": "31,192", "Invested Capital": "101,159", "Tangible Book Value": "10,039", "Total Debt": "108,448", "Net Debt": "86,890", "Share Issued": "11,390", "Ordinary Shares Number": "11,390"}, "3/31/2010": {"Duration": "3/31/2010", "Total Assets": "195,454", "Total Liabilities Net Minority Interest": "176,710", "Total Equity Gross Minority Interest": "18,744", "Total Capitalization": "68,564", "Preferred Stock Equity": "-", "Common Stock Equity": "18,744", "Capital Lease Obligations": "-", "Net Tangible Assets": "17,651", "Working Capital": "39,991", "Invested Capital": "139,282", "Tangible Book Value": "17,651", "Total Debt": "120,538", "Net Debt": "117,069", "Share Issued": "11,390", "Ordinary Shares Number": "11,390"}, "3/31/2009": {"Duration": "3/31/2009", "Total Assets": "260,282", "Total Liabilities Net Minority Interest": "216,128", "Total Equity Gross Minority Interest": "44,154", "Total Capitalization": "99,391", "Preferred Stock Equity": "-", "Common Stock Equity": "44,154", "Capital Lease Obligations": "-", "Net Tangible Assets": "42,803", "Working Capital": "59,291", "Invested Capital": "212,610", "Tangible Book Value": "42,803", "Total Debt": "168,456", "Net Debt": "165,895", "Share Issued": "11,390", "Ordinary Shares Number": "11,390"}, "3/31/2008": {"Duration": "3/31/2008", "Total Assets": "300,399", "Total Liabilities Net Minority Interest": "204,806", "Total Equity Gross Minority Interest": "95,593", "Total Capitalization": "120,985", "Preferred Stock Equity": "-", "Common Stock Equity": "95,593", "Capital Lease Obligations": "-", "Net Tangible Assets": "82,086", "Working Capital": "37,752", "Invested Capital": "247,342", "Tangible Book Value": "82,086", "Total Debt": "151,749", "Net Debt": "148,486", "Share Issued": "11,280", "Ordinary Shares Number": "11,280"}, "3/31/2007": {"Duration": "3/31/2007", "Total Assets": "291,302", "Total Liabilities Net Minority Interest": "197,288", "Total Equity Gross Minority Interest": "94,015", "Total Capitalization": "112,723", "Preferred Stock Equity": "-", "Common Stock Equity": "94,015", "Capital Lease Obligations": "-", "Net Tangible Assets": "60,825", "Working Capital": "34,575", "Invested Capital": "240,625", "Tangible Book Value": "60,825", "Total Debt": "146,610", "Net Debt": "143,177", "Share Issued": "11,234", "Ordinary Shares Number": "11,234"}, "3/31/2006": {"Duration": "3/31/2006", "Total Assets": "267,538", "Total Liabilities Net Minority Interest": "189,002", "Total Equity Gross Minority Interest": "78,536", "Total Capitalization": "98,321", "Preferred Stock Equity": "-", "Common Stock Equity": "78,536", "Capital Lease Obligations": "-", "Net Tangible Assets": "43,365", "Working Capital": "27,655", "Invested Capital": "202,571", "Tangible Book Value": "43,365", "Total Debt": "124,034", "Net Debt": "121,891", "Share Issued": "11,208", "Ordinary Shares Number": "11,208"}, "3/31/2005": {"Duration": "3/31/2005", "Total Assets": "241,602", "Total Liabilities Net Minority Interest": "192,975", "Total Equity Gross Minority Interest": "48,628", "Total Capitalization": "89,219", "Preferred Stock Equity": "-", "Common Stock Equity": "48,628", "Capital Lease Obligations": "-", "Net Tangible Assets": "29,605", "Working Capital": "42,407", "Invested Capital": "184,292", "Tangible Book Value": "29,605", "Total Debt": "135,664", "Net Debt": "133,533", "Share Issued": "11,208", "Ordinary Shares Number": "11,208"}, "3/31/2003": {"Duration": "3/31/2003", "Total Assets": "251,205", "Total Liabilities Net Minority Interest": "208,159", "Total Equity Gross Minority Interest": "43,046", "Total Capitalization": "43,046", "Preferred Stock Equity": "3,001,064", "Common Stock Equity": "-2,958,019", "Capital Lease Obligations": "-", "Net Tangible Assets": "43,046", "Working Capital": "-", "Invested Capital": "-2,958,019", "Tangible Book Value": "-2,958,019", "Total Debt": "-", "Net Debt": "-", "Share Issued": "11,208", "Ordinary Shares Number": "11,208"}, "3/31/2002": {"Duration": "3/31/2002", "Total Assets": "108,176", "Total Liabilities Net Minority Interest": "96,128", "Total Equity Gross Minority Interest": "12,048", "Total Capitalization": "12,048", "Preferred Stock Equity": "-", "Common Stock Equity": "12,048", "Capital Lease Obligations": "-", "Net Tangible Assets": "12,048", "Working Capital": "-", "Invested Capital": "12,048", "Tangible Book Value": "12,048", "Total Debt": "-", "Net Debt": "-", "Share Issued": "11,208", "Ordinary Shares Number": "11,208"}}, "cf": {"TTM": {"Duration": "TTM", "Operating Cash Flow": "-6,973", "Investing Cash Flow": "-3,454", "Financing Cash Flow": "11,247", "End Cash Position": "2,408", "Interest Paid Supplemental Data": "3,848", "Capital Expenditure": "-3,454", "Issuance of Capital Stock": "-", "Issuance of Debt": "10,000", "Repayment of Debt": "-196", "Free Cash Flow": "-10,427", "Domestic Sales": "-", "Foreign Sales": "-"}, "3/31/2020": {"Duration": "3/31/2020", "Operating Cash Flow": "-4,360", "Investing Cash Flow": "-6,432", "Financing Cash Flow": "10,178", "End Cash Position": "565", "Interest Paid Supplemental Data": "3,779", "Capital Expenditure": "-6,432", "Issuance of Capital Stock": "-", "Issuance of Debt": "0", "Repayment of Debt": "-1,120", "Free Cash Flow": "-10,792", "Domestic Sales": "-", "Foreign Sales": "-"}, "3/31/2019": {"Duration": "3/31/2019", "Operating Cash Flow": "-4,721", "Investing Cash Flow": "-13,611", "Financing Cash Flow": "18,506", "End Cash Position": "1,179", "Interest Paid Supplemental Data": "3,654", "Capital Expenditure": "-13,611", "Issuance of Capital Stock": "-", "Issuance of Debt": "12,500", "Repayment of Debt": "-3,390", "Free Cash Flow": "-18,332", "Domestic Sales": "-", "Foreign Sales": "-"}, "3/31/2018": {"Duration": "3/31/2018", "Operating Cash Flow": "-37,807", "Investing Cash Flow": "127,724", "Financing Cash Flow": "-91,066", "End Cash Position": "1,006", "Interest Paid Supplemental Data": "4,628", "Capital Expenditure": "-8,752", "Issuance of Capital Stock": "-", "Issuance of Debt": "7,680", "Repayment of Debt": "-11,237", "Free Cash Flow": "-46,559", "Domestic Sales": "-", "Foreign Sales": "-"}, "3/31/2017": {"Duration": "3/31/2017", "Operating Cash Flow": "9,684", "Investing Cash Flow": "-6,764", "Financing Cash Flow": "-3,450", "End Cash Position": "2,592", "Interest Paid Supplemental Data": "11,305", "Capital Expenditure": "-6,748", "Issuance of Capital Stock": "-", "Issuance of Debt": "500.0925", "Repayment of Debt": "-13,852", "Free Cash Flow": "2,937", "Domestic Sales": "-", "Foreign Sales": "-"}, "3/31/2016": {"Duration": "3/31/2016", "Operating Cash Flow": "6,106", "Investing Cash Flow": "-3,169", "Financing Cash Flow": "-2,728", "End Cash Position": "3,043", "Interest Paid Supplemental Data": "11,044", "Capital Expenditure": "-8,406", "Issuance of Capital Stock": "0", "Issuance of Debt": "3,301", "Repayment of Debt": "-6,774", "Free Cash Flow": "-2,300", "Domestic Sales": "128,651", "Foreign Sales": "157,175"}, "3/31/2015": {"Duration": "3/31/2015", "Operating Cash Flow": "13,439", "Investing Cash Flow": "-8,019", "Financing Cash Flow": "-5,143", "End Cash Position": "2,987", "Interest Paid Supplemental Data": "11,537", "Capital Expenditure": "-7,958", "Issuance of Capital Stock": "0", "Issuance of Debt": "9,924", "Repayment of Debt": "-3,990", "Free Cash Flow": "5,481", "Domestic Sales": "143,384", "Foreign Sales": "158,253"}, "3/31/2014": {"Duration": "3/31/2014", "Operating Cash Flow": "-21,132", "Investing Cash Flow": "-7,570", "Financing Cash Flow": "27,224", "End Cash Position": "2,573", "Interest Paid Supplemental Data": "9,423", "Capital Expenditure": "-7,290", "Issuance of Capital Stock": "5,373", "Issuance of Debt": "16,391", "Repayment of Debt": "-4,467", "Free Cash Flow": "-28,422", "Domestic Sales": "146,277", "Foreign Sales": "134,888"}, "3/31/2013": {"Duration": "3/31/2013", "Operating Cash Flow": "6,284", "Investing Cash Flow": "-6,388", "Financing Cash Flow": "852.6231", "End Cash Position": "3,893", "Interest Paid Supplemental Data": "8,405", "Capital Expenditure": "-6,363", "Issuance of Capital Stock": "3,593", "Issuance of Debt": "0", "Repayment of Debt": "-9,042", "Free Cash Flow": "-79.3611", "Domestic Sales": "158,834", "Foreign Sales": "133,925"}, "3/31/2012": {"Duration": "3/31/2012", "Operating Cash Flow": "4,573", "Investing Cash Flow": "-4,562", "Financing Cash Flow": "-193.5557", "End Cash Position": "3,120", "Interest Paid Supplemental Data": "-", "Capital Expenditure": "-4,501", "Issuance of Capital Stock": "-", "Issuance of Debt": "5,489", "Repayment of Debt": "-3,719", "Free Cash Flow": "71.8351", "Domestic Sales": "163,027", "Foreign Sales": "139,290"}, "3/31/2011": {"Duration": "3/31/2011", "Operating Cash Flow": "10,024", "Investing Cash Flow": "-1,574", "Financing Cash Flow": "-8,610", "End Cash Position": "3,248", "Interest Paid Supplemental Data": "9,589", "Capital Expenditure": "-2,495", "Issuance of Capital Stock": "-", "Issuance of Debt": "0", "Repayment of Debt": "-8,582", "Free Cash Flow": "7,529", "Domestic Sales": "126,045", "Foreign Sales": "144,903"}, "3/31/2010": {"Duration": "3/31/2010", "Operating Cash Flow": "29,761", "Investing Cash Flow": "-1,671", "Financing Cash Flow": "-26,934", "End Cash Position": "3,469", "Interest Paid Supplemental Data": "10,302", "Capital Expenditure": "-1,758", "Issuance of Capital Stock": "-", "Issuance of Debt": "4,412", "Repayment of Debt": "-31,400", "Free Cash Flow": "28,003", "Domestic Sales": "119,655", "Foreign Sales": "135,402"}, "3/31/2009": {"Duration": "3/31/2009", "Operating Cash Flow": "-39.1437", "Investing Cash Flow": "-6,316", "Financing Cash Flow": "5,190", "End Cash Position": "2,561", "Interest Paid Supplemental Data": "12,410", "Capital Expenditure": "-6,236", "Issuance of Capital Stock": "-", "Issuance of Debt": "33,931", "Repayment of Debt": "-28,864", "Free Cash Flow": "-6,276", "Domestic Sales": "138,948", "Foreign Sales": "131,948"}, "3/31/2008": {"Duration": "3/31/2008", "Operating Cash Flow": "11,511", "Investing Cash Flow": "-16,964", "Financing Cash Flow": "5,473", "End Cash Position": "3,263", "Interest Paid Supplemental Data": "-", "Capital Expenditure": "-9,677", "Issuance of Capital Stock": "-", "Issuance of Debt": "-", "Repayment of Debt": "-", "Free Cash Flow": "1,833", "Domestic Sales": "-", "Foreign Sales": "-"}, "3/31/2007": {"Duration": "3/31/2007", "Operating Cash Flow": "-12,257", "Investing Cash Flow": "-7,917", "Financing Cash Flow": "21,496", "End Cash Position": "3,433", "Interest Paid Supplemental Data": "-", "Capital Expenditure": "-8,103", "Issuance of Capital Stock": "-", "Issuance of Debt": "-", "Repayment of Debt": "-", "Free Cash Flow": "-20,360", "Domestic Sales": "-", "Foreign Sales": "-"}, "3/31/2006": {"Duration": "3/31/2006", "Operating Cash Flow": "16,360", "Investing Cash Flow": "-7,941", "Financing Cash Flow": "-8,349", "End Cash Position": "2,143", "Interest Paid Supplemental Data": "-", "Capital Expenditure": "-7,616", "Issuance of Capital Stock": "-", "Issuance of Debt": "-", "Repayment of Debt": "-", "Free Cash Flow": "8,744", "Domestic Sales": "-", "Foreign Sales": "-"}, "3/31/2005": {"Duration": "3/31/2005", "Operating Cash Flow": "7,688", "Investing Cash Flow": "-5,955", "Financing Cash Flow": "-1,707", "End Cash Position": "2,131", "Interest Paid Supplemental Data": "-", "Capital Expenditure": "-4,521", "Issuance of Capital Stock": "-", "Issuance of Debt": "-", "Repayment of Debt": "-", "Free Cash Flow": "3,167", "Domestic Sales": "-", "Foreign Sales": "-"}}, "ks": {"Current": {"Duration": "Current", "Market Cap (intraday) 5": "36.30M", "Enterprise Value 3": "167.13M", "Trailing P/E ": "N/A", "Forward P/E 1": "N/A", "PEG Ratio (5 yr expected) 1": "N/A", "Price/Sales (ttm)": "0.31", "Price/Book (mrq)": "68.53", "Enterprise Value/Revenue 3": "1.18", "Enterprise Value/EBITDA 7": "99.01"}, "3/31/2009": {"Duration": "3/31/2009", "Market Cap (intraday) 5": "4.62M", "Enterprise Value 3": "4.62M", "Trailing P/E ": "N/A", "Forward P/E 1": "N/A", "PEG Ratio (5 yr expected) 1": "N/A", "Price/Sales (ttm)": "0.02", "Price/Book (mrq)": "0.13", "Enterprise Value/Revenue 3": "0.06", "Enterprise Value/EBITDA 7": "-0.38"}, "12/31/2008": {"Duration": "12/31/2008", "Market Cap (intraday) 5": "6.76M", "Enterprise Value 3": "6.76M", "Trailing P/E ": "N/A", "Forward P/E 1": "N/A", "PEG Ratio (5 yr expected) 1": "N/A", "Price/Sales (ttm)": "0.02", "Price/Book (mrq)": "0.14", "Enterprise Value/Revenue 3": "0.06", "Enterprise Value/EBITDA 7": "-2.19"}, "9/30/2008": {"Duration": "9/30/2008", "Market Cap (intraday) 5": "18.05M", "Enterprise Value 3": "18.05M", "Trailing P/E ": "1.64", "Forward P/E 1": "N/A", "PEG Ratio (5 yr expected) 1": "N/A", "Price/Sales (ttm)": "0.06", "Price/Book (mrq)": "0.20", "Enterprise Value/Revenue 3": "0.28", "Enterprise Value/EBITDA 7": "43.18"}, "6/30/2008": {"Duration": "6/30/2008", "Market Cap (intraday) 5": "36.10M", "Enterprise Value 3": "36.10M", "Trailing P/E ": "3.48", "Forward P/E 1": "N/A", "PEG Ratio (5 yr expected) 1": "N/A", "Price/Sales (ttm)": "0.12", "Price/Book (mrq)": "0.40", "Enterprise Value/Revenue 3": "0.49", "Enterprise Value/EBITDA 7": "18.55"}, "3/31/2008": {"Duration": "3/31/2008", "Market Cap (intraday) 5": "48.59M", "Enterprise Value 3": "48.59M", "Trailing P/E ": "4.84", "Forward P/E 1": "N/A", "PEG Ratio (5 yr expected) 1": "N/A", "Price/Sales (ttm)": "0.16", "Price/Book (mrq)": "0.52", "Enterprise Value/Revenue 3": "0.64", "Enterprise Value/EBITDA 7": "-0.56"}, "12/31/2007": {"Duration": "12/31/2007", "Market Cap (intraday) 5": "67.04M", "Enterprise Value 3": "67.04M", "Trailing P/E ": "15.01", "Forward P/E 1": "N/A", "PEG Ratio (5 yr expected) 1": "N/A", "Price/Sales (ttm)": "0.23", "Price/Book (mrq)": "0.75", "Enterprise Value/Revenue 3": "0.55", "Enterprise Value/EBITDA 7": "3.00"}, "9/30/2007": {"Duration": "9/30/2007", "Market Cap (intraday) 5": "76.04M", "Enterprise Value 3": "76.04M", "Trailing P/E ": "5.71", "Forward P/E 1": "N/A", "PEG Ratio (5 yr expected) 1": "N/A", "Price/Sales (ttm)": "0.24", "Price/Book (mrq)": "0.88", "Enterprise Value/Revenue 3": "1.28", "Enterprise Value/EBITDA 7": "155.61"}, "6/30/2007": {"Duration": "6/30/2007", "Market Cap (intraday) 5": "84.72M", "Enterprise Value 3": "84.72M", "Trailing P/E ": "6.24", "Forward P/E 1": "N/A", "PEG Ratio (5 yr expected) 1": "N/A", "Price/Sales (ttm)": "0.28", "Price/Book (mrq)": "0.96", "Enterprise Value/Revenue 3": "1.17", "Enterprise Value/EBITDA 7": "44.44"}, "3/31/2007": {"Duration": "3/31/2007", "Market Cap (intraday) 5": "93.92M", "Enterprise Value 3": "93.92M", "Trailing P/E ": "6.44", "Forward P/E 1": "N/A", "PEG Ratio (5 yr expected) 1": "N/A", "Price/Sales (ttm)": "0.46", "Price/Book (mrq)": "1.13", "Enterprise Value/Revenue 3": "1.51", "Enterprise Value/EBITDA 7": "-132.47"}, "12/31/2006": {"Duration": "12/31/2006", "Market Cap (intraday) 5": "80.60M", "Enterprise Value 3": "80.60M", "Trailing P/E ": "N/A", "Forward P/E 1": "N/A", "PEG Ratio (5 yr expected) 1": "N/A", "Price/Sales (ttm)": "0.41", "Price/Book (mrq)": "1.33", "Enterprise Value/Revenue 3": "0.60", "Enterprise Value/EBITDA 7": "2.86"}, "9/30/2006": {"Duration": "9/30/2006", "Market Cap (intraday) 5": "80.94M", "Enterprise Value 3": "80.94M", "Trailing P/E ": "N/A", "Forward P/E 1": "N/A", "PEG Ratio (5 yr expected) 1": "N/A", "Price/Sales (ttm)": "0.32", "Price/Book (mrq)": "1.21", "Enterprise Value/Revenue 3": "1.33", "Enterprise Value/EBITDA 7": "66.61"}, "6/30/2006": {"Duration": "6/30/2006", "Market Cap (intraday) 5": "72.85M", "Enterprise Value 3": "72.85M", "Trailing P/E ": "N/A", "Forward P/E 1": "N/A", "PEG Ratio (5 yr expected) 1": "N/A", "Price/Sales (ttm)": "0.29", "Price/Book (mrq)": "1.09", "Enterprise Value/Revenue 3": "0.95", "Enterprise Value/EBITDA 7": "1.96"}, "3/31/2006": {"Duration": "3/31/2006", "Market Cap (intraday) 5": "68.59M", "Enterprise Value 3": "68.59M", "Trailing P/E ": "10.74", "Forward P/E 1": "N/A", "PEG Ratio (5 yr expected) 1": "N/A", "Price/Sales (ttm)": "0.23", "Price/Book (mrq)": "1.02", "Enterprise Value/Revenue 3": "0.85", "Enterprise Value/EBITDA 7": "-0.31"}, "12/31/2005": {"Duration": "12/31/2005", "Market Cap (intraday) 5": "66.13M", "Enterprise Value 3": "66.13M", "Trailing P/E ": "10.51", "Forward P/E 1": "N/A", "PEG Ratio (5 yr expected) 1": "N/A", "Price/Sales (ttm)": "0.21", "Price/Book (mrq)": "1.58", "Enterprise Value/Revenue 3": "0.83", "Enterprise Value/EBITDA 7": "0.83"}}}}, {"CTHR": {"quote": {"05/31/2021": {"value": "2.5900", "Market Cap": "77.319M", "Beta (5Y Monthly)": "1.00", "PE Ratio (TTM)": "23.12", "EPS (TTM)": "0.1120", "Earnings Date": "May 06, 2021", "Forward Dividend & Yield": "N/A (N/A)", "Ex-Dividend Date": "May 29, 2007", "1y Target Est": "3.50", "Profit Margin ": "10.02%", "Operating Margin (ttm)": "11.10%", "Return on Assets (ttm)": "4.45%", "Return on Equity (ttm)": "7.61%", "Revenue (ttm)": "33.94M", "Revenue Per Share (ttm)": "1.17", "Quarterly Revenue Growth (yoy)": "45.40%", "Gross Profit (ttm)": "13.85M", "EBITDA ": "4.31M", "Net Income Avi to Common (ttm)": "3.4M", "Diluted EPS (ttm)": "0.1120", "Quarterly Earnings Growth (yoy)": "N/A", "Total Cash (mrq)": "19.61M", "Total Cash Per Share (mrq)": "0.66", "Total Debt (mrq)": "5.26M", "Total Debt/Equity (mrq)": "11.16", "Current Ratio (mrq)": "5.84", "Book Value Per Share (mrq)": "1.58", "Operating Cash Flow (ttm)": "6.49M", "Levered Free Cash Flow (ttm)": "-5.23M", "Avg Vol (3 month) 3": "527.56k", "Avg Vol (10 day) 3": "263.07k", "Shares Outstanding 5": "29.85M", "Implied Shares Outstanding 6": "N/A", "Float ": "22.77M", "% Held by Insiders 1": "13.21%", "% Held by Institutions 1": "27.42%", "Shares Short (May 13, 2021) 4": "81.45k", "Short Ratio (May 13, 2021) 4": "0.18", "Short % of Float (May 13, 2021) 4": "0.31%", "Short % of Shares Outstanding (May 13, 2021) 4": "0.27%", "Shares Short (prior month Apr 14, 2021) 4": "97.03k", "Forward Annual Dividend Rate 4": "N/A", "Forward Annual Dividend Yield 4": "N/A", "Trailing Annual Dividend Rate 3": "N/A", "Trailing Annual Dividend Yield 3": "N/A", "5 Year Average Dividend Yield 4": "N/A", "Payout Ratio 4": "0.00%", "Dividend Date 3": "N/A", "Ex-Dividend Date 4": "May 28, 2007", "Last Split Factor 2": "5:4", "Last Split Date 3": "Jan 30, 2006"}}, "fin": {"TTM": {"Duration": "TTM", "Total Revenue": "33,940", "Cost of Revenue": "18,078", "Gross Profit": "15,861", "Operating Expense": "12,466", "Operating Income": "3,395", "Net Non Operating Interest Income Expense": "9.368", "Other Income Expense": "-1.374", "Pretax Income": "3,403", "Tax Provision": "1.953", "Net Income Common Stockholders": "3,401", "Diluted NI Available to Com Stockholders": "3,401", "Basic EPS": "-", "Diluted EPS": "-", "Basic Average Shares": "-", "Diluted Average Shares": "-", "Total Operating Income as Reported": "3,395", "Total Expenses": "30,544", "Net Income from Continuing & Discontinued Operation": "3,401", "Normalized Income": "3,403", "Interest Income": "17.035", "Interest Expense": "7.667", "Net Interest Income": "9.368", "EBIT": "3,411", "EBITDA": "3,954", "Reconciled Cost of Revenue": "18,078", "Reconciled Depreciation": "543.424", "Net Income from Continuing Operation Net Minority Interest": "3,401", "Total Unusual Items Excluding Goodwill": "-1.374", "Total Unusual Items": "-1.374", "Normalized EBITDA": "3,956", "Tax Rate for Calcs": "0", "Tax Effect of Unusual Items": "0"}, "6/30/2020": {"Duration": "6/30/2020", "Total Revenue": "29,189", "Cost of Revenue": "21,200", "Gross Profit": "7,989", "Operating Expense": "14,305", "Operating Income": "-6,316", "Net Non Operating Interest Income Expense": "157.207", "Other Income Expense": "-1.829", "Pretax Income": "-6,160", "Tax Provision": "1.733", "Net Income Common Stockholders": "-6,162", "Diluted NI Available to Com Stockholders": "-6,162", "Basic EPS": "-0.22", "Diluted EPS": "-0.22", "Basic Average Shares": "28,644", "Diluted Average Shares": "28,644", "Total Operating Income as Reported": "-6,316", "Total Expenses": "35,505", "Net Income from Continuing & Discontinued Operation": "-6,162", "Normalized Income": "-6,161", "Interest Income": "158.091", "Interest Expense": "0.884", "Net Interest Income": "157.207", "EBIT": "-6,159", "EBITDA": "-", "Reconciled Cost of Revenue": "21,200", "Reconciled Depreciation": "490.235", "Net Income from Continuing Operation Net Minority Interest": "-6,162", "Total Unusual Items Excluding Goodwill": "-1.829", "Total Unusual Items": "-1.829", "Normalized EBITDA": "-5,667", "Tax Rate for Calcs": "0", "Tax Effect of Unusual Items": "-0.4938"}, "6/30/2019": {"Duration": "6/30/2019", "Total Revenue": "32,244", "Cost of Revenue": "17,352", "Gross Profit": "14,892", "Operating Expense": "12,626", "Operating Income": "2,266", "Net Non Operating Interest Income Expense": "8.824", "Other Income Expense": "-0.357", "Pretax Income": "2,274", "Tax Provision": "-1.443", "Net Income Common Stockholders": "2,275", "Diluted NI Available to Com Stockholders": "2,275", "Basic EPS": "0.10", "Diluted EPS": "0.10", "Basic Average Shares": "21,861", "Diluted Average Shares": "22,111", "Total Operating Income as Reported": "2,266", "Total Expenses": "29,979", "Net Income from Continuing & Discontinued Operation": "2,275", "Normalized Income": "2,276", "Interest Income": "11.022", "Interest Expense": "2.198", "Net Interest Income": "8.824", "EBIT": "2,276", "EBITDA": "-", "Reconciled Cost of Revenue": "17,352", "Reconciled Depreciation": "481.319", "Net Income from Continuing Operation Net Minority Interest": "2,275", "Total Unusual Items Excluding Goodwill": "-0.344", "Total Unusual Items": "-0.344", "Normalized EBITDA": "2,758", "Tax Rate for Calcs": "0", "Tax Effect of Unusual Items": "-0.0929"}, "6/29/2020": {"Duration": "6/29/2020", "Total Revenue": "29,189", "Cost of Revenue": "21,200", "Gross Profit": "7,989", "Operating Expense": "14,305", "Operating Income": "-6,316", "Net Non Operating Interest Income Expense": "157.207", "Other Income Expense": "-1.829", "Pretax Income": "-6,160", "Tax Provision": "1.733", "Net Income Common Stockholders": "-6,162", "Diluted NI Available to Com Stockholders": "-6,162", "Basic EPS": "-0.22", "Diluted EPS": "-0.22", "Basic Average Shares": "28,644", "Diluted Average Shares": "28,644", "Total Operating Income as Reported": "-6,316", "Total Expenses": "35,505", "Net Income from Continuing & Discontinued Operation": "-6,162", "Normalized Income": "-6,161", "Interest Income": "158.091", "Interest Expense": "0.884", "Net Interest Income": "157.207", "EBIT": "-6,159", "EBITDA": "-", "Reconciled Cost of Revenue": "21,200", "Reconciled Depreciation": "490.235", "Net Income from Continuing Operation Net Minority Interest": "-6,162", "Total Unusual Items Excluding Goodwill": "-1.829", "Total Unusual Items": "-1.829", "Normalized EBITDA": "-5,667", "Tax Rate for Calcs": "0", "Tax Effect of Unusual Items": "-0.4938"}, "6/29/2019": {"Duration": "6/29/2019", "Total Revenue": "32,244", "Cost of Revenue": "17,352", "Gross Profit": "14,892", "Operating Expense": "12,626", "Operating Income": "2,266", "Net Non Operating Interest Income Expense": "8.824", "Other Income Expense": "-0.357", "Pretax Income": "2,274", "Tax Provision": "-1.443", "Net Income Common Stockholders": "2,275", "Diluted NI Available to Com Stockholders": "2,275", "Basic EPS": "0.10", "Diluted EPS": "0.10", "Basic Average Shares": "21,861", "Diluted Average Shares": "22,111", "Total Operating Income as Reported": "2,266", "Total Expenses": "29,979", "Net Income from Continuing & Discontinued Operation": "2,275", "Normalized Income": "2,276", "Interest Income": "11.022", "Interest Expense": "2.198", "Net Interest Income": "8.824", "EBIT": "2,276", "EBITDA": "-", "Reconciled Cost of Revenue": "17,352", "Reconciled Depreciation": "481.319", "Net Income from Continuing Operation Net Minority Interest": "2,275", "Total Unusual Items Excluding Goodwill": "-0.344", "Total Unusual Items": "-0.344", "Normalized EBITDA": "2,758", "Tax Rate for Calcs": "0", "Tax Effect of Unusual Items": "-0.0929"}, "12/30/2017": {"Duration": "12/30/2017", "Total Revenue": "27,033", "Cost of Revenue": "15,471", "Gross Profit": "11,562", "Operating Expense": "12,171", "Operating Income": "-608.544", "Net Non Operating Interest Income Expense": "-0.541", "Other Income Expense": "183.217", "Pretax Income": "-425.868", "Tax Provision": "27.609", "Net Income Common Stockholders": "-453.477", "Diluted NI Available to Com Stockholders": "-453.477", "Basic EPS": "-0.02", "Diluted EPS": "-0.02", "Basic Average Shares": "21,194", "Diluted Average Shares": "21,194", "Total Operating Income as Reported": "-608.544", "Total Expenses": "27,642", "Net Income from Continuing & Discontinued Operation": "-453.477", "Normalized Income": "-563.4072", "Interest Income": "-", "Interest Expense": "0.541", "Net Interest Income": "-0.541", "EBIT": "-425.327", "EBITDA": "-", "Reconciled Cost of Revenue": "15,471", "Reconciled Depreciation": "422.018", "Net Income from Continuing Operation Net Minority Interest": "-453.477", "Total Unusual Items Excluding Goodwill": "183.217", "Total Unusual Items": "183.217", "Normalized EBITDA": "-186.526", "Tax Rate for Calcs": "0", "Tax Effect of Unusual Items": "73.2868"}, "12/30/2016": {"Duration": "12/30/2016", "Total Revenue": "29,168", "Cost of Revenue": "20,401", "Gross Profit": "8,767", "Operating Expense": "12,586", "Operating Income": "-3,819", "Net Non Operating Interest Income Expense": "-1.737", "Other Income Expense": "-117.93", "Pretax Income": "-3,939", "Tax Provision": "13.48", "Net Income Common Stockholders": "-4,526", "Diluted NI Available to Com Stockholders": "-4,526", "Basic EPS": "-0.22", "Diluted EPS": "-0.22", "Basic Average Shares": "20,926", "Diluted Average Shares": "20,926", "Total Operating Income as Reported": "-3,937", "Total Expenses": "32,987", "Net Income from Continuing & Discontinued Operation": "-4,526", "Normalized Income": "-3,881", "Interest Income": "0", "Interest Expense": "1.737", "Net Interest Income": "-1.737", "EBIT": "-3,937", "EBITDA": "-", "Reconciled Cost of Revenue": "20,401", "Reconciled Depreciation": "557.393", "Net Income from Continuing Operation Net Minority Interest": "-3,952", "Total Unusual Items Excluding Goodwill": "-117.93", "Total Unusual Items": "-117.93", "Normalized EBITDA": "-3,261", "Tax Rate for Calcs": "0", "Tax Effect of Unusual Items": "-47.172"}, "12/30/2015": {"Duration": "12/30/2015", "Total Revenue": "30,767", "Cost of Revenue": "20,553", "Gross Profit": "10,214", "Operating Expense": "19,764", "Operating Income": "-9,550", "Net Non Operating Interest Income Expense": "-10.348", "Other Income Expense": "0.125", "Pretax Income": "-9,560", "Tax Provision": "12.821", "Net Income Common Stockholders": "-9,573", "Diluted NI Available to Com Stockholders": "-9,573", "Basic EPS": "-0.47", "Diluted EPS": "-0.47", "Basic Average Shares": "20,408", "Diluted Average Shares": "20,408", "Total Operating Income as Reported": "-9,550", "Total Expenses": "40,317", "Net Income from Continuing & Discontinued Operation": "-9,573", "Normalized Income": "-9,573", "Interest Income": "0.011", "Interest Expense": "10.359", "Net Interest Income": "-10.348", "EBIT": "-9,550", "EBITDA": "-", "Reconciled Cost of Revenue": "20,553", "Reconciled Depreciation": "863.353", "Net Income from Continuing Operation Net Minority Interest": "-9,573", "Total Unusual Items Excluding Goodwill": "0.125", "Total Unusual Items": "0.125", "Normalized EBITDA": "-8,687", "Tax Rate for Calcs": "0", "Tax Effect of Unusual Items": "0.05"}, "12/30/2014": {"Duration": "12/30/2014", "Total Revenue": "25,641", "Cost of Revenue": "18,013", "Gross Profit": "7,627", "Operating Expense": "16,661", "Operating Income": "-9,034", "Net Non Operating Interest Income Expense": "-0.836", "Other Income Expense": "-10.523", "Pretax Income": "-9,045", "Tax Provision": "4,052", "Net Income Common Stockholders": "-13,097", "Diluted NI Available to Com Stockholders": "-13,097", "Basic EPS": "-0.65", "Diluted EPS": "-0.65", "Basic Average Shares": "20,296", "Diluted Average Shares": "20,296", "Total Operating Income as Reported": "-9,044", "Total Expenses": "34,674", "Net Income from Continuing & Discontinued Operation": "-13,097", "Normalized Income": "-13,090", "Interest Income": "0.065", "Interest Expense": "0.901", "Net Interest Income": "-0.836", "EBIT": "-9,044", "EBITDA": "-", "Reconciled Cost of Revenue": "18,013", "Reconciled Depreciation": "1,108", "Net Income from Continuing Operation Net Minority Interest": "-13,097", "Total Unusual Items Excluding Goodwill": "-10.523", "Total Unusual Items": "-10.523", "Normalized EBITDA": "-7,926", "Tax Rate for Calcs": "0", "Tax Effect of Unusual Items": "-3.6831"}, "12/30/2013": {"Duration": "12/30/2013", "Total Revenue": "28,487", "Cost of Revenue": "14,600", "Gross Profit": "13,887", "Operating Expense": "15,369", "Operating Income": "-1,482", "Net Non Operating Interest Income Expense": "19.901", "Other Income Expense": "-98.027", "Pretax Income": "-1,560", "Tax Provision": "-269.285", "Net Income Common Stockholders": "-1,291", "Diluted NI Available to Com Stockholders": "-1,291", "Basic EPS": "-0.06", "Diluted EPS": "-0.06", "Basic Average Shares": "19,904", "Diluted Average Shares": "19,904", "Total Operating Income as Reported": "-1,580", "Total Expenses": "29,969", "Net Income from Continuing & Discontinued Operation": "-1,291", "Normalized Income": "-1,210", "Interest Income": "22.007", "Interest Expense": "2.106", "Net Interest Income": "19.901", "EBIT": "-1,558", "EBITDA": "-", "Reconciled Cost of Revenue": "14,600", "Reconciled Depreciation": "862.683", "Net Income from Continuing Operation Net Minority Interest": "-1,291", "Total Unusual Items Excluding Goodwill": "-98.027", "Total Unusual Items": "-98.027", "Normalized EBITDA": "-597.567", "Tax Rate for Calcs": "0", "Tax Effect of Unusual Items": "-16.9171"}, "12/30/2012": {"Duration": "12/30/2012", "Total Revenue": "22,450", "Cost of Revenue": "9,972", "Gross Profit": "12,479", "Operating Expense": "12,217", "Operating Income": "261.606", "Net Non Operating Interest Income Expense": "68.26", "Other Income Expense": "-2.016", "Pretax Income": "327.85", "Tax Provision": "-4,050", "Net Income Common Stockholders": "4,378", "Diluted NI Available to Com Stockholders": "4,378", "Basic EPS": "0.23", "Diluted EPS": "0.22", "Basic Average Shares": "19,582", "Diluted Average Shares": "19,967", "Total Operating Income as Reported": "259.59", "Total Expenses": "22,189", "Net Income from Continuing & Discontinued Operation": "4,378", "Normalized Income": "4,379", "Interest Income": "69.52", "Interest Expense": "1.26", "Net Interest Income": "68.26", "EBIT": "329.11", "EBITDA": "-", "Reconciled Cost of Revenue": "9,972", "Reconciled Depreciation": "608.165", "Net Income from Continuing Operation Net Minority Interest": "4,378", "Total Unusual Items Excluding Goodwill": "-2.016", "Total Unusual Items": "-2.016", "Normalized EBITDA": "939.291", "Tax Rate for Calcs": "0", "Tax Effect of Unusual Items": "-0.7056"}, "12/30/2011": {"Duration": "12/30/2011", "Total Revenue": "16,033", "Cost of Revenue": "6,510", "Gross Profit": "9,523", "Operating Expense": "8,224", "Operating Income": "1,299", "Net Non Operating Interest Income Expense": "84.13", "Other Income Expense": "-", "Pretax Income": "1,384", "Tax Provision": "-183.947", "Net Income Common Stockholders": "1,568", "Diluted NI Available to Com Stockholders": "1,568", "Basic EPS": "0.08", "Diluted EPS": "0.08", "Basic Average Shares": "19,443", "Diluted Average Shares": "19,703", "Total Operating Income as Reported": "1,299", "Total Expenses": "14,734", "Net Income from Continuing & Discontinued Operation": "1,568", "Normalized Income": "1,568", "Interest Income": "85.271", "Interest Expense": "1.141", "Net Interest Income": "84.13", "EBIT": "1,385", "EBITDA": "-", "Reconciled Cost of Revenue": "6,510", "Reconciled Depreciation": "299.55", "Net Income from Continuing Operation Net Minority Interest": "1,568", "Total Unusual Items Excluding Goodwill": "-", "Total Unusual Items": "-", "Normalized EBITDA": "1,685", "Tax Rate for Calcs": "0", "Tax Effect of Unusual Items": "0"}, "12/30/2010": {"Duration": "12/30/2010", "Total Revenue": "12,687", "Cost of Revenue": "4,826", "Gross Profit": "7,861", "Operating Expense": "6,619", "Operating Income": "1,242", "Net Non Operating Interest Income Expense": "106.352", "Other Income Expense": "-25.528", "Pretax Income": "1,323", "Tax Provision": "-234.275", "Net Income Common Stockholders": "1,557", "Diluted NI Available to Com Stockholders": "1,557", "Basic EPS": "0.08", "Diluted EPS": "0.08", "Basic Average Shares": "19,178", "Diluted Average Shares": "19,425", "Total Operating Income as Reported": "1,242", "Total Expenses": "11,445", "Net Income from Continuing & Discontinued Operation": "1,557", "Normalized Income": "1,573", "Interest Income": "109.183", "Interest Expense": "2.831", "Net Interest Income": "106.352", "EBIT": "1,325", "EBITDA": "-", "Reconciled Cost of Revenue": "4,826", "Reconciled Depreciation": "136.622", "Net Income from Continuing Operation Net Minority Interest": "1,557", "Total Unusual Items Excluding Goodwill": "-25.528", "Total Unusual Items": "-25.528", "Normalized EBITDA": "1,488", "Tax Rate for Calcs": "0", "Tax Effect of Unusual Items": "-8.9348"}, "12/30/2009": {"Duration": "12/30/2009", "Total Revenue": "8,312", "Cost of Revenue": "3,473", "Gross Profit": "4,840", "Operating Expense": "8,054", "Operating Income": "-3,214", "Net Non Operating Interest Income Expense": "38.194", "Other Income Expense": "-145.8", "Pretax Income": "-3,322", "Tax Provision": "77.71", "Net Income Common Stockholders": "-3,399", "Diluted NI Available to Com Stockholders": "-3,399", "Basic EPS": "-0.18", "Diluted EPS": "-0.18", "Basic Average Shares": "18,721", "Diluted Average Shares": "18,721", "Total Operating Income as Reported": "-3,360", "Total Expenses": "11,527", "Net Income from Continuing & Discontinued Operation": "-3,399", "Normalized Income": "-3,305", "Interest Income": "38.194", "Interest Expense": "-", "Net Interest Income": "38.194", "EBIT": "-3,214", "EBITDA": "-", "Reconciled Cost of Revenue": "3,473", "Reconciled Depreciation": "168.881", "Net Income from Continuing Operation Net Minority Interest": "-3,399", "Total Unusual Items Excluding Goodwill": "-145.8", "Total Unusual Items": "-145.8", "Normalized EBITDA": "-2,899", "Tax Rate for Calcs": "0", "Tax Effect of Unusual Items": "-51.03"}, "12/30/2008": {"Duration": "12/30/2008", "Total Revenue": "14,727", "Cost of Revenue": "5,593", "Gross Profit": "9,134", "Operating Expense": "16,034", "Operating Income": "-6,900", "Net Non Operating Interest Income Expense": "-", "Other Income Expense": "-", "Pretax Income": "-6,784", "Tax Provision": "-632.667", "Net Income Common Stockholders": "-6,151", "Diluted NI Available to Com Stockholders": "-6,151", "Basic EPS": "-0.34", "Diluted EPS": "-0.34", "Basic Average Shares": "18,241", "Diluted Average Shares": "18,241", "Total Operating Income as Reported": "-6,900", "Total Expenses": "21,627", "Net Income from Continuing & Discontinued Operation": "-6,151", "Normalized Income": "-6,151", "Interest Income": "-", "Interest Expense": "-", "Net Interest Income": "-", "EBIT": "-6,900", "EBITDA": "-", "Reconciled Cost of Revenue": "5,593", "Reconciled Depreciation": "216.028", "Net Income from Continuing Operation Net Minority Interest": "-6,151", "Total Unusual Items Excluding Goodwill": "-", "Total Unusual Items": "-", "Normalized EBITDA": "-6,684", "Tax Rate for Calcs": "0", "Tax Effect of Unusual Items": "0"}, "12/30/2007": {"Duration": "12/30/2007", "Total Revenue": "27,818", "Cost of Revenue": "7,608", "Gross Profit": "20,210", "Operating Expense": "19,885", "Operating Income": "325.446", "Net Non Operating Interest Income Expense": "-", "Other Income Expense": "-", "Pretax Income": "816.584", "Tax Provision": "841.008", "Net Income Common Stockholders": "-24.424", "Diluted NI Available to Com Stockholders": "-24.424", "Basic EPS": "0.00", "Diluted EPS": "0.00", "Basic Average Shares": "18,066", "Diluted Average Shares": "18,066", "Total Operating Income as Reported": "325.446", "Total Expenses": "27,493", "Net Income from Continuing & Discontinued Operation": "-24.424", "Normalized Income": "-24.424", "Interest Income": "-", "Interest Expense": "-", "Net Interest Income": "-", "EBIT": "325.446", "EBITDA": "-", "Reconciled Cost of Revenue": "7,608", "Reconciled Depreciation": "200.626", "Net Income from Continuing Operation Net Minority Interest": "-24.424", "Total Unusual Items Excluding Goodwill": "-", "Total Unusual Items": "-", "Normalized EBITDA": "526.072", "Tax Rate for Calcs": "0", "Tax Effect of Unusual Items": "0"}, "12/30/2006": {"Duration": "12/30/2006", "Total Revenue": "40,712", "Cost of Revenue": "10,795", "Gross Profit": "29,917", "Operating Expense": "20,487", "Operating Income": "9,429", "Net Non Operating Interest Income Expense": "-", "Other Income Expense": "-", "Pretax Income": "10,171", "Tax Provision": "4,065", "Net Income Common Stockholders": "6,105", "Diluted NI Available to Com Stockholders": "6,105", "Basic EPS": "0.34", "Diluted EPS": "0.33", "Basic Average Shares": "18,160", "Diluted Average Shares": "18,663", "Total Operating Income as Reported": "9,429", "Total Expenses": "31,283", "Net Income from Continuing & Discontinued Operation": "6,105", "Normalized Income": "6,105", "Interest Income": "-", "Interest Expense": "-", "Net Interest Income": "-", "EBIT": "9,429", "EBITDA": "-", "Reconciled Cost of Revenue": "10,795", "Reconciled Depreciation": "188.757", "Net Income from Continuing Operation Net Minority Interest": "6,105", "Total Unusual Items Excluding Goodwill": "-", "Total Unusual Items": "-", "Normalized EBITDA": "9,618", "Tax Rate for Calcs": "0", "Tax Effect of Unusual Items": "0"}, "12/30/2005": {"Duration": "12/30/2005", "Total Revenue": "43,544", "Cost of Revenue": "14,463", "Gross Profit": "29,081", "Operating Expense": "19,951", "Operating Income": "9,130", "Net Non Operating Interest Income Expense": "-", "Other Income Expense": "-", "Pretax Income": "9,634", "Tax Provision": "3,759", "Net Income Common Stockholders": "5,875", "Diluted NI Available to Com Stockholders": "5,875", "Basic EPS": "0.33", "Diluted EPS": "0.31", "Basic Average Shares": "18,009", "Diluted Average Shares": "18,963", "Total Operating Income as Reported": "9,130", "Total Expenses": "34,414", "Net Income from Continuing & Discontinued Operation": "5,875", "Normalized Income": "5,875", "Interest Income": "-", "Interest Expense": "-", "Net Interest Income": "-", "EBIT": "9,130", "EBITDA": "-", "Reconciled Cost of Revenue": "14,463", "Reconciled Depreciation": "247.441", "Net Income from Continuing Operation Net Minority Interest": "5,875", "Total Unusual Items Excluding Goodwill": "-", "Total Unusual Items": "-", "Normalized EBITDA": "9,377", "Tax Rate for Calcs": "0", "Tax Effect of Unusual Items": "0"}, "12/30/2004": {"Duration": "12/30/2004", "Total Revenue": "23,917", "Cost of Revenue": "8,570", "Gross Profit": "15,347", "Operating Expense": "12,308", "Operating Income": "3,038", "Net Non Operating Interest Income Expense": "-", "Other Income Expense": "-", "Pretax Income": "3,177", "Tax Provision": "1,564", "Net Income Common Stockholders": "1,612", "Diluted NI Available to Com Stockholders": "1,612", "Basic EPS": "0.09", "Diluted EPS": "0.09", "Basic Average Shares": "17,467", "Diluted Average Shares": "18,008", "Total Operating Income as Reported": "3,038", "Total Expenses": "20,879", "Net Income from Continuing & Discontinued Operation": "1,612", "Normalized Income": "1,612", "Interest Income": "-", "Interest Expense": "-", "Net Interest Income": "-", "EBIT": "3,038", "EBITDA": "-", "Reconciled Cost of Revenue": "8,570", "Reconciled Depreciation": "197.194", "Net Income from Continuing Operation Net Minority Interest": "1,612", "Total Unusual Items Excluding Goodwill": "-", "Total Unusual Items": "-", "Normalized EBITDA": "3,236", "Tax Rate for Calcs": "0", "Tax Effect of Unusual Items": "0"}, "12/30/2003": {"Duration": "12/30/2003", "Total Revenue": "17,240", "Cost of Revenue": "6,576", "Gross Profit": "10,664", "Operating Expense": "8,570", "Operating Income": "2,095", "Net Non Operating Interest Income Expense": "-", "Other Income Expense": "-", "Pretax Income": "2,207", "Tax Provision": "1,164", "Net Income Common Stockholders": "1,043", "Diluted NI Available to Com Stockholders": "1,043", "Basic EPS": "0.06", "Diluted EPS": "0.06", "Basic Average Shares": "17,363", "Diluted Average Shares": "17,777", "Total Operating Income as Reported": "2,095", "Total Expenses": "15,146", "Net Income from Continuing & Discontinued Operation": "1,043", "Normalized Income": "1,043", "Interest Income": "-", "Interest Expense": "-", "Net Interest Income": "-", "EBIT": "2,095", "EBITDA": "-", "Reconciled Cost of Revenue": "6,576", "Reconciled Depreciation": "161.899", "Net Income from Continuing Operation Net Minority Interest": "1,043", "Total Unusual Items Excluding Goodwill": "-", "Total Unusual Items": "-", "Normalized EBITDA": "2,256", "Tax Rate for Calcs": "0", "Tax Effect of Unusual Items": "0"}, "12/30/2002": {"Duration": "12/30/2002", "Total Revenue": "16,514", "Cost of Revenue": "6,587", "Gross Profit": "9,927", "Operating Expense": "7,375", "Operating Income": "2,551", "Net Non Operating Interest Income Expense": "-", "Other Income Expense": "0.45", "Pretax Income": "2,751", "Tax Provision": "-6,658", "Net Income Common Stockholders": "9,408", "Diluted NI Available to Com Stockholders": "9,408", "Basic EPS": "0.53", "Diluted EPS": "0.53", "Basic Average Shares": "17,528", "Diluted Average Shares": "17,908", "Total Operating Income as Reported": "2,551", "Total Expenses": "13,962", "Net Income from Continuing & Discontinued Operation": "9,408", "Normalized Income": "9,408", "Interest Income": "-", "Interest Expense": "-", "Net Interest Income": "-", "EBIT": "2,551", "EBITDA": "-", "Reconciled Cost of Revenue": "6,587", "Reconciled Depreciation": "128.604", "Net Income from Continuing Operation Net Minority Interest": "9,408", "Total Unusual Items Excluding Goodwill": "0.45", "Total Unusual Items": "0.45", "Normalized EBITDA": "2,680", "Tax Rate for Calcs": "0", "Tax Effect of Unusual Items": "0.18"}, "12/30/2001": {"Duration": "12/30/2001", "Total Revenue": "11,505", "Cost of Revenue": "5,138", "Gross Profit": "6,367", "Operating Expense": "5,468", "Operating Income": "899.139", "Net Non Operating Interest Income Expense": "-", "Other Income Expense": "-119.46", "Pretax Income": "-", "Tax Provision": "-", "Net Income Common Stockholders": "1,225", "Diluted NI Available to Com Stockholders": "1,225", "Basic EPS": "0.08", "Diluted EPS": "0.07", "Basic Average Shares": "16,467", "Diluted Average Shares": "16,479", "Total Operating Income as Reported": "899.139", "Total Expenses": "10,606", "Net Income from Continuing & Discontinued Operation": "1,225", "Normalized Income": "1,296", "Interest Income": "-", "Interest Expense": "-", "Net Interest Income": "-", "EBIT": "899.139", "EBITDA": "-", "Reconciled Cost of Revenue": "5,138", "Reconciled Depreciation": "150.935", "Net Income from Continuing Operation Net Minority Interest": "1,225", "Total Unusual Items Excluding Goodwill": "-119.46", "Total Unusual Items": "-119.46", "Normalized EBITDA": "1,170", "Tax Rate for Calcs": "0", "Tax Effect of Unusual Items": "-47.784"}, "12/30/2000": {"Duration": "12/30/2000", "Total Revenue": "12,795", "Cost of Revenue": "5,258", "Gross Profit": "7,537", "Operating Expense": "14,730", "Operating Income": "-7,193", "Net Non Operating Interest Income Expense": "-", "Other Income Expense": "-313.538", "Pretax Income": "-", "Tax Provision": "-", "Net Income Common Stockholders": "-7,079", "Diluted NI Available to Com Stockholders": "-7,079", "Basic EPS": "-0.75", "Diluted EPS": "-0.75", "Basic Average Shares": "9,407", "Diluted Average Shares": "9,407", "Total Operating Income as Reported": "-7,193", "Total Expenses": "19,988", "Net Income from Continuing & Discontinued Operation": "-7,079", "Normalized Income": "-6,890", "Interest Income": "-", "Interest Expense": "-", "Net Interest Income": "-", "EBIT": "-7,193", "EBITDA": "-", "Reconciled Cost of Revenue": "5,258", "Reconciled Depreciation": "569.986", "Net Income from Continuing Operation Net Minority Interest": "-7,079", "Total Unusual Items Excluding Goodwill": "-313.538", "Total Unusual Items": "-313.538", "Normalized EBITDA": "-6,310", "Tax Rate for Calcs": "0", "Tax Effect of Unusual Items": "-125.4152"}, "12/30/1999": {"Duration": "12/30/1999", "Total Revenue": "12,300", "Cost of Revenue": "5,700", "Gross Profit": "6,600", "Operating Expense": "12,800", "Operating Income": "-6,200", "Net Non Operating Interest Income Expense": "-", "Other Income Expense": "-", "Pretax Income": "-", "Tax Provision": "-", "Net Income Common Stockholders": "-5,200", "Diluted NI Available to Com Stockholders": "-5,200", "Basic EPS": "-0.56", "Diluted EPS": "-0.56", "Basic Average Shares": "9,241", "Diluted Average Shares": "9,241", "Total Operating Income as Reported": "-6,200", "Total Expenses": "18,500", "Net Income from Continuing & Discontinued Operation": "-5,200", "Normalized Income": "-5,200", "Interest Income": "-", "Interest Expense": "-", "Net Interest Income": "-", "EBIT": "-6,200", "EBITDA": "-", "Reconciled Cost of Revenue": "5,700", "Reconciled Depreciation": "700", "Net Income from Continuing Operation Net Minority Interest": "-5,200", "Total Unusual Items Excluding Goodwill": "-", "Total Unusual Items": "-", "Normalized EBITDA": "-5,500", "Tax Rate for Calcs": "0", "Tax Effect of Unusual Items": "0"}, "12/30/1998": {"Duration": "12/30/1998", "Total Revenue": "4,000", "Cost of Revenue": "2,700", "Gross Profit": "1,300", "Operating Expense": "9,900", "Operating Income": "-8,600", "Net Non Operating Interest Income Expense": "-", "Other Income Expense": "1,800", "Pretax Income": "-", "Tax Provision": "-", "Net Income Common Stockholders": "-6,700", "Diluted NI Available to Com Stockholders": "-6,700", "Basic EPS": "-0.74", "Diluted EPS": "-0.74", "Basic Average Shares": "9,128", "Diluted Average Shares": "9,128", "Total Operating Income as Reported": "-8,600", "Total Expenses": "12,600", "Net Income from Continuing & Discontinued Operation": "-6,700", "Normalized Income": "-7,780", "Interest Income": "-", "Interest Expense": "-", "Net Interest Income": "-", "EBIT": "-8,600", "EBITDA": "-", "Reconciled Cost of Revenue": "2,700", "Reconciled Depreciation": "200", "Net Income from Continuing Operation Net Minority Interest": "-6,700", "Total Unusual Items Excluding Goodwill": "1,800", "Total Unusual Items": "1,800", "Normalized EBITDA": "-10,200", "Tax Rate for Calcs": "0", "Tax Effect of Unusual Items": "720"}, "12/30/1997": {"Duration": "12/30/1997", "Total Revenue": "100", "Cost of Revenue": "-", "Gross Profit": "-", "Operating Expense": "5,400", "Operating Income": "-5,300", "Net Non Operating Interest Income Expense": "-", "Other Income Expense": "500", "Pretax Income": "-", "Tax Provision": "-", "Net Income Common Stockholders": "-4,900", "Diluted NI Available to Com Stockholders": "-4,900", "Basic EPS": "-1.32", "Diluted EPS": "-1.32", "Basic Average Shares": "3,735", "Diluted Average Shares": "3,735", "Total Operating Income as Reported": "-5,300", "Total Expenses": "5,400", "Net Income from Continuing & Discontinued Operation": "-4,900", "Normalized Income": "-5,200", "Interest Income": "-", "Interest Expense": "-", "Net Interest Income": "-", "EBIT": "-5,300", "EBITDA": "-", "Reconciled Cost of Revenue": "-", "Reconciled Depreciation": "-", "Net Income from Continuing Operation Net Minority Interest": "-4,900", "Total Unusual Items Excluding Goodwill": "500", "Total Unusual Items": "500", "Normalized EBITDA": "-5,800", "Tax Rate for Calcs": "0", "Tax Effect of Unusual Items": "200"}, "12/30/1996": {"Duration": "12/30/1996", "Total Revenue": "100", "Cost of Revenue": "-", "Gross Profit": "-", "Operating Expense": "400", "Operating Income": "-300", "Net Non Operating Interest Income Expense": "-", "Other Income Expense": "-", "Pretax Income": "-", "Tax Provision": "-", "Net Income Common Stockholders": "-400", "Diluted NI Available to Com Stockholders": "-400", "Basic EPS": "-0.14", "Diluted EPS": "-0.14", "Basic Average Shares": "2,764", "Diluted Average Shares": "2,764", "Total Operating Income as Reported": "-300", "Total Expenses": "400", "Net Income from Continuing & Discontinued Operation": "-400", "Normalized Income": "-400", "Interest Income": "-", "Interest Expense": "-", "Net Interest Income": "-", "EBIT": "-300", "EBITDA": "-", "Reconciled Cost of Revenue": "-", "Reconciled Depreciation": "-", "Net Income from Continuing Operation Net Minority Interest": "-400", "Total Unusual Items Excluding Goodwill": "-", "Total Unusual Items": "-", "Normalized EBITDA": "-300", "Tax Rate for Calcs": "0", "Tax Effect of Unusual Items": "0"}}, "bs": {"6/30/2020": {"Duration": "6/30/2020", "Total Assets": "48,905", "Total Liabilities Net Minority Interest": "7,469", "Total Equity Gross Minority Interest": "41,436", "Total Capitalization": "42,208", "Common Stock Equity": "41,436", "Capital Lease Obligations": "825.496", "Net Tangible Assets": "41,265", "Working Capital": "17,423", "Invested Capital": "42,401", "Tangible Book Value": "41,265", "Total Debt": "1,790", "Share Issued": "28,949", "Ordinary Shares Number": "28,949"}, "6/30/2019": {"Duration": "6/30/2019", "Total Assets": "51,146", "Total Liabilities Net Minority Interest": "5,427", "Total Equity Gross Minority Interest": "45,719", "Total Capitalization": "45,719", "Common Stock Equity": "45,719", "Capital Lease Obligations": "-", "Net Tangible Assets": "45,622", "Working Capital": "23,171", "Invested Capital": "45,719", "Tangible Book Value": "45,622", "Total Debt": "-", "Share Issued": "28,028", "Ordinary Shares Number": "28,028"}, "6/29/2020": {"Duration": "6/29/2020", "Total Assets": "48,905", "Total Liabilities Net Minority Interest": "7,469", "Total Equity Gross Minority Interest": "41,436", "Total Capitalization": "42,208", "Preferred Stock Equity": "-", "Common Stock Equity": "41,436", "Capital Lease Obligations": "825.496", "Net Tangible Assets": "41,265", "Working Capital": "17,423", "Invested Capital": "42,401", "Tangible Book Value": "41,265", "Total Debt": "1,790", "Share Issued": "28,949", "Ordinary Shares Number": "28,949"}, "6/29/2019": {"Duration": "6/29/2019", "Total Assets": "51,146", "Total Liabilities Net Minority Interest": "5,427", "Total Equity Gross Minority Interest": "45,719", "Total Capitalization": "45,719", "Preferred Stock Equity": "-", "Common Stock Equity": "45,719", "Capital Lease Obligations": "-", "Net Tangible Assets": "45,622", "Working Capital": "23,171", "Invested Capital": "45,719", "Tangible Book Value": "45,622", "Total Debt": "-", "Share Issued": "28,028", "Ordinary Shares Number": "28,028"}, "12/30/2017": {"Duration": "12/30/2017", "Total Assets": "41,231", "Total Liabilities Net Minority Interest": "6,372", "Total Equity Gross Minority Interest": "34,859", "Total Capitalization": "34,859", "Preferred Stock Equity": "-", "Common Stock Equity": "34,859", "Capital Lease Obligations": "-", "Net Tangible Assets": "34,850", "Working Capital": "14,703", "Invested Capital": "34,859", "Tangible Book Value": "34,850", "Total Debt": "-", "Share Issued": "21,580", "Ordinary Shares Number": "21,580"}, "12/30/2016": {"Duration": "12/30/2016", "Total Assets": "40,506", "Total Liabilities Net Minority Interest": "5,637", "Total Equity Gross Minority Interest": "34,869", "Total Capitalization": "34,869", "Preferred Stock Equity": "-", "Common Stock Equity": "34,869", "Capital Lease Obligations": "-", "Net Tangible Assets": "34,860", "Working Capital": "16,066", "Invested Capital": "34,869", "Tangible Book Value": "34,860", "Total Debt": "-", "Share Issued": "21,370", "Ordinary Shares Number": "21,370"}, "12/30/2015": {"Duration": "12/30/2015", "Total Assets": "44,141", "Total Liabilities Net Minority Interest": "5,752", "Total Equity Gross Minority Interest": "38,389", "Total Capitalization": "38,389", "Preferred Stock Equity": "-", "Common Stock Equity": "38,389", "Capital Lease Obligations": "-", "Net Tangible Assets": "38,318", "Working Capital": "16,030", "Invested Capital": "38,389", "Tangible Book Value": "38,318", "Total Debt": "-", "Share Issued": "21,112", "Ordinary Shares Number": "21,112"}, "12/30/2014": {"Duration": "12/30/2014", "Total Assets": "51,426", "Total Liabilities Net Minority Interest": "5,408", "Total Equity Gross Minority Interest": "46,018", "Total Capitalization": "46,018", "Preferred Stock Equity": "-", "Common Stock Equity": "46,018", "Capital Lease Obligations": "-", "Net Tangible Assets": "45,801", "Working Capital": "19,250", "Invested Capital": "46,018", "Tangible Book Value": "45,801", "Total Debt": "-", "Share Issued": "20,382", "Ordinary Shares Number": "20,382"}, "12/30/2013": {"Duration": "12/30/2013", "Total Assets": "62,324", "Total Liabilities Net Minority Interest": "4,896", "Total Equity Gross Minority Interest": "57,428", "Total Capitalization": "57,428", "Preferred Stock Equity": "-", "Common Stock Equity": "57,428", "Capital Lease Obligations": "-", "Net Tangible Assets": "57,102", "Working Capital": "23,541", "Invested Capital": "57,428", "Tangible Book Value": "57,102", "Total Debt": "-", "Share Issued": "20,197", "Ordinary Shares Number": "20,197"}, "12/30/2012": {"Duration": "12/30/2012", "Total Assets": "59,877", "Total Liabilities Net Minority Interest": "3,271", "Total Equity Gross Minority Interest": "56,606", "Total Capitalization": "56,606", "Preferred Stock Equity": "-", "Common Stock Equity": "56,606", "Capital Lease Obligations": "-", "Net Tangible Assets": "56,259", "Working Capital": "28,009", "Invested Capital": "56,606", "Tangible Book Value": "56,259", "Total Debt": "-", "Share Issued": "19,654", "Ordinary Shares Number": "19,654"}, "12/30/2011": {"Duration": "12/30/2011", "Total Assets": "53,649", "Total Liabilities Net Minority Interest": "2,597", "Total Equity Gross Minority Interest": "51,053", "Total Capitalization": "51,053", "Preferred Stock Equity": "-", "Common Stock Equity": "51,053", "Capital Lease Obligations": "-", "Net Tangible Assets": "50,804", "Working Capital": "18,193", "Invested Capital": "51,053", "Tangible Book Value": "50,804", "Total Debt": "-", "Share Issued": "19,455", "Ordinary Shares Number": "19,455"}, "12/30/2010": {"Duration": "12/30/2010", "Total Assets": "50,910", "Total Liabilities Net Minority Interest": "2,102", "Total Equity Gross Minority Interest": "48,808", "Total Capitalization": "48,808", "Preferred Stock Equity": "-", "Common Stock Equity": "48,808", "Capital Lease Obligations": "-", "Net Tangible Assets": "48,556", "Working Capital": "17,020", "Invested Capital": "48,808", "Tangible Book Value": "48,556", "Total Debt": "-", "Share Issued": "19,292", "Ordinary Shares Number": "19,292"}, "12/30/2009": {"Duration": "12/30/2009", "Total Assets": "50,532", "Total Liabilities Net Minority Interest": "1,655", "Total Equity Gross Minority Interest": "48,877", "Total Capitalization": "48,877", "Preferred Stock Equity": "-", "Common Stock Equity": "48,877", "Capital Lease Obligations": "-", "Net Tangible Assets": "48,617", "Working Capital": "11,566", "Invested Capital": "48,877", "Tangible Book Value": "48,617", "Total Debt": "-", "Share Issued": "19,014", "Ordinary Shares Number": "19,014"}, "12/30/2008": {"Duration": "12/30/2008", "Total Assets": "58,027", "Total Liabilities Net Minority Interest": "5,982", "Total Equity Gross Minority Interest": "52,046", "Total Capitalization": "52,046", "Preferred Stock Equity": "-", "Common Stock Equity": "52,046", "Capital Lease Obligations": "-", "Net Tangible Assets": "51,766", "Working Capital": "18,757", "Invested Capital": "52,046", "Tangible Book Value": "51,766", "Total Debt": "-", "Share Issued": "18,437", "Ordinary Shares Number": "18,437"}, "12/30/2007": {"Duration": "12/30/2007", "Total Assets": "63,151", "Total Liabilities Net Minority Interest": "5,240", "Total Equity Gross Minority Interest": "57,911", "Total Capitalization": "57,911", "Preferred Stock Equity": "-", "Common Stock Equity": "57,911", "Capital Lease Obligations": "-", "Net Tangible Assets": "57,553", "Working Capital": "30,487", "Invested Capital": "57,911", "Tangible Book Value": "57,553", "Total Debt": "-", "Share Issued": "18,107", "Ordinary Shares Number": "18,107"}, "12/30/2006": {"Duration": "12/30/2006", "Total Assets": "66,002", "Total Liabilities Net Minority Interest": "6,725", "Total Equity Gross Minority Interest": "59,277", "Total Capitalization": "59,277", "Preferred Stock Equity": "-", "Common Stock Equity": "59,277", "Capital Lease Obligations": "-", "Net Tangible Assets": "58,989", "Working Capital": "45,819", "Invested Capital": "59,277", "Tangible Book Value": "58,989", "Total Debt": "-", "Share Issued": "17,978", "Ordinary Shares Number": "17,978"}, "12/30/2005": {"Duration": "12/30/2005", "Total Assets": "63,538", "Total Liabilities Net Minority Interest": "5,573", "Total Equity Gross Minority Interest": "57,966", "Total Capitalization": "57,966", "Preferred Stock Equity": "-", "Common Stock Equity": "57,966", "Capital Lease Obligations": "-", "Net Tangible Assets": "57,667", "Working Capital": "53,751", "Invested Capital": "57,966", "Tangible Book Value": "57,667", "Total Debt": "-", "Share Issued": "18,299", "Ordinary Shares Number": "18,299"}, "12/30/2004": {"Duration": "12/30/2004", "Total Assets": "50,636", "Total Liabilities Net Minority Interest": "3,377", "Total Equity Gross Minority Interest": "47,258", "Total Capitalization": "47,258", "Preferred Stock Equity": "-", "Common Stock Equity": "47,258", "Capital Lease Obligations": "-", "Net Tangible Assets": "46,910", "Working Capital": "42,116", "Invested Capital": "47,258", "Tangible Book Value": "46,910", "Total Debt": "-", "Share Issued": "17,737", "Ordinary Shares Number": "17,737"}, "12/30/2003": {"Duration": "12/30/2003", "Total Assets": "46,447", "Total Liabilities Net Minority Interest": "2,323", "Total Equity Gross Minority Interest": "44,124", "Total Capitalization": "44,124", "Preferred Stock Equity": "-", "Common Stock Equity": "44,124", "Capital Lease Obligations": "-", "Net Tangible Assets": "43,849", "Working Capital": "37,745", "Invested Capital": "44,124", "Tangible Book Value": "43,849", "Total Debt": "-", "Share Issued": "17,351", "Ordinary Shares Number": "17,351"}, "12/30/2002": {"Duration": "12/30/2002", "Total Assets": "45,949", "Total Liabilities Net Minority Interest": "2,197", "Total Equity Gross Minority Interest": "43,752", "Total Capitalization": "43,752", "Preferred Stock Equity": "-", "Common Stock Equity": "43,752", "Capital Lease Obligations": "-", "Net Tangible Assets": "43,479", "Working Capital": "36,236", "Invested Capital": "43,752", "Tangible Book Value": "43,479", "Total Debt": "-", "Share Issued": "17,495", "Ordinary Shares Number": "17,495"}, "12/30/2001": {"Duration": "12/30/2001", "Total Assets": "35,242", "Total Liabilities Net Minority Interest": "1,164", "Total Equity Gross Minority Interest": "34,078", "Total Capitalization": "34,078", "Preferred Stock Equity": "-", "Common Stock Equity": "34,078", "Capital Lease Obligations": "-", "Net Tangible Assets": "33,787", "Working Capital": "33,445", "Invested Capital": "34,078", "Tangible Book Value": "33,787", "Total Debt": "-", "Share Issued": "17,557", "Ordinary Shares Number": "17,557"}, "12/30/2000": {"Duration": "12/30/2000", "Total Assets": "29,608", "Total Liabilities Net Minority Interest": "2,748", "Total Equity Gross Minority Interest": "26,860", "Total Capitalization": "26,860", "Preferred Stock Equity": "-", "Common Stock Equity": "26,860", "Capital Lease Obligations": "-", "Net Tangible Assets": "26,490", "Working Capital": "25,938", "Invested Capital": "26,860", "Tangible Book Value": "26,490", "Total Debt": "-", "Share Issued": "9,455", "Ordinary Shares Number": "9,455"}, "12/30/1999": {"Duration": "12/30/1999", "Total Assets": "36,800", "Total Liabilities Net Minority Interest": "3,300", "Total Equity Gross Minority Interest": "33,500", "Total Capitalization": "33,500", "Preferred Stock Equity": "-", "Common Stock Equity": "33,500", "Capital Lease Obligations": "-", "Net Tangible Assets": "33,000", "Working Capital": "26,700", "Invested Capital": "33,500", "Tangible Book Value": "33,000", "Total Debt": "-", "Share Issued": "9,321", "Ordinary Shares Number": "9,321"}, "12/30/1998": {"Duration": "12/30/1998", "Total Assets": "40,200", "Total Liabilities Net Minority Interest": "2,200", "Total Equity Gross Minority Interest": "38,000", "Total Capitalization": "38,000", "Preferred Stock Equity": "-", "Common Stock Equity": "38,000", "Capital Lease Obligations": "-", "Net Tangible Assets": "37,700", "Working Capital": "33,900", "Invested Capital": "38,000", "Tangible Book Value": "37,700", "Total Debt": "-", "Share Issued": "9,182", "Ordinary Shares Number": "9,182"}, "12/30/1997": {"Duration": "12/30/1997", "Total Assets": "44,900", "Total Liabilities Net Minority Interest": "900", "Total Equity Gross Minority Interest": "44,000", "Total Capitalization": "44,000", "Preferred Stock Equity": "-", "Common Stock Equity": "44,000", "Capital Lease Obligations": "-", "Net Tangible Assets": "43,900", "Working Capital": "43,700", "Invested Capital": "44,000", "Tangible Book Value": "43,900", "Total Debt": "-", "Share Issued": "9,107", "Ordinary Shares Number": "9,107"}, "12/30/1996": {"Duration": "12/30/1996", "Total Assets": "1,200", "Total Liabilities Net Minority Interest": "0", "Total Equity Gross Minority Interest": "1,200", "Total Capitalization": "1,200", "Preferred Stock Equity": "600", "Common Stock Equity": "600", "Capital Lease Obligations": "-", "Net Tangible Assets": "1,200", "Working Capital": "1,200", "Invested Capital": "600", "Tangible Book Value": "600", "Total Debt": "-", "Share Issued": "9,107", "Ordinary Shares Number": "9,107"}}, "cf": {"TTM": {"Duration": "TTM", "Operating Cash Flow": "6,488", "Investing Cash Flow": "-692.29", "Financing Cash Flow": "1,978", "End Cash Position": "19,675", "Income Tax Paid Supplemental Data": "9.05", "Interest Paid Supplemental Data": "0.349", "Capital Expenditure": "-442.29", "Issuance of Capital Stock": "0", "Issuance of Debt": "-", "Repurchase of Capital Stock": "-", "Free Cash Flow": "6,046"}, "6/30/2020": {"Duration": "6/30/2020", "Operating Cash Flow": "249.185", "Investing Cash Flow": "-535.976", "Financing Cash Flow": "1,897", "End Cash Position": "14,617", "Income Tax Paid Supplemental Data": "2.05", "Interest Paid Supplemental Data": "0.884", "Capital Expenditure": "-535.976", "Issuance of Capital Stock": "932.48", "Issuance of Debt": "965", "Repurchase of Capital Stock": "-", "Free Cash Flow": "-286.791"}, "6/30/2019": {"Duration": "6/30/2019", "Operating Cash Flow": "916.799", "Investing Cash Flow": "-425.759", "Financing Cash Flow": "9,122", "End Cash Position": "13,007", "Income Tax Paid Supplemental Data": "73.562", "Interest Paid Supplemental Data": "2.198", "Capital Expenditure": "-425.759", "Issuance of Capital Stock": "9,059", "Issuance of Debt": "-", "Repurchase of Capital Stock": "-", "Free Cash Flow": "491.04"}, "12/31/2017": {"Duration": "12/31/2017", "Operating Cash Flow": "-2,560", "Investing Cash Flow": "-272.891", "Financing Cash Flow": "0", "End Cash Position": "4,594", "Income Tax Paid Supplemental Data": "-", "Interest Paid Supplemental Data": "0.541", "Capital Expenditure": "-272.891", "Issuance of Capital Stock": "-", "Issuance of Debt": "-", "Repurchase of Capital Stock": "-", "Free Cash Flow": "-2,833"}, "12/31/2016": {"Duration": "12/31/2016", "Operating Cash Flow": "2,209", "Investing Cash Flow": "-58.455", "Financing Cash Flow": "2.3", "End Cash Position": "7,427", "Income Tax Paid Supplemental Data": "-", "Interest Paid Supplemental Data": "1.737", "Capital Expenditure": "-427.376", "Issuance of Capital Stock": "-", "Issuance of Debt": "-", "Repurchase of Capital Stock": "-", "Free Cash Flow": "1,782"}, "12/31/2015": {"Duration": "12/31/2015", "Operating Cash Flow": "1,568", "Investing Cash Flow": "-473.695", "Financing Cash Flow": "172.766", "End Cash Position": "5,274", "Income Tax Paid Supplemental Data": "0", "Interest Paid Supplemental Data": "10.359", "Capital Expenditure": "-473.87", "Issuance of Capital Stock": "-", "Issuance of Debt": "-", "Repurchase of Capital Stock": "-", "Free Cash Flow": "1,094"}, "12/31/2014": {"Duration": "12/31/2014", "Operating Cash Flow": "2,035", "Investing Cash Flow": "-601.061", "Financing Cash Flow": "0", "End Cash Position": "4,007", "Income Tax Paid Supplemental Data": "0", "Interest Paid Supplemental Data": "0.901", "Capital Expenditure": "-601.061", "Issuance of Capital Stock": "-", "Issuance of Debt": "-", "Repurchase of Capital Stock": "-", "Free Cash Flow": "1,434"}, "12/31/2013": {"Duration": "12/31/2013", "Operating Cash Flow": "-9,312", "Investing Cash Flow": "-410.745", "Financing Cash Flow": "434.81", "End Cash Position": "2,573", "Income Tax Paid Supplemental Data": "5.57", "Interest Paid Supplemental Data": "2.106", "Capital Expenditure": "-910.745", "Issuance of Capital Stock": "-", "Issuance of Debt": "-", "Repurchase of Capital Stock": "-", "Free Cash Flow": "-10,222"}, "12/31/2012": {"Duration": "12/31/2012", "Operating Cash Flow": "2,785", "Investing Cash Flow": "2,216", "Financing Cash Flow": "158.393", "End Cash Position": "11,861", "Income Tax Paid Supplemental Data": "52.523", "Interest Paid Supplemental Data": "1.26", "Capital Expenditure": "-1,034", "Issuance of Capital Stock": "-", "Issuance of Debt": "-", "Repurchase of Capital Stock": "0", "Free Cash Flow": "1,751"}, "12/31/2011": {"Duration": "12/31/2011", "Operating Cash Flow": "3,452", "Investing Cash Flow": "-4,179", "Financing Cash Flow": "-307.207", "End Cash Position": "6,702", "Income Tax Paid Supplemental Data": "-", "Interest Paid Supplemental Data": "1.141", "Capital Expenditure": "-1,434", "Issuance of Capital Stock": "-", "Issuance of Debt": "-", "Repurchase of Capital Stock": "-354.441", "Free Cash Flow": "2,018"}, "12/31/2010": {"Duration": "12/31/2010", "Operating Cash Flow": "1,483", "Investing Cash Flow": "-1,345", "Financing Cash Flow": "191.826", "End Cash Position": "7,736", "Income Tax Paid Supplemental Data": "-", "Interest Paid Supplemental Data": "2.831", "Capital Expenditure": "-287.55", "Issuance of Capital Stock": "-", "Issuance of Debt": "-", "Repurchase of Capital Stock": "0", "Free Cash Flow": "1,196"}, "12/31/2009": {"Duration": "12/31/2009", "Operating Cash Flow": "1,924", "Investing Cash Flow": "-102.098", "Financing Cash Flow": "-3.044", "End Cash Position": "7,406", "Income Tax Paid Supplemental Data": "-", "Interest Paid Supplemental Data": "-", "Capital Expenditure": "-102.098", "Issuance of Capital Stock": "-", "Issuance of Debt": "-", "Repurchase of Capital Stock": "-50.426", "Free Cash Flow": "1,822"}, "12/31/2008": {"Duration": "12/31/2008", "Operating Cash Flow": "-937.703", "Investing Cash Flow": "-336.98", "Financing Cash Flow": "-186.582", "End Cash Position": "5,587", "Income Tax Paid Supplemental Data": "-", "Interest Paid Supplemental Data": "-", "Capital Expenditure": "-28.91", "Issuance of Capital Stock": "-", "Issuance of Debt": "-", "Repurchase of Capital Stock": "-", "Free Cash Flow": "-966.613"}, "12/31/2007": {"Duration": "12/31/2007", "Operating Cash Flow": "-4,938", "Investing Cash Flow": "-261.468", "Financing Cash Flow": "-1,515", "End Cash Position": "7,048", "Income Tax Paid Supplemental Data": "-", "Interest Paid Supplemental Data": "-", "Capital Expenditure": "-155.864", "Issuance of Capital Stock": "230.964", "Issuance of Debt": "-", "Repurchase of Capital Stock": "-", "Free Cash Flow": "-5,094"}, "12/31/2006": {"Duration": "12/31/2006", "Operating Cash Flow": "-1,787", "Investing Cash Flow": "-333.202", "Financing Cash Flow": "-5,121", "End Cash Position": "13,763", "Income Tax Paid Supplemental Data": "-", "Interest Paid Supplemental Data": "-", "Capital Expenditure": "-309.139", "Issuance of Capital Stock": "245.387", "Issuance of Debt": "-", "Repurchase of Capital Stock": "-4,060", "Free Cash Flow": "-2,096"}, "12/31/2005": {"Duration": "12/31/2005", "Operating Cash Flow": "7,756", "Investing Cash Flow": "-695.486", "Financing Cash Flow": "1,069", "End Cash Position": "21,004", "Income Tax Paid Supplemental Data": "-", "Interest Paid Supplemental Data": "-", "Capital Expenditure": "-207.29", "Issuance of Capital Stock": "1,768", "Issuance of Debt": "-", "Repurchase of Capital Stock": "-", "Free Cash Flow": "7,549"}, "12/31/2004": {"Duration": "12/31/2004", "Operating Cash Flow": "505.234", "Investing Cash Flow": "-356.32", "Financing Cash Flow": "1,166", "End Cash Position": "12,874", "Income Tax Paid Supplemental Data": "-", "Interest Paid Supplemental Data": "-", "Capital Expenditure": "-238.407", "Issuance of Capital Stock": "1,401", "Issuance of Debt": "-", "Repurchase of Capital Stock": "-234.934", "Free Cash Flow": "266.827"}, "12/31/2003": {"Duration": "12/31/2003", "Operating Cash Flow": "-908.761", "Investing Cash Flow": "-168.387", "Financing Cash Flow": "-645.974", "End Cash Position": "11,559", "Income Tax Paid Supplemental Data": "-", "Interest Paid Supplemental Data": "-", "Capital Expenditure": "-144.284", "Issuance of Capital Stock": "102.029", "Issuance of Debt": "-", "Repurchase of Capital Stock": "-748.003", "Free Cash Flow": "-1,053"}, "12/31/2002": {"Duration": "12/31/2002", "Operating Cash Flow": "3,477", "Investing Cash Flow": "-217.992", "Financing Cash Flow": "-213.182", "End Cash Position": "13,282", "Income Tax Paid Supplemental Data": "-", "Interest Paid Supplemental Data": "-", "Capital Expenditure": "-215.825", "Issuance of Capital Stock": "10.839", "Issuance of Debt": "-", "Repurchase of Capital Stock": "-224.021", "Free Cash Flow": "3,261"}, "12/31/2001": {"Duration": "12/31/2001", "Operating Cash Flow": "435.189", "Investing Cash Flow": "18.733", "Financing Cash Flow": "5,956", "End Cash Position": "10,236", "Income Tax Paid Supplemental Data": "-", "Interest Paid Supplemental Data": "-", "Capital Expenditure": "-37.362", "Issuance of Capital Stock": "6,032", "Issuance of Debt": "-", "Repurchase of Capital Stock": "-", "Free Cash Flow": "397.827"}, "12/31/2000": {"Duration": "12/31/2000", "Operating Cash Flow": "-9,586", "Investing Cash Flow": "-43.921", "Financing Cash Flow": "294.805", "End Cash Position": "3,826", "Income Tax Paid Supplemental Data": "-", "Interest Paid Supplemental Data": "-", "Capital Expenditure": "-23.771", "Issuance of Capital Stock": "294.805", "Issuance of Debt": "-", "Repurchase of Capital Stock": "-", "Free Cash Flow": "-9,610"}, "12/31/1999": {"Duration": "12/31/1999", "Operating Cash Flow": "-15,700", "Investing Cash Flow": "-3,500", "Financing Cash Flow": "400", "End Cash Position": "13,200", "Income Tax Paid Supplemental Data": "-", "Interest Paid Supplemental Data": "-", "Capital Expenditure": "-3,200", "Issuance of Capital Stock": "400", "Issuance of Debt": "-", "Repurchase of Capital Stock": "-", "Free Cash Flow": "-18,900"}, "12/31/1998": {"Duration": "12/31/1998", "Operating Cash Flow": "-8,200", "Investing Cash Flow": "-4,000", "Financing Cash Flow": "200", "End Cash Position": "0", "Income Tax Paid Supplemental Data": "-", "Interest Paid Supplemental Data": "-", "Capital Expenditure": "-3,800", "Issuance of Capital Stock": "200", "Issuance of Debt": "-", "Repurchase of Capital Stock": "-", "Free Cash Flow": "-12,000"}, "12/31/1997": {"Duration": "12/31/1997", "Operating Cash Flow": "-2,900", "Investing Cash Flow": "-300", "Financing Cash Flow": "46,100", "End Cash Position": "0", "Income Tax Paid Supplemental Data": "-", "Interest Paid Supplemental Data": "-", "Capital Expenditure": "-200", "Issuance of Capital Stock": "46,100", "Issuance of Debt": "-", "Repurchase of Capital Stock": "-", "Free Cash Flow": "-3,100"}, "12/31/1996": {"Duration": "12/31/1996", "Operating Cash Flow": "-400", "Investing Cash Flow": "0", "Financing Cash Flow": "1,600", "End Cash Position": "0", "Income Tax Paid Supplemental Data": "-", "Interest Paid Supplemental Data": "-", "Capital Expenditure": "-", "Issuance of Capital Stock": "1,600", "Issuance of Debt": "-", "Repurchase of Capital Stock": "-", "Free Cash Flow": "-400"}}, "ks": {"Current": {"Duration": "Current", "Market Cap (intraday) 5": "81.50M", "Enterprise Value 3": "67.15M", "Trailing P/E ": "24.82", "Forward P/E 1": "14.37", "PEG Ratio (5 yr expected) 1": "N/A", "Price/Sales (ttm)": "2.37", "Price/Book (mrq)": "1.73", "Enterprise Value/Revenue 3": "1.98", "Enterprise Value/EBITDA 7": "16.98"}, "3/30/2021": {"Duration": "3/30/2021", "Market Cap (intraday) 5": "88.36M", "Enterprise Value 3": "73.17M", "Trailing P/E ": "N/A", "Forward P/E 1": "21.14", "PEG Ratio (5 yr expected) 1": "N/A", "Price/Sales (ttm)": "2.74", "Price/Book (mrq)": "1.96", "Enterprise Value/Revenue 3": "7.75", "Enterprise Value/EBITDA 7": "61.61"}, "12/30/2020": {"Duration": "12/30/2020", "Market Cap (intraday) 5": "35.78M", "Enterprise Value 3": "23.67M", "Trailing P/E ": "N/A", "Forward P/E 1": "20.49", "PEG Ratio (5 yr expected) 1": "N/A", "Price/Sales (ttm)": "1.20", "Price/Book (mrq)": "0.84", "Enterprise Value/Revenue 3": "1.95", "Enterprise Value/EBITDA 7": "8.90"}, "9/29/2020": {"Duration": "9/29/2020", "Market Cap (intraday) 5": "23.75M", "Enterprise Value 3": "11.55M", "Trailing P/E ": "N/A", "Forward P/E 1": "N/A", "PEG Ratio (5 yr expected) 1": "N/A", "Price/Sales (ttm)": "0.80", "Price/Book (mrq)": "0.57", "Enterprise Value/Revenue 3": "1.46", "Enterprise Value/EBITDA 7": "11.44"}, "6/29/2020": {"Duration": "6/29/2020", "Market Cap (intraday) 5": "21.13M", "Enterprise Value 3": "10.23M", "Trailing P/E ": "N/A", "Forward P/E 1": "N/A", "PEG Ratio (5 yr expected) 1": "N/A", "Price/Sales (ttm)": "0.62", "Price/Book (mrq)": "0.50", "Enterprise Value/Revenue 3": "2.31", "Enterprise Value/EBITDA 7": "-11.33"}, "3/30/2020": {"Duration": "3/30/2020", "Market Cap (intraday) 5": "19.61M", "Enterprise Value 3": "8.02M", "Trailing P/E ": "9.66", "Forward P/E 1": "N/A", "PEG Ratio (5 yr expected) 1": "N/A", "Price/Sales (ttm)": "0.52", "Price/Book (mrq)": "0.40", "Enterprise Value/Revenue 3": "1.24", "Enterprise Value/EBITDA 7": "-1.33"}, "12/30/2019": {"Duration": "12/30/2019", "Market Cap (intraday) 5": "41.15M", "Enterprise Value 3": "30.15M", "Trailing P/E ": "14.20", "Forward P/E 1": "12.90", "PEG Ratio (5 yr expected) 1": "N/A", "Price/Sales (ttm)": "1.02", "Price/Book (mrq)": "0.87", "Enterprise Value/Revenue 3": "2.83", "Enterprise Value/EBITDA 7": "32.82"}, "9/29/2019": {"Duration": "9/29/2019", "Market Cap (intraday) 5": "47.24M", "Enterprise Value 3": "34.78M", "Trailing P/E ": "16.30", "Forward P/E 1": "14.81", "PEG Ratio (5 yr expected) 1": "N/A", "Price/Sales (ttm)": "1.12", "Price/Book (mrq)": "1.03", "Enterprise Value/Revenue 3": "4.57", "Enterprise Value/EBITDA 7": "102.83"}, "6/29/2019": {"Duration": "6/29/2019", "Market Cap (intraday) 5": "44.28M", "Enterprise Value 3": "40.26M", "Trailing P/E ": "N/A", "Forward P/E 1": "14.37", "PEG Ratio (5 yr expected) 1": "N/A", "Price/Sales (ttm)": "1.21", "Price/Book (mrq)": "1.22", "Enterprise Value/Revenue 3": "5.29", "Enterprise Value/EBITDA 7": "136.60"}, "3/30/2019": {"Duration": "3/30/2019", "Market Cap (intraday) 5": "24.62M", "Enterprise Value 3": "21.82M", "Trailing P/E ": "N/A", "Forward P/E 1": "N/A", "PEG Ratio (5 yr expected) 1": "N/A", "Price/Sales (ttm)": "0.87", "Price/Book (mrq)": "0.70", "Enterprise Value/Revenue 3": "2.76", "Enterprise Value/EBITDA 7": "23.64"}, "12/30/2018": {"Duration": "12/30/2018", "Market Cap (intraday) 5": "18.36M", "Enterprise Value 3": "16.27M", "Trailing P/E ": "N/A", "Forward P/E 1": "N/A", "PEG Ratio (5 yr expected) 1": "N/A", "Price/Sales (ttm)": "0.65", "Price/Book (mrq)": "0.54", "Enterprise Value/Revenue 3": "1.60", "Enterprise Value/EBITDA 7": "12.36"}, "9/29/2018": {"Duration": "9/29/2018", "Market Cap (intraday) 5": "18.85M", "Enterprise Value 3": "15.46M", "Trailing P/E ": "N/A", "Forward P/E 1": "N/A", "PEG Ratio (5 yr expected) 1": "N/A", "Price/Sales (ttm)": "0.67", "Price/Book (mrq)": "0.56", "Enterprise Value/Revenue 3": "2.34", "Enterprise Value/EBITDA 7": "69.25"}, "6/29/2018": {"Duration": "6/29/2018", "Market Cap (intraday) 5": "23.09M", "Enterprise Value 3": "18.59M", "Trailing P/E ": "N/A", "Forward P/E 1": "N/A", "PEG Ratio (5 yr expected) 1": "N/A", "Price/Sales (ttm)": "0.81", "Price/Book (mrq)": "0.67", "Enterprise Value/Revenue 3": "2.90", "Enterprise Value/EBITDA 7": "-18.22"}, "3/30/2018": {"Duration": "3/30/2018", "Market Cap (intraday) 5": "29.34M", "Enterprise Value 3": "24.75M", "Trailing P/E ": "N/A", "Forward P/E 1": "N/A", "PEG Ratio (5 yr expected) 1": "N/A", "Price/Sales (ttm)": "1.07", "Price/Book (mrq)": "0.84", "Enterprise Value/Revenue 3": "3.66", "Enterprise Value/EBITDA 7": "-54.99"}, "12/30/2017": {"Duration": "12/30/2017", "Market Cap (intraday) 5": "29.15M", "Enterprise Value 3": "24.02M", "Trailing P/E ": "N/A", "Forward P/E 1": "N/A", "PEG Ratio (5 yr expected) 1": "N/A", "Price/Sales (ttm)": "1.16", "Price/Book (mrq)": "0.86", "Enterprise Value/Revenue 3": "2.81", "Enterprise Value/EBITDA 7": "30.34"}, "9/29/2017": {"Duration": "9/29/2017", "Market Cap (intraday) 5": "18.82M", "Enterprise Value 3": "12.53M", "Trailing P/E ": "N/A", "Forward P/E 1": "N/A", "PEG Ratio (5 yr expected) 1": "N/A", "Price/Sales (ttm)": "0.78", "Price/Book (mrq)": "0.55", "Enterprise Value/Revenue 3": "2.02", "Enterprise Value/EBITDA 7": "-191.37"}, "6/29/2017": {"Duration": "6/29/2017", "Market Cap (intraday) 5": "19.90M", "Enterprise Value 3": "13.27M", "Trailing P/E ": "N/A", "Forward P/E 1": "N/A", "PEG Ratio (5 yr expected) 1": "N/A", "Price/Sales (ttm)": "0.83", "Price/Book (mrq)": "0.58", "Enterprise Value/Revenue 3": "2.00", "Enterprise Value/EBITDA 7": "-45.50"}, "3/30/2017": {"Duration": "3/30/2017", "Market Cap (intraday) 5": "20.76M", "Enterprise Value 3": "13.34M", "Trailing P/E ": "N/A", "Forward P/E 1": "N/A", "PEG Ratio (5 yr expected) 1": "N/A", "Price/Sales (ttm)": "0.69", "Price/Book (mrq)": "0.60", "Enterprise Value/Revenue 3": "2.36", "Enterprise Value/EBITDA 7": "-30.46"}, "12/30/2016": {"Duration": "12/30/2016", "Market Cap (intraday) 5": "23.59M", "Enterprise Value 3": "13.91M", "Trailing P/E ": "N/A", "Forward P/E 1": "N/A", "PEG Ratio (5 yr expected) 1": "N/A", "Price/Sales (ttm)": "0.64", "Price/Book (mrq)": "0.66", "Enterprise Value/Revenue 3": "2.31", "Enterprise Value/EBITDA 7": "-14.53"}, "9/29/2016": {"Duration": "9/29/2016", "Market Cap (intraday) 5": "24.88M", "Enterprise Value 3": "13.76M", "Trailing P/E ": "N/A", "Forward P/E 1": "N/A", "PEG Ratio (5 yr expected) 1": "N/A", "Price/Sales (ttm)": "0.68", "Price/Book (mrq)": "0.68", "Enterprise Value/Revenue 3": "2.64", "Enterprise Value/EBITDA 7": "-13.38"}, "6/29/2016": {"Duration": "6/29/2016", "Market Cap (intraday) 5": "21.94M", "Enterprise Value 3": "10.36M", "Trailing P/E ": "N/A", "Forward P/E 1": "N/A", "PEG Ratio (5 yr expected) 1": "N/A", "Price/Sales (ttm)": "0.60", "Price/Book (mrq)": "0.59", "Enterprise Value/Revenue 3": "1.59", "Enterprise Value/EBITDA 7": "-13.01"}, "3/30/2016": {"Duration": "3/30/2016", "Market Cap (intraday) 5": "24.73M", "Enterprise Value 3": "19.46M", "Trailing P/E ": "N/A", "Forward P/E 1": "N/A", "PEG Ratio (5 yr expected) 1": "N/A", "Price/Sales (ttm)": "0.76", "Price/Book (mrq)": "0.64", "Enterprise Value/Revenue 3": "1.71", "Enterprise Value/EBITDA 7": "-32.57"}, "12/30/2015": {"Duration": "12/30/2015", "Market Cap (intraday) 5": "23.64M", "Enterprise Value 3": "18.04M", "Trailing P/E ": "N/A", "Forward P/E 1": "N/A", "PEG Ratio (5 yr expected) 1": "N/A", "Price/Sales (ttm)": "0.77", "Price/Book (mrq)": "0.59", "Enterprise Value/Revenue 3": "2.15", "Enterprise Value/EBITDA 7": "-10.82"}, "9/29/2015": {"Duration": "9/29/2015", "Market Cap (intraday) 5": "27.87M", "Enterprise Value 3": "22.61M", "Trailing P/E ": "N/A", "Forward P/E 1": "N/A", "PEG Ratio (5 yr expected) 1": "N/A", "Price/Sales (ttm)": "0.97", "Price/Book (mrq)": "0.68", "Enterprise Value/Revenue 3": "3.47", "Enterprise Value/EBITDA 7": "-12.99"}, "6/29/2015": {"Duration": "6/29/2015", "Market Cap (intraday) 5": "31.04M", "Enterprise Value 3": "25.80M", "Trailing P/E ": "N/A", "Forward P/E 1": "N/A", "PEG Ratio (5 yr expected) 1": "N/A", "Price/Sales (ttm)": "1.10", "Price/Book (mrq)": "0.69", "Enterprise Value/Revenue 3": "3.45", "Enterprise Value/EBITDA 7": "-6.75"}, "3/30/2015": {"Duration": "3/30/2015", "Market Cap (intraday) 5": "23.93M", "Enterprise Value 3": "19.92M", "Trailing P/E ": "N/A", "Forward P/E 1": "19.49", "PEG Ratio (5 yr expected) 1": "0.65", "Price/Sales (ttm)": "0.93", "Price/Book (mrq)": "0.52", "Enterprise Value/Revenue 3": "2.38", "Enterprise Value/EBITDA 7": "-13.67"}, "12/30/2014": {"Duration": "12/30/2014", "Market Cap (intraday) 5": "37.50M", "Enterprise Value 3": "34.84M", "Trailing P/E ": "N/A", "Forward P/E 1": "N/A", "PEG Ratio (5 yr expected) 1": "N/A", "Price/Sales (ttm)": "1.38", "Price/Book (mrq)": "0.77", "Enterprise Value/Revenue 3": "4.83", "Enterprise Value/EBITDA 7": "-13.80"}, "9/29/2014": {"Duration": "9/29/2014", "Market Cap (intraday) 5": "43.16M", "Enterprise Value 3": "39.79M", "Trailing P/E ": "N/A", "Forward P/E 1": "106.38", "PEG Ratio (5 yr expected) 1": "3.53", "Price/Sales (ttm)": "1.45", "Price/Book (mrq)": "0.85", "Enterprise Value/Revenue 3": "8.80", "Enterprise Value/EBITDA 7": "-14.27"}, "6/29/2014": {"Duration": "6/29/2014", "Market Cap (intraday) 5": "44.43M", "Enterprise Value 3": "41.96M", "Trailing P/E ": "N/A", "Forward P/E 1": "37.04", "PEG Ratio (5 yr expected) 1": "N/A", "Price/Sales (ttm)": "1.57", "Price/Book (mrq)": "0.78", "Enterprise Value/Revenue 3": "5.35", "Enterprise Value/EBITDA 7": "-24.25"}, "3/30/2014": {"Duration": "3/30/2014", "Market Cap (intraday) 5": "57.76M", "Enterprise Value 3": "55.19M", "Trailing P/E ": "N/A", "Forward P/E 1": "36.23", "PEG Ratio (5 yr expected) 1": "N/A", "Price/Sales (ttm)": "2.00", "Price/Book (mrq)": "1.01", "Enterprise Value/Revenue 3": "9.10", "Enterprise Value/EBITDA 7": "-61.83"}, "12/30/2013": {"Duration": "12/30/2013", "Market Cap (intraday) 5": "102.00M", "Enterprise Value 3": "95.30M", "Trailing P/E ": "38.85", "Forward P/E 1": "29.85", "PEG Ratio (5 yr expected) 1": "N/A", "Price/Sales (ttm)": "3.58", "Price/Book (mrq)": "1.80", "Enterprise Value/Revenue 3": "11.07", "Enterprise Value/EBITDA 7": "581.31"}, "9/29/2013": {"Duration": "9/29/2013", "Market Cap (intraday) 5": "140.20M", "Enterprise Value 3": "130.43M", "Trailing P/E ": "35.05", "Forward P/E 1": "74.63", "PEG Ratio (5 yr expected) 1": "N/A", "Price/Sales (ttm)": "5.31", "Price/Book (mrq)": "2.45", "Enterprise Value/Revenue 3": "19.02", "Enterprise Value/EBITDA 7": "-141.47"}, "6/29/2013": {"Duration": "6/29/2013", "Market Cap (intraday) 5": "80.23M", "Enterprise Value 3": "67.09M", "Trailing P/E ": "15.69", "Forward P/E 1": "58.14", "PEG Ratio (5 yr expected) 1": "N/A", "Price/Sales (ttm)": "3.31", "Price/Book (mrq)": "1.40", "Enterprise Value/Revenue 3": "10.30", "Enterprise Value/EBITDA 7": "-101.80"}, "3/30/2013": {"Duration": "3/30/2013", "Market Cap (intraday) 5": "75.91M", "Enterprise Value 3": "63.54M", "Trailing P/E ": "17.55", "Forward P/E 1": "43.86", "PEG Ratio (5 yr expected) 1": "N/A", "Price/Sales (ttm)": "3.44", "Price/Book (mrq)": "1.34", "Enterprise Value/Revenue 3": "9.77", "Enterprise Value/EBITDA 7": "88.08"}, "12/30/2012": {"Duration": "12/30/2012", "Market Cap (intraday) 5": "77.04M", "Enterprise Value 3": "64.68M", "Trailing P/E ": "17.82", "Forward P/E 1": "N/A", "PEG Ratio (5 yr expected) 1": "N/A", "Price/Sales (ttm)": "3.49", "Price/Book (mrq)": "1.36", "Enterprise Value/Revenue 3": "7.95", "Enterprise Value/EBITDA 7": "123.43"}, "9/29/2012": {"Duration": "9/29/2012", "Market Cap (intraday) 5": "70.90M", "Enterprise Value 3": "60.68M", "Trailing P/E ": "32.82", "Forward P/E 1": "N/A", "PEG Ratio (5 yr expected) 1": "N/A", "Price/Sales (ttm)": "3.73", "Price/Book (mrq)": "1.37", "Enterprise Value/Revenue 3": "11.95", "Enterprise Value/EBITDA 7": "213.00"}, "6/29/2012": {"Duration": "6/29/2012", "Market Cap (intraday) 5": "73.62M", "Enterprise Value 3": "66.79M", "Trailing P/E ": "53.86", "Forward P/E 1": "N/A", "PEG Ratio (5 yr expected) 1": "N/A", "Price/Sales (ttm)": "4.32", "Price/Book (mrq)": "1.44", "Enterprise Value/Revenue 3": "13.20", "Enterprise Value/EBITDA 7": "94.77"}, "3/30/2012": {"Duration": "3/30/2012", "Market Cap (intraday) 5": "90.11M", "Enterprise Value 3": "83.41M", "Trailing P/E ": "57.75", "Forward P/E 1": "N/A", "PEG Ratio (5 yr expected) 1": "N/A", "Price/Sales (ttm)": "5.68", "Price/Book (mrq)": "1.77", "Enterprise Value/Revenue 3": "19.96", "Enterprise Value/EBITDA 7": "-144.73"}, "12/30/2011": {"Duration": "12/30/2011", "Market Cap (intraday) 5": "50.02M", "Enterprise Value 3": "45.63M", "Trailing P/E ": "257.00", "Forward P/E 1": "N/A", "PEG Ratio (5 yr expected) 1": "N/A", "Price/Sales (ttm)": "4.04", "Price/Book (mrq)": "1.02", "Enterprise Value/Revenue 3": "6.36", "Enterprise Value/EBITDA 7": "23.75"}, "9/29/2011": {"Duration": "9/29/2011", "Market Cap (intraday) 5": "43.84M", "Enterprise Value 3": "39.45M", "Trailing P/E ": "224.00", "Forward P/E 1": "N/A", "PEG Ratio (5 yr expected) 1": "N/A", "Price/Sales (ttm)": "3.53", "Price/Book (mrq)": "0.90", "Enterprise Value/Revenue 3": "13.65", "Enterprise Value/EBITDA 7": "-2.03k"}, "6/29/2011": {"Duration": "6/29/2011", "Market Cap (intraday) 5": "52.72M", "Enterprise Value 3": "46.66M", "Trailing P/E ": "91.00", "Forward P/E 1": "N/A", "PEG Ratio (5 yr expected) 1": "N/A", "Price/Sales (ttm)": "4.26", "Price/Book (mrq)": "1.08", "Enterprise Value/Revenue 3": "15.58", "Enterprise Value/EBITDA 7": "-1.05k"}, "3/30/2011": {"Duration": "3/30/2011", "Market Cap (intraday) 5": "72.60M", "Enterprise Value 3": "64.63M", "Trailing P/E ": "75.20", "Forward P/E 1": "N/A", "PEG Ratio (5 yr expected) 1": "N/A", "Price/Sales (ttm)": "5.71", "Price/Book (mrq)": "1.49", "Enterprise Value/Revenue 3": "21.71", "Enterprise Value/EBITDA 7": "-375.04"}, "12/30/2010": {"Duration": "12/30/2010", "Market Cap (intraday) 5": "58.26M", "Enterprise Value 3": "50.52M", "Trailing P/E ": "37.75", "Forward P/E 1": "N/A", "PEG Ratio (5 yr expected) 1": "N/A", "Price/Sales (ttm)": "4.62", "Price/Book (mrq)": "1.19", "Enterprise Value/Revenue 3": "14.43", "Enterprise Value/EBITDA 7": "92.86"}, "9/29/2010": {"Duration": "9/29/2010", "Market Cap (intraday) 5": "42.37M", "Enterprise Value 3": "38.36M", "Trailing P/E ": "44.00", "Forward P/E 1": "N/A", "PEG Ratio (5 yr expected) 1": "N/A", "Price/Sales (ttm)": "3.67", "Price/Book (mrq)": "0.88", "Enterprise Value/Revenue 3": "12.78", "Enterprise Value/EBITDA 7": "116.93"}, "6/29/2010": {"Duration": "6/29/2010", "Market Cap (intraday) 5": "53.27M", "Enterprise Value 3": "50.20M", "Trailing P/E ": "N/A", "Forward P/E 1": "N/A", "PEG Ratio (5 yr expected) 1": "N/A", "Price/Sales (ttm)": "4.99", "Price/Book (mrq)": "1.12", "Enterprise Value/Revenue 3": "15.08", "Enterprise Value/EBITDA 7": "129.09"}, "3/30/2010": {"Duration": "3/30/2010", "Market Cap (intraday) 5": "34.81M", "Enterprise Value 3": "32.02M", "Trailing P/E ": "N/A", "Forward P/E 1": "N/A", "PEG Ratio (5 yr expected) 1": "N/A", "Price/Sales (ttm)": "3.99", "Price/Book (mrq)": "0.74", "Enterprise Value/Revenue 3": "11.22", "Enterprise Value/EBITDA 7": "159.33"}, "12/30/2009": {"Duration": "12/30/2009", "Market Cap (intraday) 5": "22.06M", "Enterprise Value 3": "14.65M", "Trailing P/E ": "N/A", "Forward P/E 1": "N/A", "PEG Ratio (5 yr expected) 1": "N/A", "Price/Sales (ttm)": "2.61", "Price/Book (mrq)": "0.45", "Enterprise Value/Revenue 3": "6.20", "Enterprise Value/EBITDA 7": "-58.84"}, "9/29/2009": {"Duration": "9/29/2009", "Market Cap (intraday) 5": "10.79M", "Enterprise Value 3": "3.99M", "Trailing P/E ": "N/A", "Forward P/E 1": "N/A", "PEG Ratio (5 yr expected) 1": "N/A", "Price/Sales (ttm)": "1.12", "Price/Book (mrq)": "0.22", "Enterprise Value/Revenue 3": "1.86", "Enterprise Value/EBITDA 7": "-8.88"}, "6/29/2009": {"Duration": "6/29/2009", "Market Cap (intraday) 5": "9.40M", "Enterprise Value 3": "2.37M", "Trailing P/E ": "N/A", "Forward P/E 1": "N/A", "PEG Ratio (5 yr expected) 1": "N/A", "Price/Sales (ttm)": "0.82", "Price/Book (mrq)": "0.19", "Enterprise Value/Revenue 3": "1.79", "Enterprise Value/EBITDA 7": "-2.07"}, "3/30/2009": {"Duration": "3/30/2009", "Market Cap (intraday) 5": "6.45M", "Enterprise Value 3": "625.70k", "Trailing P/E ": "N/A", "Forward P/E 1": "N/A", "PEG Ratio (5 yr expected) 1": "N/A", "Price/Sales (ttm)": "0.46", "Price/Book (mrq)": "0.13", "Enterprise Value/Revenue 3": "0.25", "Enterprise Value/EBITDA 7": "-0.52"}, "12/30/2008": {"Duration": "12/30/2008", "Market Cap (intraday) 5": "3.67M", "Enterprise Value 3": "-1.92M", "Trailing P/E ": "N/A", "Forward P/E 1": "N/A", "PEG Ratio (5 yr expected) 1": "N/A", "Price/Sales (ttm)": "0.25", "Price/Book (mrq)": "0.07", "Enterprise Value/Revenue 3": "-0.55", "Enterprise Value/EBITDA 7": "-2.66"}, "9/29/2008": {"Duration": "9/29/2008", "Market Cap (intraday) 5": "11.00M", "Enterprise Value 3": "6.86M", "Trailing P/E ": "N/A", "Forward P/E 1": "N/A", "PEG Ratio (5 yr expected) 1": "N/A", "Price/Sales (ttm)": "0.57", "Price/Book (mrq)": "0.21", "Enterprise Value/Revenue 3": "1.65", "Enterprise Value/EBITDA 7": "-1.43"}, "6/29/2008": {"Duration": "6/29/2008", "Market Cap (intraday) 5": "20.53M", "Enterprise Value 3": "16.08M", "Trailing P/E ": "N/A", "Forward P/E 1": "N/A", "PEG Ratio (5 yr expected) 1": "N/A", "Price/Sales (ttm)": "0.94", "Price/Book (mrq)": "0.36", "Enterprise Value/Revenue 3": "4.42", "Enterprise Value/EBITDA 7": "-10.40"}, "3/30/2008": {"Duration": "3/30/2008", "Market Cap (intraday) 5": "22.27M", "Enterprise Value 3": "16.98M", "Trailing P/E ": "N/A", "Forward P/E 1": "N/A", "PEG Ratio (5 yr expected) 1": "N/A", "Price/Sales (ttm)": "0.87", "Price/Book (mrq)": "0.39", "Enterprise Value/Revenue 3": "4.99", "Enterprise Value/EBITDA 7": "-16.06"}, "12/30/2007": {"Duration": "12/30/2007", "Market Cap (intraday) 5": "39.83M", "Enterprise Value 3": "32.79M", "Trailing P/E ": "N/A", "Forward P/E 1": "N/A", "PEG Ratio (5 yr expected) 1": "N/A", "Price/Sales (ttm)": "1.43", "Price/Book (mrq)": "0.69", "Enterprise Value/Revenue 3": "4.16", "Enterprise Value/EBITDA 7": "-19.77"}, "9/29/2007": {"Duration": "9/29/2007", "Market Cap (intraday) 5": "72.97M", "Enterprise Value 3": "64.38M", "Trailing P/E ": "16.79", "Forward P/E 1": "N/A", "PEG Ratio (5 yr expected) 1": "N/A", "Price/Sales (ttm)": "1.97", "Price/Book (mrq)": "1.24", "Enterprise Value/Revenue 3": "9.80", "Enterprise Value/EBITDA 7": "105.03"}, "6/29/2007": {"Duration": "6/29/2007", "Market Cap (intraday) 5": "89.63M", "Enterprise Value 3": "74.31M", "Trailing P/E ": "18.33", "Forward P/E 1": "N/A", "PEG Ratio (5 yr expected) 1": "N/A", "Price/Sales (ttm)": "2.38", "Price/Book (mrq)": "1.51", "Enterprise Value/Revenue 3": "9.80", "Enterprise Value/EBITDA 7": "79.16"}, "3/30/2007": {"Duration": "3/30/2007", "Market Cap (intraday) 5": "113.30M", "Enterprise Value 3": "99.54M", "Trailing P/E ": "19.03", "Forward P/E 1": "N/A", "PEG Ratio (5 yr expected) 1": "N/A", "Price/Sales (ttm)": "2.88", "Price/Book (mrq)": "1.91", "Enterprise Value/Revenue 3": "17.22", "Enterprise Value/EBITDA 7": "157.38"}, "12/30/2006": {"Duration": "12/30/2006", "Market Cap (intraday) 5": "143.82M", "Enterprise Value 3": "129.40M", "Trailing P/E ": "25.81", "Forward P/E 1": "N/A", "PEG Ratio (5 yr expected) 1": "N/A", "Price/Sales (ttm)": "3.74", "Price/Book (mrq)": "2.44", "Enterprise Value/Revenue 3": "10.71", "Enterprise Value/EBITDA 7": "65.39"}, "9/29/2006": {"Duration": "9/29/2006", "Market Cap (intraday) 5": "204.92M", "Enterprise Value 3": "189.28M", "Trailing P/E ": "37.93", "Forward P/E 1": "N/A", "PEG Ratio (5 yr expected) 1": "N/A", "Price/Sales (ttm)": "5.48", "Price/Book (mrq)": "3.62", "Enterprise Value/Revenue 3": "15.64", "Enterprise Value/EBITDA 7": "53.57"}, "6/29/2006": {"Duration": "6/29/2006", "Market Cap (intraday) 5": "190.64M", "Enterprise Value 3": "175.01M", "Trailing P/E ": "35.10", "Forward P/E 1": "N/A", "PEG Ratio (5 yr expected) 1": "N/A", "Price/Sales (ttm)": "5.07", "Price/Book (mrq)": "3.37", "Enterprise Value/Revenue 3": "20.56", "Enterprise Value/EBITDA 7": "36.77"}, "3/30/2006": {"Duration": "3/30/2006", "Market Cap (intraday) 5": "197.49M", "Enterprise Value 3": "176.56M", "Trailing P/E ": "38.22", "Forward P/E 1": "N/A", "PEG Ratio (5 yr expected) 1": "N/A", "Price/Sales (ttm)": "5.12", "Price/Book (mrq)": "3.31", "Enterprise Value/Revenue 3": "22.02", "Enterprise Value/EBITDA 7": "73.93"}, "12/30/2005": {"Duration": "12/30/2005", "Market Cap (intraday) 5": "295.72M", "Enterprise Value 3": "276.73M", "Trailing P/E ": "55.45", "Forward P/E 1": "N/A", "PEG Ratio (5 yr expected) 1": "N/A", "Price/Sales (ttm)": "7.47", "Price/Book (mrq)": "5.33", "Enterprise Value/Revenue 3": "23.71", "Enterprise Value/EBITDA 7": "189.36"}, "9/29/2005": {"Duration": "9/29/2005", "Market Cap (intraday) 5": "362.66M", "Enterprise Value 3": "343.68M", "Trailing P/E ": "68.52", "Forward P/E 1": "N/A", "PEG Ratio (5 yr expected) 1": "N/A", "Price/Sales (ttm)": "9.23", "Price/Book (mrq)": "6.53", "Enterprise Value/Revenue 3": "30.29", "Enterprise Value/EBITDA 7": "108.27"}, "6/29/2005": {"Duration": "6/29/2005", "Market Cap (intraday) 5": "352.49M", "Enterprise Value 3": "333.66M", "Trailing P/E ": "103.52", "Forward P/E 1": "N/A", "PEG Ratio (5 yr expected) 1": "N/A", "Price/Sales (ttm)": "10.52", "Price/Book (mrq)": "6.75", "Enterprise Value/Revenue 3": "35.86", "Enterprise Value/EBITDA 7": "257.03"}, "3/30/2005": {"Duration": "3/30/2005", "Market Cap (intraday) 5": "174.78M", "Enterprise Value 3": "161.27M", "Trailing P/E ": "57.95", "Forward P/E 1": "N/A", "PEG Ratio (5 yr expected) 1": "N/A", "Price/Sales (ttm)": "6.00", "Price/Book (mrq)": "3.53", "Enterprise Value/Revenue 3": "14.38", "Enterprise Value/EBITDA 7": "46.84"}, "12/30/2004": {"Duration": "12/30/2004", "Market Cap (intraday) 5": "145.55M", "Enterprise Value 3": "132.67M", "Trailing P/E ": "89.75", "Forward P/E 1": "N/A", "PEG Ratio (5 yr expected) 1": "N/A", "Price/Sales (ttm)": "6.18", "Price/Book (mrq)": "3.08", "Enterprise Value/Revenue 3": "15.22", "Enterprise Value/EBITDA 7": "207.18"}, "9/29/2004": {"Duration": "9/29/2004", "Market Cap (intraday) 5": "114.98M", "Enterprise Value 3": "102.62M", "Trailing P/E ": "106.75", "Forward P/E 1": "N/A", "PEG Ratio (5 yr expected) 1": "N/A", "Price/Sales (ttm)": "5.81", "Price/Book (mrq)": "2.51", "Enterprise Value/Revenue 3": "19.74", "Enterprise Value/EBITDA 7": "144.94"}, "6/29/2004": {"Duration": "6/29/2004", "Market Cap (intraday) 5": "80.89M", "Enterprise Value 3": "68.21M", "Trailing P/E ": "101.50", "Forward P/E 1": "N/A", "PEG Ratio (5 yr expected) 1": "N/A", "Price/Sales (ttm)": "4.44", "Price/Book (mrq)": "1.80", "Enterprise Value/Revenue 3": "15.63", "Enterprise Value/EBITDA 7": "119.69"}, "3/30/2004": {"Duration": "3/30/2004", "Market Cap (intraday) 5": "68.71M", "Enterprise Value 3": "56.10M", "Trailing P/E ": "64.74", "Forward P/E 1": "N/A", "PEG Ratio (5 yr expected) 1": "N/A", "Price/Sales (ttm)": "3.78", "Price/Book (mrq)": "1.54", "Enterprise Value/Revenue 3": "9.95", "Enterprise Value/EBITDA 7": "42.59"}, "12/30/2003": {"Duration": "12/30/2003", "Market Cap (intraday) 5": "54.73M", "Enterprise Value 3": "43.17M", "Trailing P/E ": "51.75", "Forward P/E 1": "N/A", "PEG Ratio (5 yr expected) 1": "N/A", "Price/Sales (ttm)": "3.25", "Price/Book (mrq)": "1.24", "Enterprise Value/Revenue 3": "9.03", "Enterprise Value/EBITDA 7": "217.41"}, "9/29/2003": {"Duration": "9/29/2003", "Market Cap (intraday) 5": "61.85M", "Enterprise Value 3": "49.53M", "Trailing P/E ": "7.31", "Forward P/E 1": "N/A", "PEG Ratio (5 yr expected) 1": "N/A", "Price/Sales (ttm)": "3.62", "Price/Book (mrq)": "1.40", "Enterprise Value/Revenue 3": "13.12", "Enterprise Value/EBITDA 7": "286.31"}, "6/29/2003": {"Duration": "6/29/2003", "Market Cap (intraday) 5": "52.73M", "Enterprise Value 3": "40.38M", "Trailing P/E ": "5.80", "Forward P/E 1": "N/A", "PEG Ratio (5 yr expected) 1": "N/A", "Price/Sales (ttm)": "3.21", "Price/Book (mrq)": "1.20", "Enterprise Value/Revenue 3": "9.36", "Enterprise Value/EBITDA 7": "43.43"}, "3/30/2003": {"Duration": "3/30/2003", "Market Cap (intraday) 5": "57.76M", "Enterprise Value 3": "45.66M", "Trailing P/E ": "6.28", "Forward P/E 1": "N/A", "PEG Ratio (5 yr expected) 1": "N/A", "Price/Sales (ttm)": "3.55", "Price/Book (mrq)": "1.31", "Enterprise Value/Revenue 3": "10.44", "Enterprise Value/EBITDA 7": "47.80"}, "12/30/2002": {"Duration": "12/30/2002", "Market Cap (intraday) 5": "71.71M", "Enterprise Value 3": "58.43M", "Trailing P/E ": "7.80", "Forward P/E 1": "N/A", "PEG Ratio (5 yr expected) 1": "N/A", "Price/Sales (ttm)": "4.45", "Price/Book (mrq)": "1.64", "Enterprise Value/Revenue 3": "11.44", "Enterprise Value/EBITDA 7": "56.77"}, "9/29/2002": {"Duration": "9/29/2002", "Market Cap (intraday) 5": "54.95M", "Enterprise Value 3": "42.20M", "Trailing P/E ": "24.58", "Forward P/E 1": "N/A", "PEG Ratio (5 yr expected) 1": "N/A", "Price/Sales (ttm)": "3.63", "Price/Book (mrq)": "1.54", "Enterprise Value/Revenue 3": "13.27", "Enterprise Value/EBITDA 7": "76.44"}, "6/29/2002": {"Duration": "6/29/2002", "Market Cap (intraday) 5": "63.37M", "Enterprise Value 3": "51.06M", "Trailing P/E ": "45.49", "Forward P/E 1": "N/A", "PEG Ratio (5 yr expected) 1": "N/A", "Price/Sales (ttm)": "5.02", "Price/Book (mrq)": "1.83", "Enterprise Value/Revenue 3": "12.53", "Enterprise Value/EBITDA 7": "82.87"}, "3/30/2002": {"Duration": "3/30/2002", "Market Cap (intraday) 5": "60.49M", "Enterprise Value 3": "50.25M", "Trailing P/E ": "46.34", "Forward P/E 1": "N/A", "PEG Ratio (5 yr expected) 1": "N/A", "Price/Sales (ttm)": "4.93", "Price/Book (mrq)": "1.78", "Enterprise Value/Revenue 3": "12.11", "Enterprise Value/EBITDA 7": "104.14"}, "12/30/2001": {"Duration": "12/30/2001", "Market Cap (intraday) 5": "20.88M", "Enterprise Value 3": "10.64M", "Trailing P/E ": "16.00", "Forward P/E 1": "N/A", "PEG Ratio (5 yr expected) 1": "N/A", "Price/Sales (ttm)": "1.70", "Price/Book (mrq)": "0.61", "Enterprise Value/Revenue 3": "2.66", "Enterprise Value/EBITDA 7": "24.68"}, "9/29/2001": {"Duration": "9/29/2001", "Market Cap (intraday) 5": "13.38M", "Enterprise Value 3": "3.36M", "Trailing P/E ": "N/A", "Forward P/E 1": "N/A", "PEG Ratio (5 yr expected) 1": "N/A", "Price/Sales (ttm)": "1.17", "Price/Book (mrq)": "0.40", "Enterprise Value/Revenue 3": "1.57", "Enterprise Value/EBITDA 7": "34.84"}, "6/29/2001": {"Duration": "6/29/2001", "Market Cap (intraday) 5": "16.95M", "Enterprise Value 3": "7.88M", "Trailing P/E ": "N/A", "Forward P/E 1": "N/A", "PEG Ratio (5 yr expected) 1": "N/A", "Price/Sales (ttm)": "1.34", "Price/Book (mrq)": "0.51", "Enterprise Value/Revenue 3": "3.20", "Enterprise Value/EBITDA 7": "26.60"}, "3/30/2001": {"Duration": "3/30/2001", "Market Cap (intraday) 5": "13.45M", "Enterprise Value 3": "9.63M", "Trailing P/E ": "N/A", "Forward P/E 1": "N/A", "PEG Ratio (5 yr expected) 1": "N/A", "Price/Sales (ttm)": "0.56", "Price/Book (mrq)": "0.50", "Enterprise Value/Revenue 3": "3.32", "Enterprise Value/EBITDA 7": "34.99"}, "12/30/2000": {"Duration": "12/30/2000", "Market Cap (intraday) 5": "10.13M", "Enterprise Value 3": "6.04M", "Trailing P/E ": "N/A", "Forward P/E 1": "N/A", "PEG Ratio (5 yr expected) 1": "N/A", "Price/Sales (ttm)": "0.78", "Price/Book (mrq)": "0.34", "Enterprise Value/Revenue 3": "1.85", "Enterprise Value/EBITDA 7": "-2.31"}, "9/29/2000": {"Duration": "9/29/2000", "Market Cap (intraday) 5": "27.91M", "Enterprise Value 3": "22.34M", "Trailing P/E ": "N/A", "Forward P/E 1": "N/A", "PEG Ratio (5 yr expected) 1": "N/A", "Price/Sales (ttm)": "2.30", "Price/Book (mrq)": "0.91", "Enterprise Value/Revenue 3": "7.77", "Enterprise Value/EBITDA 7": "-20.08"}, "6/29/2000": {"Duration": "6/29/2000", "Market Cap (intraday) 5": "50.43M", "Enterprise Value 3": "44.86M", "Trailing P/E ": "N/A", "Forward P/E 1": "N/A", "PEG Ratio (5 yr expected) 1": "N/A", "Price/Sales (ttm)": "4.15", "Price/Book (mrq)": "1.65", "Enterprise Value/Revenue 3": "12.30", "Enterprise Value/EBITDA 7": "-49.49"}, "3/30/2000": {"Duration": "3/30/2000", "Market Cap (intraday) 5": "46.74M", "Enterprise Value 3": "39.29M", "Trailing P/E ": "N/A", "Forward P/E 1": "N/A", "PEG Ratio (5 yr expected) 1": "N/A", "Price/Sales (ttm)": "3.86", "Price/Book (mrq)": "1.48", "Enterprise Value/Revenue 3": "13.05", "Enterprise Value/EBITDA 7": "-19.71"}, "12/30/1999": {"Duration": "12/30/1999", "Market Cap (intraday) 5": "43.05M", "Enterprise Value 3": "29.85M", "Trailing P/E ": "N/A", "Forward P/E 1": "N/A", "PEG Ratio (5 yr expected) 1": "N/A", "Price/Sales (ttm)": "3.47", "Price/Book (mrq)": "1.29", "Enterprise Value/Revenue 3": "8.78", "Enterprise Value/EBITDA 7": "-12.44"}, "9/29/1999": {"Duration": "9/29/1999", "Market Cap (intraday) 5": "71.90M", "Enterprise Value 3": "49.90M", "Trailing P/E ": "N/A", "Forward P/E 1": "N/A", "PEG Ratio (5 yr expected) 1": "N/A", "Price/Sales (ttm)": "6.36", "Price/Book (mrq)": "2.00", "Enterprise Value/Revenue 3": "22.68", "Enterprise Value/EBITDA 7": "-33.27"}, "6/29/1999": {"Duration": "6/29/1999", "Market Cap (intraday) 5": "121.13M", "Enterprise Value 3": "93.33M", "Trailing P/E ": "N/A", "Forward P/E 1": "N/A", "PEG Ratio (5 yr expected) 1": "N/A", "Price/Sales (ttm)": "11.57", "Price/Book (mrq)": "3.26", "Enterprise Value/Revenue 3": "26.67", "Enterprise Value/EBITDA 7": "-186.66"}, "3/30/1999": {"Duration": "3/30/1999", "Market Cap (intraday) 5": "74.90M", "Enterprise Value 3": "44.60M", "Trailing P/E ": "N/A", "Forward P/E 1": "N/A", "PEG Ratio (5 yr expected) 1": "N/A", "Price/Sales (ttm)": "10.77", "Price/Book (mrq)": "2.00", "Enterprise Value/Revenue 3": "13.94", "Enterprise Value/EBITDA 7": "-44.60"}, "12/30/1998": {"Duration": "12/30/1998", "Market Cap (intraday) 5": "92.69M", "Enterprise Value 3": "60.69M", "Trailing P/E ": "N/A", "Forward P/E 1": "N/A", "PEG Ratio (5 yr expected) 1": "N/A", "Price/Sales (ttm)": "23.04", "Price/Book (mrq)": "2.44", "Enterprise Value/Revenue 3": "27.59", "Enterprise Value/EBITDA 7": "-37.93"}, "9/29/1998": {"Duration": "9/29/1998", "Market Cap (intraday) 5": "49.27M", "Enterprise Value 3": "14.87M", "Trailing P/E ": "N/A", "Forward P/E 1": "N/A", "PEG Ratio (5 yr expected) 1": "N/A", "Price/Sales (ttm)": "18.93", "Price/Book (mrq)": "1.27", "Enterprise Value/Revenue 3": "11.44", "Enterprise Value/EBITDA 7": "-7.83"}, "6/29/1998": {"Duration": "6/29/1998", "Market Cap (intraday) 5": "60.76M", "Enterprise Value 3": "21.66M", "Trailing P/E ": "N/A", "Forward P/E 1": "N/A", "PEG Ratio (5 yr expected) 1": "N/A", "Price/Sales (ttm)": "73.24", "Price/Book (mrq)": "1.51", "Enterprise Value/Revenue 3": "108.30", "Enterprise Value/EBITDA 7": "-9.85"}, "3/30/1998": {"Duration": "3/30/1998", "Market Cap (intraday) 5": "63.37M", "Enterprise Value 3": "21.67M", "Trailing P/E ": "N/A", "Forward P/E 1": "N/A", "PEG Ratio (5 yr expected) 1": "N/A", "Price/Sales (ttm)": "107.20", "Price/Book (mrq)": "1.51", "Enterprise Value/Revenue 3": "72.23", "Enterprise Value/EBITDA 7": "-8.33"}, "12/30/1997": {"Duration": "12/30/1997", "Market Cap (intraday) 5": "80.23M", "Enterprise Value 3": "36.23M", "Trailing P/E ": "N/A", "Forward P/E 1": "N/A", "PEG Ratio (5 yr expected) 1": "N/A", "Price/Sales (ttm)": "329.06", "Price/Book (mrq)": "1.82", "Enterprise Value/Revenue 3": "N/A", "Enterprise Value/EBITDA 7": "-6.71"}}}}, {"SIG": {"quote": {"05/31/2021": {"value": "60.58", "Market Cap": "3.172B", "Beta (5Y Monthly)": "2.63", "PE Ratio (TTM)": "N/A", "EPS (TTM)": "-0.94", "Earnings Date": "Jun 10, 2021", "Forward Dividend & Yield": "N/A (N/A)", "Ex-Dividend Date": "Jan 30, 2020", "1y Target Est": "62.00", "Profit Margin ": "-0.29%", "Operating Margin (ttm)": "2.88%", "Return on Assets (ttm)": "1.51%", "Return on Equity (ttm)": "-0.83%", "Revenue (ttm)": "5.23B", "Revenue Per Share (ttm)": "100.52", "Quarterly Revenue Growth (yoy)": "1.50%", "Gross Profit (ttm)": "1.71B", "EBITDA ": "321.1M", "Net Income Avi to Common (ttm)": "-48.7M", "Diluted EPS (ttm)": "-0.94", "Quarterly Earnings Growth (yoy)": "35.90%", "Total Cash (mrq)": "1.17B", "Total Cash Per Share (mrq)": "22.4", "Total Debt (mrq)": "1.67B", "Total Debt/Equity (mrq)": "91.20", "Current Ratio (mrq)": "1.79", "Book Value Per Share (mrq)": "22.76", "Operating Cash Flow (ttm)": "1.37B", "Levered Free Cash Flow (ttm)": "949.56M", "Avg Vol (3 month) 3": "778.27k", "Avg Vol (10 day) 3": "606.62k", "Shares Outstanding 5": "52.36M", "Implied Shares Outstanding 6": "N/A", "Float ": "44.61M", "% Held by Insiders 1": "1.93%", "% Held by Institutions 1": "97.81%", "Shares Short (May 13, 2021) 4": "4.46M", "Short Ratio (May 13, 2021) 4": "7.34", "Short % of Float (May 13, 2021) 4": "15.13%", "Short % of Shares Outstanding (May 13, 2021) 4": "8.52%", "Shares Short (prior month Apr 14, 2021) 4": "5.1M", "Forward Annual Dividend Rate 4": "N/A", "Forward Annual Dividend Yield 4": "N/A", "Trailing Annual Dividend Rate 3": "0.37", "Trailing Annual Dividend Yield 3": "0.59%", "5 Year Average Dividend Yield 4": "N/A", "Payout Ratio 4": "0.00%", "Dividend Date 3": "Feb 27, 2020", "Ex-Dividend Date 4": "Jan 29, 2020", "Last Split Factor 2": "1:2", "Last Split Date 3": "Sep 10, 2008"}}, "fin": {"TTM": {"Duration": "TTM", "Total Revenue": "5,226,900", "Cost of Revenue": "3,494,400", "Gross Profit": "1,732,500", "Operating Expense": "1,587,400", "Operating Income": "145,100", "Net Non Operating Interest Income Expense": "-27,800", "Other Income Expense": "-207,000", "Pretax Income": "-89,700", "Tax Provision": "-74,500", "Net Income Common Stockholders": "-48,700", "Diluted NI Available to Com Stockholders": "-48,700", "Basic EPS": "-", "Diluted EPS": "-", "Basic Average Shares": "-", "Diluted Average Shares": "-", "Total Operating Income as Reported": "-57,700", "Total Expenses": "5,081,800", "Net Income from Continuing & Discontinued Operation": "-15,200", "Normalized Income": "106,480", "Interest Income": "4,200", "Interest Expense": "32,000", "Net Interest Income": "-27,800", "EBIT": "-57,700", "EBITDA": "112,900", "Reconciled Cost of Revenue": "3,494,400", "Reconciled Depreciation": "170,600", "Net Income from Continuing Operation Net Minority Interest": "-15,200", "Total Unusual Items Excluding Goodwill": "-202,800", "Total Unusual Items": "-202,800", "Normalized EBITDA": "315,700", "Tax Rate for Calcs": "0", "Tax Effect of Unusual Items": "-81,120"}, "1/31/2021": {"Duration": "1/31/2021", "Total Revenue": "5,226,900", "Cost of Revenue": "3,494,400", "Gross Profit": "1,732,500", "Operating Expense": "1,587,400", "Operating Income": "145,100", "Net Non Operating Interest Income Expense": "-27,800", "Other Income Expense": "-207,000", "Pretax Income": "-89,700", "Tax Provision": "-74,500", "Net Income Common Stockholders": "-48,700", "Diluted NI Available to Com Stockholders": "-48,700", "Basic EPS": "-0.94", "Diluted EPS": "-0.94", "Basic Average Shares": "52,000", "Diluted Average Shares": "52,000", "Total Operating Income as Reported": "-57,700", "Total Expenses": "5,081,800", "Net Income from Continuing & Discontinued Operation": "-15,200", "Normalized Income": "106,480", "Interest Income": "4,200", "Interest Expense": "32,000", "Net Interest Income": "-27,800", "EBIT": "-57,700", "EBITDA": "-", "Reconciled Cost of Revenue": "3,494,400", "Reconciled Depreciation": "170,600", "Net Income from Continuing Operation Net Minority Interest": "-15,200", "Total Unusual Items Excluding Goodwill": "-202,800", "Total Unusual Items": "-202,800", "Normalized EBITDA": "315,700", "Tax Rate for Calcs": "0", "Tax Effect of Unusual Items": "-81,120"}, "1/31/2020": {"Duration": "1/31/2020", "Total Revenue": "6,137,100", "Cost of Revenue": "3,913,400", "Gross Profit": "2,223,700", "Operating Expense": "1,918,200", "Operating Income": "305,500", "Net Non Operating Interest Income Expense": "-35,600", "Other Income Expense": "-140,200", "Pretax Income": "129,700", "Tax Provision": "24,200", "Net Income Common Stockholders": "72,600", "Diluted NI Available to Com Stockholders": "72,600", "Basic EPS": "1.40", "Diluted EPS": "1.40", "Basic Average Shares": "51,700", "Diluted Average Shares": "51,800", "Total Operating Income as Reported": "158,300", "Total Expenses": "5,831,600", "Net Income from Continuing & Discontinued Operation": "105,500", "Normalized Income": "228,100", "Interest Income": "-", "Interest Expense": "35,600", "Net Interest Income": "-35,600", "EBIT": "165,300", "EBITDA": "-", "Reconciled Cost of Revenue": "3,913,400", "Reconciled Depreciation": "172,500", "Net Income from Continuing Operation Net Minority Interest": "105,500", "Total Unusual Items Excluding Goodwill": "-150,800", "Total Unusual Items": "-150,800", "Normalized EBITDA": "488,600", "Tax Rate for Calcs": "0", "Tax Effect of Unusual Items": "-28,200"}, "1/31/2019": {"Duration": "1/31/2019", "Total Revenue": "6,247,100", "Cost of Revenue": "4,086,300", "Gross Profit": "2,160,800", "Operating Expense": "1,985,100", "Operating Income": "175,700", "Net Non Operating Interest Income Expense": "-16,900", "Other Income Expense": "-961,400", "Pretax Income": "-802,600", "Tax Provision": "-145,200", "Net Income Common Stockholders": "-690,300", "Diluted NI Available to Com Stockholders": "-690,300", "Basic EPS": "-12.62", "Diluted EPS": "-12.62", "Basic Average Shares": "54,700", "Diluted Average Shares": "54,700", "Total Operating Income as Reported": "-764,600", "Total Expenses": "6,071,400", "Net Income from Continuing & Discontinued Operation": "-657,400", "Normalized Income": "134,164", "Interest Income": "22,800", "Interest Expense": "39,700", "Net Interest Income": "-16,900", "EBIT": "-762,900", "EBITDA": "-", "Reconciled Cost of Revenue": "4,086,300", "Reconciled Depreciation": "175,700", "Net Income from Continuing Operation Net Minority Interest": "-657,400", "Total Unusual Items Excluding Goodwill": "-966,500", "Total Unusual Items": "-966,500", "Normalized EBITDA": "379,300", "Tax Rate for Calcs": "0", "Tax Effect of Unusual Items": "-174,936"}, "1/31/2018": {"Duration": "1/31/2018", "Total Revenue": "6,253,000", "Cost of Revenue": "4,063,000", "Gross Profit": "2,190,000", "Operating Expense": "1,872,200", "Operating Income": "317,800", "Net Non Operating Interest Income Expense": "205,400", "Other Income Expense": "4,000", "Pretax Income": "527,200", "Tax Provision": "7,900", "Net Income Common Stockholders": "486,400", "Diluted NI Available to Com Stockholders": "486,400", "Basic EPS": "7.72", "Diluted EPS": "7.44", "Basic Average Shares": "63,000", "Diluted Average Shares": "69,800", "Total Operating Income as Reported": "579,900", "Total Expenses": "5,935,200", "Net Income from Continuing & Discontinued Operation": "519,300", "Normalized Income": "518,020", "Interest Income": "258,100", "Interest Expense": "52,700", "Net Interest Income": "205,400", "EBIT": "579,900", "EBITDA": "-", "Reconciled Cost of Revenue": "4,063,000", "Reconciled Depreciation": "190,400", "Net Income from Continuing Operation Net Minority Interest": "519,300", "Total Unusual Items Excluding Goodwill": "1,300", "Total Unusual Items": "1,300", "Normalized EBITDA": "769,000", "Tax Rate for Calcs": "0", "Tax Effect of Unusual Items": "19.5"}, "1/31/2017": {"Duration": "1/31/2017", "Total Revenue": "6,408,400", "Cost of Revenue": "4,047,600", "Gross Profit": "2,360,800", "Operating Expense": "1,880,200", "Operating Income": "480,600", "Net Non Operating Interest Income Expense": "233,100", "Other Income Expense": "100", "Pretax Income": "713,800", "Tax Provision": "170,600", "Net Income Common Stockholders": "531,300", "Diluted NI Available to Com Stockholders": "531,300", "Basic EPS": "7.13", "Diluted EPS": "7.08", "Basic Average Shares": "74,500", "Diluted Average Shares": "76,700", "Total Operating Income as Reported": "763,200", "Total Expenses": "5,927,800", "Net Income from Continuing & Discontinued Operation": "543,200", "Normalized Income": "543,200", "Interest Income": "282,500", "Interest Expense": "49,400", "Net Interest Income": "233,100", "EBIT": "763,200", "EBITDA": "-", "Reconciled Cost of Revenue": "4,047,600", "Reconciled Depreciation": "169,100", "Net Income from Continuing Operation Net Minority Interest": "543,200", "Total Unusual Items Excluding Goodwill": "-", "Total Unusual Items": "-", "Normalized EBITDA": "932,300", "Tax Rate for Calcs": "0", "Tax Effect of Unusual Items": "0"}, "1/31/2016": {"Duration": "1/31/2016", "Total Revenue": "6,550,200", "Cost of Revenue": "4,109,800", "Gross Profit": "2,440,400", "Operating Expense": "1,987,600", "Operating Income": "452,800", "Net Non Operating Interest Income Expense": "206,700", "Other Income Expense": "-1,700", "Pretax Income": "657,800", "Tax Provision": "189,900", "Net Income Common Stockholders": "467,900", "Diluted NI Available to Com Stockholders": "467,900", "Basic EPS": "5.89", "Diluted EPS": "5.87", "Basic Average Shares": "79,500", "Diluted Average Shares": "79,700", "Total Operating Income as Reported": "703,700", "Total Expenses": "6,097,400", "Net Income from Continuing & Discontinued Operation": "467,900", "Normalized Income": "467,900", "Interest Income": "252,600", "Interest Expense": "45,900", "Net Interest Income": "206,700", "EBIT": "703,700", "EBITDA": "-", "Reconciled Cost of Revenue": "4,109,800", "Reconciled Depreciation": "146,600", "Net Income from Continuing Operation Net Minority Interest": "467,900", "Total Unusual Items Excluding Goodwill": "-", "Total Unusual Items": "-", "Normalized EBITDA": "850,300", "Tax Rate for Calcs": "0", "Tax Effect of Unusual Items": "0"}, "1/31/2015": {"Duration": "1/31/2015", "Total Revenue": "5,736,300", "Cost of Revenue": "3,662,100", "Gross Profit": "2,074,200", "Operating Expense": "1,712,900", "Operating Income": "361,300", "Net Non Operating Interest Income Expense": "181,900", "Other Income Expense": "-2,600", "Pretax Income": "540,600", "Tax Provision": "159,300", "Net Income Common Stockholders": "381,300", "Diluted NI Available to Com Stockholders": "381,300", "Basic EPS": "4.77", "Diluted EPS": "4.75", "Basic Average Shares": "79,900", "Diluted Average Shares": "80,200", "Total Operating Income as Reported": "576,600", "Total Expenses": "5,375,000", "Net Income from Continuing & Discontinued Operation": "381,300", "Normalized Income": "381,300", "Interest Income": "217,900", "Interest Expense": "36,000", "Net Interest Income": "181,900", "EBIT": "576,600", "EBITDA": "-", "Reconciled Cost of Revenue": "3,662,100", "Reconciled Depreciation": "126,000", "Net Income from Continuing Operation Net Minority Interest": "381,300", "Total Unusual Items Excluding Goodwill": "-", "Total Unusual Items": "-", "Normalized EBITDA": "702,600", "Tax Rate for Calcs": "0", "Tax Effect of Unusual Items": "0"}, "1/31/2014": {"Duration": "1/31/2014", "Total Revenue": "4,209,200", "Cost of Revenue": "2,628,700", "Gross Profit": "1,580,500", "Operating Expense": "1,196,700", "Operating Income": "383,800", "Net Non Operating Interest Income Expense": "182,400", "Other Income Expense": "300", "Pretax Income": "566,500", "Tax Provision": "198,500", "Net Income Common Stockholders": "368,000", "Diluted NI Available to Com Stockholders": "368,000", "Basic EPS": "4.59", "Diluted EPS": "4.56", "Basic Average Shares": "80,200", "Diluted Average Shares": "80,700", "Total Operating Income as Reported": "570,500", "Total Expenses": "3,825,400", "Net Income from Continuing & Discontinued Operation": "368,000", "Normalized Income": "368,000", "Interest Income": "186,400", "Interest Expense": "4,000", "Net Interest Income": "182,400", "EBIT": "570,500", "EBITDA": "-", "Reconciled Cost of Revenue": "2,628,700", "Reconciled Depreciation": "110,200", "Net Income from Continuing Operation Net Minority Interest": "368,000", "Total Unusual Items Excluding Goodwill": "-", "Total Unusual Items": "-", "Normalized EBITDA": "680,700", "Tax Rate for Calcs": "0", "Tax Effect of Unusual Items": "0"}, "1/31/2013": {"Duration": "1/31/2013", "Total Revenue": "3,983,400", "Cost of Revenue": "2,446,000", "Gross Profit": "1,537,400", "Operating Expense": "1,138,300", "Operating Income": "399,100", "Net Non Operating Interest Income Expense": "156,100", "Other Income Expense": "1,700", "Pretax Income": "556,900", "Tax Provision": "197,000", "Net Income Common Stockholders": "359,900", "Diluted NI Available to Com Stockholders": "359,900", "Basic EPS": "4.37", "Diluted EPS": "4.35", "Basic Average Shares": "82,300", "Diluted Average Shares": "82,800", "Total Operating Income as Reported": "560,500", "Total Expenses": "3,584,300", "Net Income from Continuing & Discontinued Operation": "359,900", "Normalized Income": "359,900", "Interest Income": "159,700", "Interest Expense": "3,600", "Net Interest Income": "156,100", "EBIT": "560,500", "EBITDA": "-", "Reconciled Cost of Revenue": "2,446,000", "Reconciled Depreciation": "99,400", "Net Income from Continuing Operation Net Minority Interest": "359,900", "Total Unusual Items Excluding Goodwill": "-", "Total Unusual Items": "-", "Normalized EBITDA": "659,900", "Tax Rate for Calcs": "0", "Tax Effect of Unusual Items": "0"}, "1/31/2012": {"Duration": "1/31/2012", "Total Revenue": "3,749,200", "Cost of Revenue": "2,311,600", "Gross Profit": "1,437,600", "Operating Expense": "1,056,700", "Operating Income": "380,900", "Net Non Operating Interest Income Expense": "120,100", "Other Income Expense": "1,100", "Pretax Income": "502,100", "Tax Provision": "177,700", "Net Income Common Stockholders": "324,400", "Diluted NI Available to Com Stockholders": "324,400", "Basic EPS": "3.76", "Diluted EPS": "3.73", "Basic Average Shares": "86,200", "Diluted Average Shares": "87,000", "Total Operating Income as Reported": "507,400", "Total Expenses": "3,368,300", "Net Income from Continuing & Discontinued Operation": "324,400", "Normalized Income": "324,400", "Interest Income": "125,400", "Interest Expense": "5,300", "Net Interest Income": "120,100", "EBIT": "507,400", "EBITDA": "-", "Reconciled Cost of Revenue": "2,311,600", "Reconciled Depreciation": "92,400", "Net Income from Continuing Operation Net Minority Interest": "324,400", "Total Unusual Items Excluding Goodwill": "-", "Total Unusual Items": "-", "Normalized EBITDA": "599,800", "Tax Rate for Calcs": "0", "Tax Effect of Unusual Items": "0"}, "1/31/2011": {"Duration": "1/31/2011", "Total Revenue": "3,437,400", "Cost of Revenue": "2,194,500", "Gross Profit": "1,242,900", "Operating Expense": "870,400", "Operating Income": "372,500", "Net Non Operating Interest Income Expense": "-72,100", "Other Income Expense": "-", "Pretax Income": "300,400", "Tax Provision": "100,000", "Net Income Common Stockholders": "200,400", "Diluted NI Available to Com Stockholders": "200,400", "Basic EPS": "2.34", "Diluted EPS": "2.32", "Basic Average Shares": "85,700", "Diluted Average Shares": "86,400", "Total Operating Income as Reported": "372,500", "Total Expenses": "3,064,900", "Net Income from Continuing & Discontinued Operation": "200,400", "Normalized Income": "200,400", "Interest Income": "700", "Interest Expense": "72,800", "Net Interest Income": "-72,100", "EBIT": "373,200", "EBITDA": "-", "Reconciled Cost of Revenue": "2,194,500", "Reconciled Depreciation": "97,800", "Net Income from Continuing Operation Net Minority Interest": "200,400", "Total Unusual Items Excluding Goodwill": "0", "Total Unusual Items": "0", "Normalized EBITDA": "471,000", "Tax Rate for Calcs": "0", "Tax Effect of Unusual Items": "0"}, "1/31/2010": {"Duration": "1/31/2010", "Total Revenue": "3,290,700", "Cost of Revenue": "2,213,800", "Gross Profit": "1,076,900", "Operating Expense": "916,100", "Operating Income": "160,800", "Net Non Operating Interest Income Expense": "81,000", "Other Income Expense": "-", "Pretax Income": "241,800", "Tax Provision": "77,700", "Net Income Common Stockholders": "164,100", "Diluted NI Available to Com Stockholders": "164,100", "Basic EPS": "1.84", "Diluted EPS": "1.83", "Basic Average Shares": "85,300", "Diluted Average Shares": "85,600", "Total Operating Income as Reported": "275,800", "Total Expenses": "3,129,900", "Net Income from Continuing & Discontinued Operation": "164,100", "Normalized Income": "164,100", "Interest Income": "115,800", "Interest Expense": "34,800", "Net Interest Income": "81,000", "EBIT": "276,600", "EBITDA": "-", "Reconciled Cost of Revenue": "2,213,800", "Reconciled Depreciation": "108,900", "Net Income from Continuing Operation Net Minority Interest": "164,100", "Total Unusual Items Excluding Goodwill": "0", "Total Unusual Items": "0", "Normalized EBITDA": "385,500", "Tax Rate for Calcs": "0", "Tax Effect of Unusual Items": "0"}, "1/31/2009": {"Duration": "1/31/2009", "Total Revenue": "3,344,299", "Cost of Revenue": "2,264,200", "Gross Profit": "1,080,100", "Operating Expense": "850,699", "Operating Income": "229,401", "Net Non Operating Interest Income Expense": "85,199", "Other Income Expense": "-526,701", "Pretax Income": "-326,501", "Tax Provision": "67,200", "Net Income Common Stockholders": "-393,701", "Diluted NI Available to Com Stockholders": "-393,701", "Basic EPS": "-4.62", "Diluted EPS": "-4.62", "Basic Average Shares": "85,200", "Diluted Average Shares": "85,200", "Total Operating Income as Reported": "-297,300", "Total Expenses": "3,114,899", "Net Income from Continuing & Discontinued Operation": "-393,701", "Normalized Income": "-51,345", "Interest Income": "117,999", "Interest Expense": "32,800", "Net Interest Income": "85,199", "EBIT": "-293,701", "EBITDA": "-", "Reconciled Cost of Revenue": "2,264,200", "Reconciled Depreciation": "114,501", "Net Income from Continuing Operation Net Minority Interest": "-393,701", "Total Unusual Items Excluding Goodwill": "-526,701", "Total Unusual Items": "-526,701", "Normalized EBITDA": "347,500", "Tax Rate for Calcs": "0", "Tax Effect of Unusual Items": "-184,345"}, "1/31/2008": {"Duration": "1/31/2008", "Total Revenue": "3,665,300", "Cost of Revenue": "3,264,800", "Gross Profit": "400,500", "Operating Expense": "49,200", "Operating Income": "351,300", "Net Non Operating Interest Income Expense": "-", "Other Income Expense": "108,800", "Pretax Income": "333,500", "Tax Provision": "118,300", "Net Income Common Stockholders": "215,200", "Diluted NI Available to Com Stockholders": "215,200", "Basic EPS": "2.53", "Diluted EPS": "2.52", "Basic Average Shares": "85,190", "Diluted Average Shares": "85,355", "Total Operating Income as Reported": "351,300", "Total Expenses": "3,314,000", "Net Income from Continuing & Discontinued Operation": "215,200", "Normalized Income": "144,994", "Interest Income": "-", "Interest Expense": "-", "Net Interest Income": "-", "EBIT": "351,300", "EBITDA": "-", "Reconciled Cost of Revenue": "3,264,800", "Reconciled Depreciation": "114,100", "Net Income from Continuing Operation Net Minority Interest": "215,200", "Total Unusual Items Excluding Goodwill": "108,800", "Total Unusual Items": "108,800", "Normalized EBITDA": "356,600", "Tax Rate for Calcs": "0", "Tax Effect of Unusual Items": "38,594"}, "1/31/2007": {"Duration": "1/31/2007", "Total Revenue": "3,719,570", "Cost of Revenue": "3,231,735", "Gross Profit": "487,835", "Operating Expense": "52,850", "Operating Income": "434,985", "Net Non Operating Interest Income Expense": "-", "Other Income Expense": "-3,144", "Pretax Income": "418,874", "Tax Provision": "140,869", "Net Income Common Stockholders": "278,005", "Diluted NI Available to Com Stockholders": "278,005", "Basic EPS": "3.22", "Diluted EPS": "3.22", "Basic Average Shares": "86,380", "Diluted Average Shares": "86,720", "Total Operating Income as Reported": "434,985", "Total Expenses": "3,284,585", "Net Income from Continuing & Discontinued Operation": "278,005", "Normalized Income": "280,092", "Interest Income": "-", "Interest Expense": "-", "Net Interest Income": "-", "EBIT": "434,985", "EBITDA": "-", "Reconciled Cost of Revenue": "3,231,735", "Reconciled Depreciation": "98,824", "Net Income from Continuing Operation Net Minority Interest": "278,005", "Total Unusual Items Excluding Goodwill": "-3,144", "Total Unusual Items": "-3,144", "Normalized EBITDA": "536,953", "Tax Rate for Calcs": "0", "Tax Effect of Unusual Items": "-1,057"}, "1/31/2006": {"Duration": "1/31/2006", "Total Revenue": "3,119,970", "Cost of Revenue": "2,699,772", "Gross Profit": "420,198", "Operating Expense": "49,498", "Operating Income": "370,700", "Net Non Operating Interest Income Expense": "-", "Other Income Expense": "82,437", "Pretax Income": "356,812", "Tax Provision": "123,923", "Net Income Common Stockholders": "232,889", "Diluted NI Available to Com Stockholders": "232,889", "Basic EPS": "2.67", "Diluted EPS": "2.67", "Basic Average Shares": "86,830", "Diluted Average Shares": "86,995", "Total Operating Income as Reported": "370,700", "Total Expenses": "2,749,270", "Net Income from Continuing & Discontinued Operation": "232,889", "Normalized Income": "179,083", "Interest Income": "-", "Interest Expense": "-", "Net Interest Income": "-", "EBIT": "370,700", "EBITDA": "-", "Reconciled Cost of Revenue": "2,699,772", "Reconciled Depreciation": "82,259", "Net Income from Continuing Operation Net Minority Interest": "232,889", "Total Unusual Items Excluding Goodwill": "82,437", "Total Unusual Items": "82,437", "Normalized EBITDA": "370,522", "Tax Rate for Calcs": "0", "Tax Effect of Unusual Items": "28,631"}, "1/31/2005": {"Duration": "1/31/2005", "Total Revenue": "3,039,754", "Cost of Revenue": "2,423,857", "Gross Profit": "615,897", "Operating Expense": "124,083", "Operating Income": "491,814", "Net Non Operating Interest Income Expense": "-", "Other Income Expense": "-", "Pretax Income": "395,974", "Tax Provision": "130,108", "Net Income Common Stockholders": "265,865", "Diluted NI Available to Com Stockholders": "265,865", "Basic EPS": "3.09", "Diluted EPS": "3.05", "Basic Average Shares": "86,580", "Diluted Average Shares": "86,880", "Total Operating Income as Reported": "412,167", "Total Expenses": "2,547,940", "Net Income from Continuing & Discontinued Operation": "265,865", "Normalized Income": "265,865", "Interest Income": "-", "Interest Expense": "-", "Net Interest Income": "-", "EBIT": "491,814", "EBITDA": "-", "Reconciled Cost of Revenue": "2,423,857", "Reconciled Depreciation": "79,647", "Net Income from Continuing Operation Net Minority Interest": "265,865", "Total Unusual Items Excluding Goodwill": "-", "Total Unusual Items": "-", "Normalized EBITDA": "571,461", "Tax Rate for Calcs": "0", "Tax Effect of Unusual Items": "0"}, "1/31/2004": {"Duration": "1/31/2004", "Total Revenue": "2,951,067", "Cost of Revenue": "2,354,904", "Gross Profit": "596,163", "Operating Expense": "116,787", "Operating Income": "479,376", "Net Non Operating Interest Income Expense": "-", "Other Income Expense": "-", "Pretax Income": "386,675", "Tax Provision": "136,313", "Net Income Common Stockholders": "250,363", "Diluted NI Available to Com Stockholders": "250,363", "Basic EPS": "0.10", "Diluted EPS": "0.10", "Basic Average Shares": "859,309", "Diluted Average Shares": "865,916", "Total Operating Income as Reported": "405,653", "Total Expenses": "2,471,691", "Net Income from Continuing & Discontinued Operation": "250,363", "Normalized Income": "250,363", "Interest Income": "-", "Interest Expense": "-", "Net Interest Income": "-", "EBIT": "479,376", "EBITDA": "-", "Reconciled Cost of Revenue": "2,354,904", "Reconciled Depreciation": "73,722", "Net Income from Continuing Operation Net Minority Interest": "250,363", "Total Unusual Items Excluding Goodwill": "-", "Total Unusual Items": "-", "Normalized EBITDA": "553,098", "Tax Rate for Calcs": "0", "Tax Effect of Unusual Items": "0"}, "1/31/2003": {"Duration": "1/31/2003", "Total Revenue": "2,648,376", "Cost of Revenue": "2,193,145", "Gross Profit": "455,231", "Operating Expense": "99,150", "Operating Income": "356,081", "Net Non Operating Interest Income Expense": "-", "Other Income Expense": "-", "Pretax Income": "328,906", "Tax Provision": "116,608", "Net Income Common Stockholders": "152,841", "Diluted NI Available to Com Stockholders": "152,841", "Basic EPS": "2.47", "Diluted EPS": "2.47", "Basic Average Shares": "85,620", "Diluted Average Shares": "86,441", "Total Operating Income as Reported": "356,081", "Total Expenses": "2,292,295", "Net Income from Continuing & Discontinued Operation": "212,298", "Normalized Income": "212,298", "Interest Income": "-", "Interest Expense": "-", "Net Interest Income": "-", "EBIT": "356,081", "EBITDA": "-", "Reconciled Cost of Revenue": "2,193,145", "Reconciled Depreciation": "62,257", "Net Income from Continuing Operation Net Minority Interest": "212,298", "Total Unusual Items Excluding Goodwill": "-", "Total Unusual Items": "-", "Normalized EBITDA": "418,338", "Tax Rate for Calcs": "0", "Tax Effect of Unusual Items": "0"}, "1/31/2002": {"Duration": "1/31/2002", "Total Revenue": "2,228,435", "Cost of Revenue": "1,861,571", "Gross Profit": "366,864", "Operating Expense": "83,456", "Operating Income": "283,408", "Net Non Operating Interest Income Expense": "-", "Other Income Expense": "-", "Pretax Income": "258,132", "Tax Provision": "89,104", "Net Income Common Stockholders": "125,959", "Diluted NI Available to Com Stockholders": "125,959", "Basic EPS": "2.05", "Diluted EPS": "1.97", "Basic Average Shares": "85,386", "Diluted Average Shares": "85,386", "Total Operating Income as Reported": "283,408", "Total Expenses": "1,945,027", "Net Income from Continuing & Discontinued Operation": "169,028", "Normalized Income": "169,028", "Interest Income": "-", "Interest Expense": "-", "Net Interest Income": "-", "EBIT": "283,408", "EBITDA": "-", "Reconciled Cost of Revenue": "1,861,571", "Reconciled Depreciation": "49,000", "Net Income from Continuing Operation Net Minority Interest": "169,028", "Total Unusual Items Excluding Goodwill": "-", "Total Unusual Items": "-", "Normalized EBITDA": "332,408", "Tax Rate for Calcs": "0", "Tax Effect of Unusual Items": "0"}, "1/31/2001": {"Duration": "1/31/2001", "Total Revenue": "2,028,233", "Cost of Revenue": "1,694,312", "Gross Profit": "333,921", "Operating Expense": "72,662", "Operating Income": "261,259", "Net Non Operating Interest Income Expense": "-", "Other Income Expense": "-", "Pretax Income": "238,014", "Tax Provision": "76,170", "Net Income Common Stockholders": "161,843", "Diluted NI Available to Com Stockholders": "161,843", "Basic EPS": "1.93", "Diluted EPS": "1.90", "Basic Average Shares": "83,924", "Diluted Average Shares": "84,620", "Total Operating Income as Reported": "261,259", "Total Expenses": "1,766,974", "Net Income from Continuing & Discontinued Operation": "161,843", "Normalized Income": "161,843", "Interest Income": "-", "Interest Expense": "-", "Net Interest Income": "-", "EBIT": "261,259", "EBITDA": "-", "Reconciled Cost of Revenue": "1,694,312", "Reconciled Depreciation": "44,737", "Net Income from Continuing Operation Net Minority Interest": "161,843", "Total Unusual Items Excluding Goodwill": "-", "Total Unusual Items": "-", "Normalized EBITDA": "305,996", "Tax Rate for Calcs": "0", "Tax Effect of Unusual Items": "0"}, "1/31/2000": {"Duration": "1/31/2000", "Total Revenue": "1,835,448", "Cost of Revenue": "1,493,068", "Gross Profit": "342,380", "Operating Expense": "117,734", "Operating Income": "224,646", "Net Non Operating Interest Income Expense": "-", "Other Income Expense": "-", "Pretax Income": "206,236", "Tax Provision": "61,855", "Net Income Common Stockholders": "144,381", "Diluted NI Available to Com Stockholders": "144,381", "Basic EPS": "1.71", "Diluted EPS": "1.71", "Basic Average Shares": "84,875", "Diluted Average Shares": "84,875", "Total Operating Income as Reported": "224,646", "Total Expenses": "1,610,802", "Net Income from Continuing & Discontinued Operation": "144,381", "Normalized Income": "144,381", "Interest Income": "-", "Interest Expense": "-", "Net Interest Income": "-", "EBIT": "224,646", "EBITDA": "-", "Reconciled Cost of Revenue": "1,493,068", "Reconciled Depreciation": "44,897", "Net Income from Continuing Operation Net Minority Interest": "144,381", "Total Unusual Items Excluding Goodwill": "-", "Total Unusual Items": "-", "Normalized EBITDA": "269,543", "Tax Rate for Calcs": "0", "Tax Effect of Unusual Items": "0"}, "1/31/1999": {"Duration": "1/31/1999", "Total Revenue": "1,631,600", "Cost of Revenue": "1,343,000", "Gross Profit": "288,600", "Operating Expense": "120,200", "Operating Income": "168,400", "Net Non Operating Interest Income Expense": "-", "Other Income Expense": "-4,200", "Pretax Income": "146,900", "Tax Provision": "39,500", "Net Income Common Stockholders": "107,400", "Diluted NI Available to Com Stockholders": "107,400", "Basic EPS": "0.13", "Diluted EPS": "0.13", "Basic Average Shares": "83,826", "Diluted Average Shares": "83,826", "Total Operating Income as Reported": "168,400", "Total Expenses": "1,463,200", "Net Income from Continuing & Discontinued Operation": "107,400", "Normalized Income": "110,471", "Interest Income": "-", "Interest Expense": "-", "Net Interest Income": "-", "EBIT": "168,400", "EBITDA": "-", "Reconciled Cost of Revenue": "1,343,000", "Reconciled Depreciation": "45,500", "Net Income from Continuing Operation Net Minority Interest": "107,400", "Total Unusual Items Excluding Goodwill": "-4,200", "Total Unusual Items": "-4,200", "Normalized EBITDA": "218,100", "Tax Rate for Calcs": "0", "Tax Effect of Unusual Items": "-1,129"}, "1/31/1998": {"Duration": "1/31/1998", "Total Revenue": "1,515,200", "Cost of Revenue": "1,253,900", "Gross Profit": "261,300", "Operating Expense": "113,100", "Operating Income": "148,200", "Net Non Operating Interest Income Expense": "-", "Other Income Expense": "-", "Pretax Income": "112,300", "Tax Provision": "29,200", "Net Income Common Stockholders": "83,100", "Diluted NI Available to Com Stockholders": "83,100", "Basic EPS": "0.65", "Diluted EPS": "0.65", "Basic Average Shares": "44,911", "Diluted Average Shares": "44,911", "Total Operating Income as Reported": "148,200", "Total Expenses": "1,367,000", "Net Income from Continuing & Discontinued Operation": "83,100", "Normalized Income": "83,100", "Interest Income": "-", "Interest Expense": "-", "Net Interest Income": "-", "EBIT": "148,200", "EBITDA": "-", "Reconciled Cost of Revenue": "1,253,900", "Reconciled Depreciation": "43,800", "Net Income from Continuing Operation Net Minority Interest": "83,100", "Total Unusual Items Excluding Goodwill": "-", "Total Unusual Items": "-", "Normalized EBITDA": "192,000", "Tax Rate for Calcs": "0", "Tax Effect of Unusual Items": "0"}, "1/31/1997": {"Duration": "1/31/1997", "Total Revenue": "1,443,800", "Cost of Revenue": "1,210,900", "Gross Profit": "232,900", "Operating Expense": "110,400", "Operating Income": "122,500", "Net Non Operating Interest Income Expense": "-", "Other Income Expense": "-32,500", "Pretax Income": "29,800", "Tax Provision": "17,900", "Net Income Common Stockholders": "11,900", "Diluted NI Available to Com Stockholders": "11,900", "Basic EPS": "0.08", "Diluted EPS": "0.08", "Basic Average Shares": "14,668", "Diluted Average Shares": "14,668", "Total Operating Income as Reported": "122,500", "Total Expenses": "1,321,300", "Net Income from Continuing & Discontinued Operation": "11,900", "Normalized Income": "31,400", "Interest Income": "-", "Interest Expense": "-", "Net Interest Income": "-", "EBIT": "122,500", "EBITDA": "-", "Reconciled Cost of Revenue": "1,210,900", "Reconciled Depreciation": "39,400", "Net Income from Continuing Operation Net Minority Interest": "11,900", "Total Unusual Items Excluding Goodwill": "-32,500", "Total Unusual Items": "-32,500", "Normalized EBITDA": "194,400", "Tax Rate for Calcs": "0", "Tax Effect of Unusual Items": "-13,000"}, "1/31/1996": {"Duration": "1/31/1996", "Total Revenue": "1,354,500", "Cost of Revenue": "1,146,900", "Gross Profit": "207,600", "Operating Expense": "110,800", "Operating Income": "96,800", "Net Non Operating Interest Income Expense": "-", "Other Income Expense": "-54,000", "Pretax Income": "-25,800", "Tax Provision": "11,400", "Net Income Common Stockholders": "-37,200", "Diluted NI Available to Com Stockholders": "-37,200", "Basic EPS": "-0.25", "Diluted EPS": "-0.25", "Basic Average Shares": "14,668", "Diluted Average Shares": "14,668", "Total Operating Income as Reported": "96,800", "Total Expenses": "1,257,700", "Net Income from Continuing & Discontinued Operation": "-37,200", "Normalized Income": "-4,800", "Interest Income": "-", "Interest Expense": "-", "Net Interest Income": "-", "EBIT": "96,800", "EBITDA": "-", "Reconciled Cost of Revenue": "1,146,900", "Reconciled Depreciation": "40,600", "Net Income from Continuing Operation Net Minority Interest": "-37,200", "Total Unusual Items Excluding Goodwill": "-54,000", "Total Unusual Items": "-54,000", "Normalized EBITDA": "191,400", "Tax Rate for Calcs": "0", "Tax Effect of Unusual Items": "-21,600"}, "1/31/1995": {"Duration": "1/31/1995", "Total Revenue": "1,459,600", "Cost of Revenue": "1,266,100", "Gross Profit": "193,500", "Operating Expense": "127,300", "Operating Income": "66,200", "Net Non Operating Interest Income Expense": "-", "Other Income Expense": "-37,100", "Pretax Income": "-32,300", "Tax Provision": "9,200", "Net Income Common Stockholders": "-41,500", "Diluted NI Available to Com Stockholders": "-41,500", "Basic EPS": "-0.29", "Diluted EPS": "-0.29", "Basic Average Shares": "14,668", "Diluted Average Shares": "14,668", "Total Operating Income as Reported": "66,200", "Total Expenses": "1,393,400", "Net Income from Continuing & Discontinued Operation": "-41,500", "Normalized Income": "-19,240", "Interest Income": "-", "Interest Expense": "-", "Net Interest Income": "-", "EBIT": "66,200", "EBITDA": "-", "Reconciled Cost of Revenue": "1,266,100", "Reconciled Depreciation": "44,700", "Net Income from Continuing Operation Net Minority Interest": "-41,500", "Total Unusual Items Excluding Goodwill": "-37,100", "Total Unusual Items": "-37,100", "Normalized EBITDA": "148,000", "Tax Rate for Calcs": "0", "Tax Effect of Unusual Items": "-14,840"}, "1/31/1994": {"Duration": "1/31/1994", "Total Revenue": "1,489,400", "Cost of Revenue": "1,291,800", "Gross Profit": "197,600", "Operating Expense": "272,700", "Operating Income": "-75,100", "Net Non Operating Interest Income Expense": "-", "Other Income Expense": "-31,700", "Pretax Income": "-170,500", "Tax Provision": "-1,500", "Net Income Common Stockholders": "-169,000", "Diluted NI Available to Com Stockholders": "-169,000", "Basic EPS": "-1.15", "Diluted EPS": "-1.15", "Basic Average Shares": "14,668", "Diluted Average Shares": "14,668", "Total Operating Income as Reported": "-75,100", "Total Expenses": "1,564,500", "Net Income from Continuing & Discontinued Operation": "-169,000", "Normalized Income": "-137,579", "Interest Income": "-", "Interest Expense": "-", "Net Interest Income": "-", "EBIT": "-75,100", "EBITDA": "-", "Reconciled Cost of Revenue": "1,291,800", "Reconciled Depreciation": "54,700", "Net Income from Continuing Operation Net Minority Interest": "-169,000", "Total Unusual Items Excluding Goodwill": "-31,700", "Total Unusual Items": "-31,700", "Normalized EBITDA": "11,300", "Tax Rate for Calcs": "0", "Tax Effect of Unusual Items": "-278.8856"}, "1/31/1993": {"Duration": "1/31/1993", "Total Revenue": "1,373,900", "Cost of Revenue": "1,238,000", "Gross Profit": "135,900", "Operating Expense": "138,900", "Operating Income": "-3,000", "Net Non Operating Interest Income Expense": "-", "Other Income Expense": "-8,300", "Pretax Income": "-59,400", "Tax Provision": "-21,500", "Net Income Common Stockholders": "-37,900", "Diluted NI Available to Com Stockholders": "-37,900", "Basic EPS": "-0.19", "Diluted EPS": "-0.19", "Basic Average Shares": "14,668", "Diluted Average Shares": "14,668", "Total Operating Income as Reported": "-3,000", "Total Expenses": "1,376,900", "Net Income from Continuing & Discontinued Operation": "-37,900", "Normalized Income": "-32,604", "Interest Income": "-", "Interest Expense": "-", "Net Interest Income": "-", "EBIT": "-3,000", "EBITDA": "-", "Reconciled Cost of Revenue": "1,238,000", "Reconciled Depreciation": "55,200", "Net Income from Continuing Operation Net Minority Interest": "-37,900", "Total Unusual Items Excluding Goodwill": "-8,300", "Total Unusual Items": "-8,300", "Normalized EBITDA": "60,500", "Tax Rate for Calcs": "0", "Tax Effect of Unusual Items": "-3,004"}, "1/31/1992": {"Duration": "1/31/1992", "Total Revenue": "1,981,300", "Cost of Revenue": "1,787,900", "Gross Profit": "193,400", "Operating Expense": "190,900", "Operating Income": "2,500", "Net Non Operating Interest Income Expense": "-", "Other Income Expense": "-145,900", "Pretax Income": "-214,700", "Tax Provision": "6,400", "Net Income Common Stockholders": "-221,100", "Diluted NI Available to Com Stockholders": "-221,100", "Basic EPS": "-1.76", "Diluted EPS": "-1.76", "Basic Average Shares": "14,668", "Diluted Average Shares": "14,668", "Total Operating Income as Reported": "2,500", "Total Expenses": "1,978,800", "Net Income from Continuing & Discontinued Operation": "-221,100", "Normalized Income": "-133,560", "Interest Income": "-", "Interest Expense": "-", "Net Interest Income": "-", "EBIT": "2,500", "EBITDA": "-", "Reconciled Cost of Revenue": "1,787,900", "Reconciled Depreciation": "110,400", "Net Income from Continuing Operation Net Minority Interest": "-221,100", "Total Unusual Items Excluding Goodwill": "-145,900", "Total Unusual Items": "-145,900", "Normalized EBITDA": "258,800", "Tax Rate for Calcs": "0", "Tax Effect of Unusual Items": "-58,360"}, "1/31/1991": {"Duration": "1/31/1991", "Total Revenue": "2,191,600", "Cost of Revenue": "1,784,000", "Gross Profit": "407,600", "Operating Expense": "143,500", "Operating Income": "264,100", "Net Non Operating Interest Income Expense": "-", "Other Income Expense": "15,800", "Pretax Income": "220,400", "Tax Provision": "71,600", "Net Income Common Stockholders": "148,800", "Diluted NI Available to Com Stockholders": "148,800", "Basic EPS": "0.99", "Diluted EPS": "0.93", "Basic Average Shares": "14,668", "Diluted Average Shares": "14,668", "Total Operating Income as Reported": "264,100", "Total Expenses": "1,927,500", "Net Income from Continuing & Discontinued Operation": "148,800", "Normalized Income": "138,133", "Interest Income": "-", "Interest Expense": "-", "Net Interest Income": "-", "EBIT": "264,100", "EBITDA": "-", "Reconciled Cost of Revenue": "1,784,000", "Reconciled Depreciation": "57,500", "Net Income from Continuing Operation Net Minority Interest": "148,800", "Total Unusual Items Excluding Goodwill": "15,800", "Total Unusual Items": "15,800", "Normalized EBITDA": "305,800", "Tax Rate for Calcs": "0", "Tax Effect of Unusual Items": "5,133"}, "1/31/1990": {"Duration": "1/31/1990", "Total Revenue": "1,508,400", "Cost of Revenue": "1,194,200", "Gross Profit": "314,200", "Operating Expense": "96,700", "Operating Income": "217,500", "Net Non Operating Interest Income Expense": "-", "Other Income Expense": "37,700", "Pretax Income": "204,000", "Tax Provision": "71,400", "Net Income Common Stockholders": "132,600", "Diluted NI Available to Com Stockholders": "132,600", "Basic EPS": "12.53", "Diluted EPS": "11.26", "Basic Average Shares": "10,585", "Diluted Average Shares": "11,774", "Total Operating Income as Reported": "217,500", "Total Expenses": "1,290,900", "Net Income from Continuing & Discontinued Operation": "132,600", "Normalized Income": "108,095", "Interest Income": "-", "Interest Expense": "-", "Net Interest Income": "-", "EBIT": "217,500", "EBITDA": "-", "Reconciled Cost of Revenue": "1,194,200", "Reconciled Depreciation": "38,700", "Net Income from Continuing Operation Net Minority Interest": "132,600", "Total Unusual Items Excluding Goodwill": "37,700", "Total Unusual Items": "37,700", "Normalized EBITDA": "218,500", "Tax Rate for Calcs": "0", "Tax Effect of Unusual Items": "13,195"}, "1/31/1989": {"Duration": "1/31/1989", "Total Revenue": "1,112,500", "Cost of Revenue": "922,000", "Gross Profit": "190,500", "Operating Expense": "29,000", "Operating Income": "161,500", "Net Non Operating Interest Income Expense": "-", "Other Income Expense": "18,000", "Pretax Income": "150,600", "Tax Provision": "55,700", "Net Income Common Stockholders": "94,900", "Diluted NI Available to Com Stockholders": "94,900", "Basic EPS": "11.39", "Diluted EPS": "10.38", "Basic Average Shares": "14,668", "Diluted Average Shares": "14,668", "Total Operating Income as Reported": "161,500", "Total Expenses": "951,000", "Net Income from Continuing & Discontinued Operation": "94,900", "Normalized Income": "83,557", "Interest Income": "-", "Interest Expense": "-", "Net Interest Income": "-", "EBIT": "161,500", "EBITDA": "-", "Reconciled Cost of Revenue": "922,000", "Reconciled Depreciation": "29,000", "Net Income from Continuing Operation Net Minority Interest": "94,900", "Total Unusual Items Excluding Goodwill": "18,000", "Total Unusual Items": "18,000", "Normalized EBITDA": "172,500", "Tax Rate for Calcs": "0", "Tax Effect of Unusual Items": "6,657"}, "1/31/1988": {"Duration": "1/31/1988", "Total Revenue": "636,100", "Cost of Revenue": "521,900", "Gross Profit": "114,200", "Operating Expense": "20,200", "Operating Income": "94,000", "Net Non Operating Interest Income Expense": "-", "Other Income Expense": "7,400", "Pretax Income": "88,600", "Tax Provision": "32,200", "Net Income Common Stockholders": "53,000", "Diluted NI Available to Com Stockholders": "53,000", "Basic EPS": "9.30", "Diluted EPS": "8.52", "Basic Average Shares": "14,668", "Diluted Average Shares": "14,668", "Total Operating Income as Reported": "94,000", "Total Expenses": "542,100", "Net Income from Continuing & Discontinued Operation": "56,400", "Normalized Income": "51,689", "Interest Income": "-", "Interest Expense": "-", "Net Interest Income": "-", "EBIT": "94,000", "EBITDA": "-", "Reconciled Cost of Revenue": "521,900", "Reconciled Depreciation": "15,600", "Net Income from Continuing Operation Net Minority Interest": "56,400", "Total Unusual Items Excluding Goodwill": "7,400", "Total Unusual Items": "7,400", "Normalized EBITDA": "102,200", "Tax Rate for Calcs": "0", "Tax Effect of Unusual Items": "2,689"}, "1/31/1987": {"Duration": "1/31/1987", "Total Revenue": "239,400", "Cost of Revenue": "193,600", "Gross Profit": "45,800", "Operating Expense": "7,600", "Operating Income": "38,200", "Net Non Operating Interest Income Expense": "-", "Other Income Expense": "700", "Pretax Income": "32,600", "Tax Provision": "11,100", "Net Income Common Stockholders": "20,000", "Diluted NI Available to Com Stockholders": "20,000", "Basic EPS": "5.54", "Diluted EPS": "4.98", "Basic Average Shares": "14,668", "Diluted Average Shares": "14,668", "Total Operating Income as Reported": "38,200", "Total Expenses": "201,200", "Net Income from Continuing & Discontinued Operation": "21,500", "Normalized Income": "21,038", "Interest Income": "-", "Interest Expense": "-", "Net Interest Income": "-", "EBIT": "38,200", "EBITDA": "-", "Reconciled Cost of Revenue": "193,600", "Reconciled Depreciation": "5,900", "Net Income from Continuing Operation Net Minority Interest": "21,500", "Total Unusual Items Excluding Goodwill": "700", "Total Unusual Items": "700", "Normalized EBITDA": "43,400", "Tax Rate for Calcs": "0", "Tax Effect of Unusual Items": "238.3436"}}, "bs": {"1/31/2021": {"Duration": "1/31/2021", "Total Assets": "6,178,900", "Total Liabilities Net Minority Interest": "4,346,300", "Total Equity Gross Minority Interest": "1,832,600", "Total Capitalization": "1,979,300", "Preferred Stock Equity": "642,300", "Common Stock Equity": "1,190,300", "Capital Lease Obligations": "1,524,600", "Net Tangible Assets": "1,415,600", "Working Capital": "1,583,300", "Invested Capital": "1,337,000", "Tangible Book Value": "773,300", "Total Debt": "1,671,300", "Net Debt": "-", "Share Issued": "70,000", "Ordinary Shares Number": "52,300", "Treasury Shares Number": "17,700"}, "1/31/2020": {"Duration": "1/31/2020", "Total Assets": "6,299,100", "Total Liabilities Net Minority Interest": "4,459,500", "Total Equity Gross Minority Interest": "1,839,600", "Total Capitalization": "2,355,500", "Preferred Stock Equity": "617,000", "Common Stock Equity": "1,222,600", "Capital Lease Obligations": "1,775,900", "Net Tangible Assets": "1,327,000", "Working Capital": "1,502,200", "Invested Capital": "1,834,100", "Tangible Book Value": "710,000", "Total Debt": "2,387,400", "Net Debt": "237,000", "Share Issued": "70,000", "Ordinary Shares Number": "52,300", "Treasury Shares Number": "17,700"}, "1/31/2019": {"Duration": "1/31/2019", "Total Assets": "4,420,100", "Total Liabilities Net Minority Interest": "2,603,200", "Total Equity Gross Minority Interest": "1,816,900", "Total Capitalization": "2,466,500", "Preferred Stock Equity": "615,300", "Common Stock Equity": "1,201,600", "Capital Lease Obligations": "-", "Net Tangible Assets": "1,255,300", "Working Capital": "1,822,800", "Invested Capital": "1,930,000", "Tangible Book Value": "640,000", "Total Debt": "728,400", "Net Debt": "533,000", "Share Issued": "70,000", "Ordinary Shares Number": "51,900", "Treasury Shares Number": "18,100"}}, "cf": {"TTM": {"Duration": "TTM", "Operating Cash Flow": "1,372,300", "Investing Cash Flow": "-77,800", "Financing Cash Flow": "-498,600", "End Cash Position": "1,172,500", "Income Tax Paid Supplemental Data": "-", "Interest Paid Supplemental Data": "30,500", "Capital Expenditure": "-83,000", "Issuance of Capital Stock": "-", "Issuance of Debt": "900,000", "Repayment of Debt": "-1,357,400", "Repurchase of Capital Stock": "0", "Free Cash Flow": "1,289,300"}, "1/31/2021": {"Duration": "1/31/2021", "Operating Cash Flow": "1,372,300", "Investing Cash Flow": "-77,800", "Financing Cash Flow": "-498,600", "End Cash Position": "1,172,500", "Income Tax Paid Supplemental Data": "-", "Interest Paid Supplemental Data": "30,500", "Capital Expenditure": "-83,000", "Issuance of Capital Stock": "-", "Issuance of Debt": "900,000", "Repayment of Debt": "-1,357,400", "Repurchase of Capital Stock": "0", "Free Cash Flow": "1,289,300"}, "1/31/2020": {"Duration": "1/31/2020", "Operating Cash Flow": "555,700", "Investing Cash Flow": "-140,800", "Financing Cash Flow": "-237,000", "End Cash Position": "374,500", "Income Tax Paid Supplemental Data": "5,700", "Interest Paid Supplemental Data": "34,700", "Capital Expenditure": "-136,300", "Issuance of Capital Stock": "-", "Issuance of Debt": "958,300", "Repayment of Debt": "-1,124,700", "Repurchase of Capital Stock": "0", "Free Cash Flow": "419,400"}, "1/31/2019": {"Duration": "1/31/2019", "Operating Cash Flow": "697,700", "Investing Cash Flow": "-119,000", "Financing Cash Flow": "-602,700", "End Cash Position": "195,400", "Income Tax Paid Supplemental Data": "44,800", "Interest Paid Supplemental Data": "39,100", "Capital Expenditure": "-133,500", "Issuance of Capital Stock": "0", "Issuance of Debt": "812,900", "Repayment of Debt": "-818,300", "Repurchase of Capital Stock": "-485,000", "Free Cash Flow": "564,200"}}, "ks": {"Current": {"Duration": "Current", "Market Cap (intraday) 5": "3.29B", "Enterprise Value 3": "4.43B", "Trailing P/E ": "10.11", "Forward P/E 1": "12.89", "PEG Ratio (5 yr expected) 1": "N/A", "Price/Sales (ttm)": "0.62", "Price/Book (mrq)": "2.76", "Enterprise Value/Revenue 3": "0.85", "Enterprise Value/EBITDA 7": "39.22"}, "1/31/2021": {"Duration": "1/31/2021", "Market Cap (intraday) 5": "2.13B", "Enterprise Value 3": "4.04B", "Trailing P/E ": "N/A", "Forward P/E 1": "N/A", "PEG Ratio (5 yr expected) 1": "N/A", "Price/Sales (ttm)": "0.41", "Price/Book (mrq)": "2.32", "Enterprise Value/Revenue 3": "1.85", "Enterprise Value/EBITDA 7": "30.35"}, "10/31/2020": {"Duration": "10/31/2020", "Market Cap (intraday) 5": "1.17B", "Enterprise Value 3": "3.58B", "Trailing P/E ": "N/A", "Forward P/E 1": "N/A", "PEG Ratio (5 yr expected) 1": "N/A", "Price/Sales (ttm)": "0.23", "Price/Book (mrq)": "1.27", "Enterprise Value/Revenue 3": "2.76", "Enterprise Value/EBITDA 7": "40.30"}, "7/31/2020": {"Duration": "7/31/2020", "Market Cap (intraday) 5": "561.95M", "Enterprise Value 3": "3.20B", "Trailing P/E ": "N/A", "Forward P/E 1": "4.40", "PEG Ratio (5 yr expected) 1": "N/A", "Price/Sales (ttm)": "0.10", "Price/Book (mrq)": "0.57", "Enterprise Value/Revenue 3": "3.60", "Enterprise Value/EBITDA 7": "-73.81"}, "4/30/2020": {"Duration": "4/30/2020", "Market Cap (intraday) 5": "526.57M", "Enterprise Value 3": "3.16B", "Trailing P/E ": "7.19", "Forward P/E 1": "6.37", "PEG Ratio (5 yr expected) 1": "N/A", "Price/Sales (ttm)": "0.08", "Price/Book (mrq)": "0.43", "Enterprise Value/Revenue 3": "3.70", "Enterprise Value/EBITDA 7": "-11.97"}, "1/31/2020": {"Duration": "1/31/2020", "Market Cap (intraday) 5": "1.27B", "Enterprise Value 3": "4.27B", "Trailing P/E ": "N/A", "Forward P/E 1": "N/A", "PEG Ratio (5 yr expected) 1": "N/A", "Price/Sales (ttm)": "0.20", "Price/Book (mrq)": "1.21", "Enterprise Value/Revenue 3": "1.98", "Enterprise Value/EBITDA 7": "19.17"}, "10/31/2019": {"Duration": "10/31/2019", "Market Cap (intraday) 5": "838.30M", "Enterprise Value 3": "3.69B", "Trailing P/E ": "N/A", "Forward P/E 1": "N/A", "PEG Ratio (5 yr expected) 1": "N/A", "Price/Sales (ttm)": "0.13", "Price/Book (mrq)": "0.77", "Enterprise Value/Revenue 3": "3.11", "Enterprise Value/EBITDA 7": "37.99"}, "7/31/2019": {"Duration": "7/31/2019", "Market Cap (intraday) 5": "946.75M", "Enterprise Value 3": "4.00B", "Trailing P/E ": "N/A", "Forward P/E 1": "N/A", "PEG Ratio (5 yr expected) 1": "N/A", "Price/Sales (ttm)": "0.15", "Price/Book (mrq)": "0.82", "Enterprise Value/Revenue 3": "2.93", "Enterprise Value/EBITDA 7": "36.61"}, "4/30/2019": {"Duration": "4/30/2019", "Market Cap (intraday) 5": "1.20B", "Enterprise Value 3": "2.35B", "Trailing P/E ": "N/A", "Forward P/E 1": "N/A", "PEG Ratio (5 yr expected) 1": "N/A", "Price/Sales (ttm)": "0.20", "Price/Book (mrq)": "1.00", "Enterprise Value/Revenue 3": "1.64", "Enterprise Value/EBITDA 7": "18.87"}, "1/31/2019": {"Duration": "1/31/2019", "Market Cap (intraday) 5": "1.26B", "Enterprise Value 3": "2.73B", "Trailing P/E ": "N/A", "Forward P/E 1": "8.76", "PEG Ratio (5 yr expected) 1": "N/A", "Price/Sales (ttm)": "0.24", "Price/Book (mrq)": "0.94", "Enterprise Value/Revenue 3": "1.27", "Enterprise Value/EBITDA 7": "-68.29"}, "10/31/2018": {"Duration": "10/31/2018", "Market Cap (intraday) 5": "2.91B", "Enterprise Value 3": "4.17B", "Trailing P/E ": "N/A", "Forward P/E 1": "N/A", "PEG Ratio (5 yr expected) 1": "N/A", "Price/Sales (ttm)": "0.58", "Price/Book (mrq)": "2.08", "Enterprise Value/Revenue 3": "3.50", "Enterprise Value/EBITDA 7": "-745.07"}, "7/31/2018": {"Duration": "7/31/2018", "Market Cap (intraday) 5": "3.42B", "Enterprise Value 3": "4.63B", "Trailing P/E ": "N/A", "Forward P/E 1": "N/A", "PEG Ratio (5 yr expected) 1": "N/A", "Price/Sales (ttm)": "0.62", "Price/Book (mrq)": "1.81", "Enterprise Value/Revenue 3": "3.26", "Enterprise Value/EBITDA 7": "-293.07"}, "4/30/2018": {"Duration": "4/30/2018", "Market Cap (intraday) 5": "2.29B", "Enterprise Value 3": "3.41B", "Trailing P/E ": "5.23", "Forward P/E 1": "6.48", "PEG Ratio (5 yr expected) 1": "N/A", "Price/Sales (ttm)": "0.43", "Price/Book (mrq)": "0.92", "Enterprise Value/Revenue 3": "2.31", "Enterprise Value/EBITDA 7": "-6.49"}, "1/31/2018": {"Duration": "1/31/2018", "Market Cap (intraday) 5": "3.20B", "Enterprise Value 3": "4.69B", "Trailing P/E ": "8.62", "Forward P/E 1": "10.01", "PEG Ratio (5 yr expected) 1": "N/A", "Price/Sales (ttm)": "0.57", "Price/Book (mrq)": "1.50", "Enterprise Value/Revenue 3": "2.05", "Enterprise Value/EBITDA 7": "12.42"}, "10/31/2017": {"Duration": "10/31/2017", "Market Cap (intraday) 5": "3.96B", "Enterprise Value 3": "6.10B", "Trailing P/E ": "10.09", "Forward P/E 1": "N/A", "PEG Ratio (5 yr expected) 1": "N/A", "Price/Sales (ttm)": "0.74", "Price/Book (mrq)": "1.82", "Enterprise Value/Revenue 3": "5.27", "Enterprise Value/EBITDA 7": "117.28"}, "7/31/2017": {"Duration": "7/31/2017", "Market Cap (intraday) 5": "3.69B", "Enterprise Value 3": "5.64B", "Trailing P/E ": "9.80", "Forward P/E 1": "9.13", "PEG Ratio (5 yr expected) 1": "N/A", "Price/Sales (ttm)": "0.73", "Price/Book (mrq)": "1.45", "Enterprise Value/Revenue 3": "4.03", "Enterprise Value/EBITDA 7": "31.35"}, "4/30/2017": {"Duration": "4/30/2017", "Market Cap (intraday) 5": "4.51B", "Enterprise Value 3": "6.43B", "Trailing P/E ": "9.30", "Forward P/E 1": "9.41", "PEG Ratio (5 yr expected) 1": "2.40", "Price/Sales (ttm)": "0.79", "Price/Book (mrq)": "1.81", "Enterprise Value/Revenue 3": "4.58", "Enterprise Value/EBITDA 7": "40.00"}, "1/31/2017": {"Duration": "1/31/2017", "Market Cap (intraday) 5": "5.30B", "Enterprise Value 3": "7.45B", "Trailing P/E ": "11.77", "Forward P/E 1": "9.78", "PEG Ratio (5 yr expected) 1": "0.72", "Price/Sales (ttm)": "0.92", "Price/Book (mrq)": "2.38", "Enterprise Value/Revenue 3": "3.28", "Enterprise Value/EBITDA 7": "16.76"}, "10/31/2016": {"Duration": "10/31/2016", "Market Cap (intraday) 5": "5.66B", "Enterprise Value 3": "7.11B", "Trailing P/E ": "12.41", "Forward P/E 1": "9.30", "PEG Ratio (5 yr expected) 1": "0.68", "Price/Sales (ttm)": "0.97", "Price/Book (mrq)": "1.96", "Enterprise Value/Revenue 3": "5.99", "Enterprise Value/EBITDA 7": "95.90"}, "7/31/2016": {"Duration": "7/31/2016", "Market Cap (intraday) 5": "6.86B", "Enterprise Value 3": "8.17B", "Trailing P/E ": "14.04", "Forward P/E 1": "10.68", "PEG Ratio (5 yr expected) 1": "0.59", "Price/Sales (ttm)": "1.06", "Price/Book (mrq)": "2.15", "Enterprise Value/Revenue 3": "5.95", "Enterprise Value/EBITDA 7": "50.69"}, "4/30/2016": {"Duration": "4/30/2016", "Market Cap (intraday) 5": "8.51B", "Enterprise Value 3": "9.77B", "Trailing P/E ": "18.49", "Forward P/E 1": "13.02", "PEG Ratio (5 yr expected) 1": "N/A", "Price/Sales (ttm)": "1.32", "Price/Book (mrq)": "2.78", "Enterprise Value/Revenue 3": "6.18", "Enterprise Value/EBITDA 7": "38.64"}, "1/31/2016": {"Duration": "1/31/2016", "Market Cap (intraday) 5": "9.23B", "Enterprise Value 3": "10.74B", "Trailing P/E ": "21.93", "Forward P/E 1": "14.24", "PEG Ratio (5 yr expected) 1": "N/A", "Price/Sales (ttm)": "1.44", "Price/Book (mrq)": "3.24", "Enterprise Value/Revenue 3": "4.49", "Enterprise Value/EBITDA 7": "24.69"}, "10/31/2015": {"Duration": "10/31/2015", "Market Cap (intraday) 5": "12.01B", "Enterprise Value 3": "13.28B", "Trailing P/E ": "29.71", "Forward P/E 1": "22.08", "PEG Ratio (5 yr expected) 1": "N/A", "Price/Sales (ttm)": "1.89", "Price/Book (mrq)": "4.18", "Enterprise Value/Revenue 3": "10.92", "Enterprise Value/EBITDA 7": "185.54"}, "7/31/2015": {"Duration": "7/31/2015", "Market Cap (intraday) 5": "9.71B", "Enterprise Value 3": "10.99B", "Trailing P/E ": "24.10", "Forward P/E 1": "18.05", "PEG Ratio (5 yr expected) 1": "N/A", "Price/Sales (ttm)": "1.56", "Price/Book (mrq)": "3.36", "Enterprise Value/Revenue 3": "7.79", "Enterprise Value/EBITDA 7": "81.60"}, "4/30/2015": {"Duration": "4/30/2015", "Market Cap (intraday) 5": "10.77B", "Enterprise Value 3": "12.03B", "Trailing P/E ": "28.24", "Forward P/E 1": "20.16", "PEG Ratio (5 yr expected) 1": "N/A", "Price/Sales (ttm)": "1.88", "Price/Book (mrq)": "3.83", "Enterprise Value/Revenue 3": "7.86", "Enterprise Value/EBITDA 7": "57.53"}, "1/31/2015": {"Duration": "1/31/2015", "Market Cap (intraday) 5": "9.71B", "Enterprise Value 3": "11.22B", "Trailing P/E ": "29.68", "Forward P/E 1": "17.83", "PEG Ratio (5 yr expected) 1": "N/A", "Price/Sales (ttm)": "1.93", "Price/Book (mrq)": "3.68", "Enterprise Value/Revenue 3": "4.93", "Enterprise Value/EBITDA 7": "30.50"}, "10/31/2014": {"Duration": "10/31/2014", "Market Cap (intraday) 5": "9.63B", "Enterprise Value 3": "10.82B", "Trailing P/E ": "26.55", "Forward P/E 1": "22.03", "PEG Ratio (5 yr expected) 1": "N/A", "Price/Sales (ttm)": "2.09", "Price/Book (mrq)": "3.59", "Enterprise Value/Revenue 3": "9.19", "Enterprise Value/EBITDA 7": "257.05"}, "7/31/2014": {"Duration": "7/31/2014", "Market Cap (intraday) 5": "8.16B", "Enterprise Value 3": "7.92B", "Trailing P/E ": "21.98", "Forward P/E 1": "N/A", "PEG Ratio (5 yr expected) 1": "N/A", "Price/Sales (ttm)": "1.92", "Price/Book (mrq)": "3.09", "Enterprise Value/Revenue 3": "6.46", "Enterprise Value/EBITDA 7": "69.44"}, "4/30/2014": {"Duration": "4/30/2014", "Market Cap (intraday) 5": "8.14B", "Enterprise Value 3": "7.91B", "Trailing P/E ": "22.22", "Forward P/E 1": "18.98", "PEG Ratio (5 yr expected) 1": "N/A", "Price/Sales (ttm)": "1.94", "Price/Book (mrq)": "3.18", "Enterprise Value/Revenue 3": "7.49", "Enterprise Value/EBITDA 7": "44.27"}, "1/31/2014": {"Duration": "1/31/2014", "Market Cap (intraday) 5": "6.38B", "Enterprise Value 3": "6.34B", "Trailing P/E ": "17.76", "Forward P/E 1": "14.90", "PEG Ratio (5 yr expected) 1": "N/A", "Price/Sales (ttm)": "1.55", "Price/Book (mrq)": "2.67", "Enterprise Value/Revenue 3": "4.05", "Enterprise Value/EBITDA 7": "21.03"}, "10/31/2013": {"Duration": "10/31/2013", "Market Cap (intraday) 5": "6.01B", "Enterprise Value 3": "5.80B", "Trailing P/E ": "16.55", "Forward P/E 1": "13.68", "PEG Ratio (5 yr expected) 1": "N/A", "Price/Sales (ttm)": "1.47", "Price/Book (mrq)": "2.53", "Enterprise Value/Revenue 3": "7.52", "Enterprise Value/EBITDA 7": "72.60"}, "7/31/2013": {"Duration": "7/31/2013", "Market Cap (intraday) 5": "5.91B", "Enterprise Value 3": "5.66B", "Trailing P/E ": "16.17", "Forward P/E 1": "13.04", "PEG Ratio (5 yr expected) 1": "N/A", "Price/Sales (ttm)": "1.46", "Price/Book (mrq)": "2.52", "Enterprise Value/Revenue 3": "6.42", "Enterprise Value/EBITDA 7": "43.17"}, "4/30/2013": {"Duration": "4/30/2013", "Market Cap (intraday) 5": "5.99B", "Enterprise Value 3": "5.69B", "Trailing P/E ": "15.80", "Forward P/E 1": "12.14", "PEG Ratio (5 yr expected) 1": "N/A", "Price/Sales (ttm)": "1.43", "Price/Book (mrq)": "2.57", "Enterprise Value/Revenue 3": "5.73", "Enterprise Value/EBITDA 7": "33.79"}, "1/31/2013": {"Duration": "1/31/2013", "Market Cap (intraday) 5": "5.07B", "Enterprise Value 3": "4.90B", "Trailing P/E ": "15.41", "Forward P/E 1": "13.04", "PEG Ratio (5 yr expected) 1": "N/A", "Price/Sales (ttm)": "1.38", "Price/Book (mrq)": "2.36", "Enterprise Value/Revenue 3": "3.24", "Enterprise Value/EBITDA 7": "16.52"}, "10/31/2012": {"Duration": "10/31/2012", "Market Cap (intraday) 5": "4.19B", "Enterprise Value 3": "4.03B", "Trailing P/E ": "12.75", "Forward P/E 1": "10.87", "PEG Ratio (5 yr expected) 1": "N/A", "Price/Sales (ttm)": "1.14", "Price/Book (mrq)": "1.95", "Enterprise Value/Revenue 3": "5.62", "Enterprise Value/EBITDA 7": "52.84"}, "7/31/2012": {"Duration": "7/31/2012", "Market Cap (intraday) 5": "3.55B", "Enterprise Value 3": "3.32B", "Trailing P/E ": "11.23", "Forward P/E 1": "9.20", "PEG Ratio (5 yr expected) 1": "N/A", "Price/Sales (ttm)": "0.99", "Price/Book (mrq)": "1.68", "Enterprise Value/Revenue 3": "3.88", "Enterprise Value/EBITDA 7": "24.65"}, "4/30/2012": {"Duration": "4/30/2012", "Market Cap (intraday) 5": "4.16B", "Enterprise Value 3": "3.77B", "Trailing P/E ": "12.77", "Forward P/E 1": "N/A", "PEG Ratio (5 yr expected) 1": "N/A", "Price/Sales (ttm)": "1.13", "Price/Book (mrq)": "1.84", "Enterprise Value/Revenue 3": "4.18", "Enterprise Value/EBITDA 7": "24.69"}, "1/31/2012": {"Duration": "1/31/2012", "Market Cap (intraday) 5": "3.96B", "Enterprise Value 3": "3.47B", "Trailing P/E ": "12.22", "Forward P/E 1": "N/A", "PEG Ratio (5 yr expected) 1": "N/A", "Price/Sales (ttm)": "1.06", "Price/Book (mrq)": "1.74", "Enterprise Value/Revenue 3": "2.57", "Enterprise Value/EBITDA 7": "12.91"}, "10/31/2011": {"Duration": "10/31/2011", "Market Cap (intraday) 5": "3.75B", "Enterprise Value 3": "3.43B", "Trailing P/E ": "13.69", "Forward P/E 1": "N/A", "PEG Ratio (5 yr expected) 1": "N/A", "Price/Sales (ttm)": "1.02", "Price/Book (mrq)": "1.74", "Enterprise Value/Revenue 3": "4.83", "Enterprise Value/EBITDA 7": "52.94"}, "7/31/2011": {"Duration": "7/31/2011", "Market Cap (intraday) 5": "3.72B", "Enterprise Value 3": "3.35B", "Trailing P/E ": "16.41", "Forward P/E 1": "N/A", "PEG Ratio (5 yr expected) 1": "N/A", "Price/Sales (ttm)": "1.05", "Price/Book (mrq)": "1.82", "Enterprise Value/Revenue 3": "4.21", "Enterprise Value/EBITDA 7": "26.88"}, "4/30/2011": {"Duration": "4/30/2011", "Market Cap (intraday) 5": "3.78B", "Enterprise Value 3": "3.51B", "Trailing P/E ": "18.86", "Forward P/E 1": "N/A", "PEG Ratio (5 yr expected) 1": "N/A", "Price/Sales (ttm)": "1.10", "Price/Book (mrq)": "1.96", "Enterprise Value/Revenue 3": "3.96", "Enterprise Value/EBITDA 7": "24.85"}, "1/31/2011": {"Duration": "1/31/2011", "Market Cap (intraday) 5": "3.66B", "Enterprise Value 3": "3.39B", "Trailing P/E ": "18.31", "Forward P/E 1": "N/A", "PEG Ratio (5 yr expected) 1": "N/A", "Price/Sales (ttm)": "1.07", "Price/Book (mrq)": "1.89", "Enterprise Value/Revenue 3": "2.67", "Enterprise Value/EBITDA 7": "14.30"}, "10/31/2010": {"Duration": "10/31/2010", "Market Cap (intraday) 5": "3.01B", "Enterprise Value 3": "2.78B", "Trailing P/E ": "14.97", "Forward P/E 1": "13.26", "PEG Ratio (5 yr expected) 1": "1.47", "Price/Sales (ttm)": "0.90", "Price/Book (mrq)": "1.60", "Enterprise Value/Revenue 3": "4.34", "Enterprise Value/EBITDA 7": "65.33"}, "7/31/2010": {"Duration": "7/31/2010", "Market Cap (intraday) 5": "2.55B", "Enterprise Value 3": "2.38B", "Trailing P/E ": "13.53", "Forward P/E 1": "N/A", "PEG Ratio (5 yr expected) 1": "N/A", "Price/Sales (ttm)": "0.77", "Price/Book (mrq)": "1.38", "Enterprise Value/Revenue 3": "3.29", "Enterprise Value/EBITDA 7": "27.43"}, "4/30/2010": {"Duration": "4/30/2010", "Market Cap (intraday) 5": "2.74B", "Enterprise Value 3": "2.57B", "Trailing P/E ": "14.55", "Forward P/E 1": "N/A", "PEG Ratio (5 yr expected) 1": "N/A", "Price/Sales (ttm)": "0.82", "Price/Book (mrq)": "1.48", "Enterprise Value/Revenue 3": "3.17", "Enterprise Value/EBITDA 7": "23.34"}, "1/31/2010": {"Duration": "1/31/2010", "Market Cap (intraday) 5": "2.33B", "Enterprise Value 3": "2.49B", "Trailing P/E ": "N/A", "Forward P/E 1": "N/A", "PEG Ratio (5 yr expected) 1": "N/A", "Price/Sales (ttm)": "0.73", "Price/Book (mrq)": "1.39", "Enterprise Value/Revenue 3": "2.07", "Enterprise Value/EBITDA 7": "11.95"}, "10/31/2009": {"Duration": "10/31/2009", "Market Cap (intraday) 5": "2.15B", "Enterprise Value 3": "2.35B", "Trailing P/E ": "N/A", "Forward P/E 1": "N/A", "PEG Ratio (5 yr expected) 1": "N/A", "Price/Sales (ttm)": "0.67", "Price/Book (mrq)": "1.27", "Enterprise Value/Revenue 3": "3.83", "Enterprise Value/EBITDA 7": "97.12"}, "7/31/2009": {"Duration": "7/31/2009", "Market Cap (intraday) 5": "1.88B", "Enterprise Value 3": "2.08B", "Trailing P/E ": "N/A", "Forward P/E 1": "N/A", "PEG Ratio (5 yr expected) 1": "N/A", "Price/Sales (ttm)": "0.58", "Price/Book (mrq)": "1.11", "Enterprise Value/Revenue 3": "2.93", "Enterprise Value/EBITDA 7": "28.15"}, "4/30/2009": {"Duration": "4/30/2009", "Market Cap (intraday) 5": "1.35B", "Enterprise Value 3": "1.64B", "Trailing P/E ": "N/A", "Forward P/E 1": "5.57", "PEG Ratio (5 yr expected) 1": "0.40", "Price/Sales (ttm)": "0.41", "Price/Book (mrq)": "0.83", "Enterprise Value/Revenue 3": "2.16", "Enterprise Value/EBITDA 7": "20.91"}, "1/31/2009": {"Duration": "1/31/2009", "Market Cap (intraday) 5": "600.34M", "Enterprise Value 3": "1.18B", "Trailing P/E ": "3.57", "Forward P/E 1": "5.49", "PEG Ratio (5 yr expected) 1": "N/A", "Price/Sales (ttm)": "0.17", "Price/Book (mrq)": "0.28", "Enterprise Value/Revenue 3": "1.05", "Enterprise Value/EBITDA 7": "-3.54"}, "10/31/2008": {"Duration": "10/31/2008", "Market Cap (intraday) 5": "868.10M", "Enterprise Value 3": "1.45B", "Trailing P/E ": "5.16", "Forward P/E 1": "N/A", "PEG Ratio (5 yr expected) 1": "N/A", "Price/Sales (ttm)": "0.24", "Price/Book (mrq)": "0.41", "Enterprise Value/Revenue 3": "2.30", "Enterprise Value/EBITDA 7": "97.04"}, "7/31/2008": {"Duration": "7/31/2008", "Market Cap (intraday) 5": "1.74B", "Enterprise Value 3": "2.18B", "Trailing P/E ": "8.29", "Forward P/E 1": "N/A", "PEG Ratio (5 yr expected) 1": "N/A", "Price/Sales (ttm)": "0.00", "Price/Book (mrq)": "0.01", "Enterprise Value/Revenue 3": "2.83", "Enterprise Value/EBITDA 7": "34.57"}, "4/30/2008": {"Duration": "4/30/2008", "Market Cap (intraday) 5": "2.36B", "Enterprise Value 3": "2.74B", "Trailing P/E ": "11.09", "Forward P/E 1": "N/A", "PEG Ratio (5 yr expected) 1": "N/A", "Price/Sales (ttm)": "0.01", "Price/Book (mrq)": "0.01", "Enterprise Value/Revenue 3": "3.33", "Enterprise Value/EBITDA 7": "3.22"}, "1/31/2008": {"Duration": "1/31/2008", "Market Cap (intraday) 5": "23.62M", "Enterprise Value 3": "398.22M", "Trailing P/E ": "10.98", "Forward P/E 1": "N/A", "PEG Ratio (5 yr expected) 1": "N/A", "Price/Sales (ttm)": "0.65", "Price/Book (mrq)": "0.01", "Enterprise Value/Revenue 3": "0.29", "Enterprise Value/EBITDA 7": "1.52"}, "10/31/2007": {"Duration": "10/31/2007", "Market Cap (intraday) 5": "32.32M", "Enterprise Value 3": "557.12M", "Trailing P/E ": "11.77", "Forward P/E 1": "N/A", "PEG Ratio (5 yr expected) 1": "N/A", "Price/Sales (ttm)": "0.75", "Price/Book (mrq)": "0.02", "Enterprise Value/Revenue 3": "0.82", "Enterprise Value/EBITDA 7": "16.29"}, "7/31/2007": {"Duration": "7/31/2007", "Market Cap (intraday) 5": "34.00M", "Enterprise Value 3": "388.80M", "Trailing P/E ": "12.38", "Forward P/E 1": "N/A", "PEG Ratio (5 yr expected) 1": "N/A", "Price/Sales (ttm)": "40.69", "Price/Book (mrq)": "0.02", "Enterprise Value/Revenue 3": "0.49", "Enterprise Value/EBITDA 7": "4.33"}, "4/30/2007": {"Duration": "4/30/2007", "Market Cap (intraday) 5": "42.44M", "Enterprise Value 3": "328.64M", "Trailing P/E ": "17.38", "Forward P/E 1": "N/A", "PEG Ratio (5 yr expected) 1": "N/A", "Price/Sales (ttm)": "3.66", "Price/Book (mrq)": "0.02", "Enterprise Value/Revenue 3": "0.40", "Enterprise Value/EBITDA 7": "4.15"}, "1/31/2007": {"Duration": "1/31/2007", "Market Cap (intraday) 5": "40.99M", "Enterprise Value 3": "273.61M", "Trailing P/E ": "14.85", "Forward P/E 1": "N/A", "PEG Ratio (5 yr expected) 1": "N/A", "Price/Sales (ttm)": "1.12", "Price/Book (mrq)": "0.02", "Enterprise Value/Revenue 3": "0.18", "Enterprise Value/EBITDA 7": "0.83"}, "10/31/2006": {"Duration": "10/31/2006", "Market Cap (intraday) 5": "39.59M", "Enterprise Value 3": "503.35M", "Trailing P/E ": "17.15", "Forward P/E 1": "N/A", "PEG Ratio (5 yr expected) 1": "N/A", "Price/Sales (ttm)": "1.12", "Price/Book (mrq)": "0.03", "Enterprise Value/Revenue 3": "0.80", "Enterprise Value/EBITDA 7": "13.05"}, "7/31/2006": {"Duration": "7/31/2006", "Market Cap (intraday) 5": "32.91M", "Enterprise Value 3": "262.84M", "Trailing P/E ": "14.12", "Forward P/E 1": "N/A", "PEG Ratio (5 yr expected) 1": "N/A", "Price/Sales (ttm)": "5.88", "Price/Book (mrq)": "0.02", "Enterprise Value/Revenue 3": "0.36", "Enterprise Value/EBITDA 7": "3.33"}, "4/30/2006": {"Duration": "4/30/2006", "Market Cap (intraday) 5": "33.52M", "Enterprise Value 3": "209.07M", "Trailing P/E ": "14.42", "Forward P/E 1": "N/A", "PEG Ratio (5 yr expected) 1": "N/A", "Price/Sales (ttm)": "1.07", "Price/Book (mrq)": "0.02", "Enterprise Value/Revenue 3": "0.27", "Enterprise Value/EBITDA 7": "2.56"}, "1/31/2006": {"Duration": "1/31/2006", "Market Cap (intraday) 5": "31.65M", "Enterprise Value 3": "207.20M", "Trailing P/E ": "13.63", "Forward P/E 1": "N/A", "PEG Ratio (5 yr expected) 1": "N/A", "Price/Sales (ttm)": "1.01", "Price/Book (mrq)": "0.02", "Enterprise Value/Revenue 3": "0.16", "Enterprise Value/EBITDA 7": "0.71"}, "10/31/2005": {"Duration": "10/31/2005", "Market Cap (intraday) 5": "31.42M", "Enterprise Value 3": "416.60M", "Trailing P/E ": "11.90", "Forward P/E 1": "N/A", "PEG Ratio (5 yr expected) 1": "N/A", "Price/Sales (ttm)": "1.07", "Price/Book (mrq)": "0.02", "Enterprise Value/Revenue 3": "0.76", "Enterprise Value/EBITDA 7": "14.70"}, "7/31/2005": {"Duration": "7/31/2005", "Market Cap (intraday) 5": "35.84M", "Enterprise Value 3": "180.55M", "Trailing P/E ": "13.52", "Forward P/E 1": "N/A", "PEG Ratio (5 yr expected) 1": "N/A", "Price/Sales (ttm)": "1.15", "Price/Book (mrq)": "0.02", "Enterprise Value/Revenue 3": "0.29", "Enterprise Value/EBITDA 7": "2.87"}, "4/30/2005": {"Duration": "4/30/2005", "Market Cap (intraday) 5": "34.08M", "Enterprise Value 3": "191.30M", "Trailing P/E ": "12.87", "Forward P/E 1": "N/A", "PEG Ratio (5 yr expected) 1": "N/A", "Price/Sales (ttm)": "1.12", "Price/Book (mrq)": "0.02", "Enterprise Value/Revenue 3": "0.27", "Enterprise Value/EBITDA 7": "2.53"}, "1/31/2005": {"Duration": "1/31/2005", "Market Cap (intraday) 5": "36.93M", "Enterprise Value 3": "194.16M", "Trailing P/E ": "13.95", "Forward P/E 1": "N/A", "PEG Ratio (5 yr expected) 1": "N/A", "Price/Sales (ttm)": "1.22", "Price/Book (mrq)": "0.03", "Enterprise Value/Revenue 3": "0.15", "Enterprise Value/EBITDA 7": "0.50"}, "10/31/2004": {"Duration": "10/31/2004", "Market Cap (intraday) 5": "33.64M", "Enterprise Value 3": "270.79M", "Trailing P/E ": "350.71", "Forward P/E 1": "N/A", "PEG Ratio (5 yr expected) 1": "N/A", "Price/Sales (ttm)": "10.90", "Price/Book (mrq)": "0.03", "Enterprise Value/Revenue 3": "0.50", "Enterprise Value/EBITDA 7": "6.89"}, "7/31/2004": {"Duration": "7/31/2004", "Market Cap (intraday) 5": "35.14M", "Enterprise Value 3": "153.36M", "Trailing P/E ": "382.38", "Forward P/E 1": "N/A", "PEG Ratio (5 yr expected) 1": "N/A", "Price/Sales (ttm)": "11.69", "Price/Book (mrq)": "0.03", "Enterprise Value/Revenue 3": "0.26", "Enterprise Value/EBITDA 7": "2.15"}, "4/30/2004": {"Duration": "4/30/2004", "Market Cap (intraday) 5": "36.77M", "Enterprise Value 3": "154.99M", "Trailing P/E ": "400.28", "Forward P/E 1": "N/A", "PEG Ratio (5 yr expected) 1": "N/A", "Price/Sales (ttm)": "12.24", "Price/Book (mrq)": "0.03", "Enterprise Value/Revenue 3": "0.25", "Enterprise Value/EBITDA 7": "2.21"}, "1/31/2004": {"Duration": "1/31/2004", "Market Cap (intraday) 5": "3.01B", "Enterprise Value 3": "3.32B", "Trailing P/E ": "14.09", "Forward P/E 1": "N/A", "PEG Ratio (5 yr expected) 1": "N/A", "Price/Sales (ttm)": "1.11", "Price/Book (mrq)": "2.56", "Enterprise Value/Revenue 3": "2.50", "Enterprise Value/EBITDA 7": "8.30"}, "10/31/2003": {"Duration": "10/31/2003", "Market Cap (intraday) 5": "30.42M", "Enterprise Value 3": "342.36M", "Trailing P/E ": "14.26", "Forward P/E 1": "N/A", "PEG Ratio (5 yr expected) 1": "N/A", "Price/Sales (ttm)": "1.13", "Price/Book (mrq)": "0.03", "Enterprise Value/Revenue 3": "0.70", "Enterprise Value/EBITDA 7": "11.03"}, "7/31/2003": {"Duration": "7/31/2003", "Market Cap (intraday) 5": "27.21M", "Enterprise Value 3": "285.46M", "Trailing P/E ": "13.12", "Forward P/E 1": "N/A", "PEG Ratio (5 yr expected) 1": "N/A", "Price/Sales (ttm)": "1.04", "Price/Book (mrq)": "0.02", "Enterprise Value/Revenue 3": "0.55", "Enterprise Value/EBITDA 7": "4.90"}, "4/30/2003": {"Duration": "4/30/2003", "Market Cap (intraday) 5": "22.99M", "Enterprise Value 3": "263.75M", "Trailing P/E ": "10.98", "Forward P/E 1": "N/A", "PEG Ratio (5 yr expected) 1": "N/A", "Price/Sales (ttm)": "0.86", "Price/Book (mrq)": "0.02", "Enterprise Value/Revenue 3": "0.48", "Enterprise Value/EBITDA 7": "4.52"}, "1/31/2003": {"Duration": "1/31/2003", "Market Cap (intraday) 5": "2.11B", "Enterprise Value 3": "2.36B", "Trailing P/E ": "9.98", "Forward P/E 1": "N/A", "PEG Ratio (5 yr expected) 1": "N/A", "Price/Sales (ttm)": "0.80", "Price/Book (mrq)": "1.84", "Enterprise Value/Revenue 3": "2.06", "Enterprise Value/EBITDA 7": "8.54"}, "10/31/2002": {"Duration": "10/31/2002", "Market Cap (intraday) 5": "2.14B", "Enterprise Value 3": "2.55B", "Trailing P/E ": "14.06", "Forward P/E 1": "N/A", "PEG Ratio (5 yr expected) 1": "N/A", "Price/Sales (ttm)": "1.07", "Price/Book (mrq)": "2.08", "Enterprise Value/Revenue 3": "5.85", "Enterprise Value/EBITDA 7": "101.22"}, "7/31/2002": {"Duration": "7/31/2002", "Market Cap (intraday) 5": "1.92B", "Enterprise Value 3": "2.23B", "Trailing P/E ": "12.24", "Forward P/E 1": "N/A", "PEG Ratio (5 yr expected) 1": "N/A", "Price/Sales (ttm)": "1.17", "Price/Book (mrq)": "1.89", "Enterprise Value/Revenue 3": "4.36", "Enterprise Value/EBITDA 7": "38.29"}, "4/30/2002": {"Duration": "4/30/2002", "Market Cap (intraday) 5": "2.60B", "Enterprise Value 3": "2.87B", "Trailing P/E ": "16.84", "Forward P/E 1": "N/A", "PEG Ratio (5 yr expected) 1": "N/A", "Price/Sales (ttm)": "1.34", "Price/Book (mrq)": "2.63", "Enterprise Value/Revenue 3": "5.55", "Enterprise Value/EBITDA 7": "52.10"}, "1/31/2002": {"Duration": "1/31/2002", "Market Cap (intraday) 5": "2.25B", "Enterprise Value 3": "2.54B", "Trailing P/E ": "14.85", "Forward P/E 1": "N/A", "PEG Ratio (5 yr expected) 1": "N/A", "Price/Sales (ttm)": "1.12", "Price/Book (mrq)": "2.35", "Enterprise Value/Revenue 3": "2.76", "Enterprise Value/EBITDA 7": "11.80"}, "10/31/2001": {"Duration": "10/31/2001", "Market Cap (intraday) 5": "1.36B", "Enterprise Value 3": "1.80B", "Trailing P/E ": "9.32", "Forward P/E 1": "N/A", "PEG Ratio (5 yr expected) 1": "N/A", "Price/Sales (ttm)": "0.73", "Price/Book (mrq)": "1.54", "Enterprise Value/Revenue 3": "4.59", "Enterprise Value/EBITDA 7": "80.50"}, "7/31/2001": {"Duration": "7/31/2001", "Market Cap (intraday) 5": "1.76B", "Enterprise Value 3": "2.15B", "Trailing P/E ": "11.43", "Forward P/E 1": "N/A", "PEG Ratio (5 yr expected) 1": "N/A", "Price/Sales (ttm)": "0.71", "Price/Book (mrq)": "2.04", "Enterprise Value/Revenue 3": "4.75", "Enterprise Value/EBITDA 7": "42.85"}, "4/30/2001": {"Duration": "4/30/2001", "Market Cap (intraday) 5": "1.72B", "Enterprise Value 3": "2.07B", "Trailing P/E ": "10.74", "Forward P/E 1": "N/A", "PEG Ratio (5 yr expected) 1": "N/A", "Price/Sales (ttm)": "0.83", "Price/Book (mrq)": "2.02", "Enterprise Value/Revenue 3": "4.63", "Enterprise Value/EBITDA 7": "47.80"}, "1/31/2001": {"Duration": "1/31/2001", "Market Cap (intraday) 5": "1.57B", "Enterprise Value 3": "1.90B", "Trailing P/E ": "9.79", "Forward P/E 1": "N/A", "PEG Ratio (5 yr expected) 1": "N/A", "Price/Sales (ttm)": "0.78", "Price/Book (mrq)": "1.88", "Enterprise Value/Revenue 3": "2.15", "Enterprise Value/EBITDA 7": "9.58"}, "10/31/2000": {"Duration": "10/31/2000", "Market Cap (intraday) 5": "1.36B", "Enterprise Value 3": "1.79B", "Trailing P/E ": "9.38", "Forward P/E 1": "N/A", "PEG Ratio (5 yr expected) 1": "N/A", "Price/Sales (ttm)": "0.72", "Price/Book (mrq)": "1.80", "Enterprise Value/Revenue 3": "4.70", "Enterprise Value/EBITDA 7": "74.54"}, "7/31/2000": {"Duration": "7/31/2000", "Market Cap (intraday) 5": "1.34B", "Enterprise Value 3": "1.53B", "Trailing P/E ": "9.26", "Forward P/E 1": "N/A", "PEG Ratio (5 yr expected) 1": "N/A", "Price/Sales (ttm)": "0.72", "Price/Book (mrq)": "1.78", "Enterprise Value/Revenue 3": "3.76", "Enterprise Value/EBITDA 7": "31.98"}, "4/30/2000": {"Duration": "4/30/2000", "Market Cap (intraday) 5": "1.47B", "Enterprise Value 3": "1.62B", "Trailing P/E ": "10.22", "Forward P/E 1": "N/A", "PEG Ratio (5 yr expected) 1": "N/A", "Price/Sales (ttm)": "0.81", "Price/Book (mrq)": "2.00", "Enterprise Value/Revenue 3": "4.10", "Enterprise Value/EBITDA 7": "40.98"}, "1/31/2000": {"Duration": "1/31/2000", "Market Cap (intraday) 5": "1.51B", "Enterprise Value 3": "1.66B", "Trailing P/E ": "10.52", "Forward P/E 1": "N/A", "PEG Ratio (5 yr expected) 1": "N/A", "Price/Sales (ttm)": "0.83", "Price/Book (mrq)": "2.06", "Enterprise Value/Revenue 3": "2.17", "Enterprise Value/EBITDA 7": "9.36"}, "10/31/1999": {"Duration": "10/31/1999", "Market Cap (intraday) 5": "1.42B", "Enterprise Value 3": "1.62B", "Trailing P/E ": "117.05", "Forward P/E 1": "N/A", "PEG Ratio (5 yr expected) 1": "N/A", "Price/Sales (ttm)": "0.83", "Price/Book (mrq)": "2.20", "Enterprise Value/Revenue 3": "4.87", "Enterprise Value/EBITDA 7": "65.11"}, "7/31/1999": {"Duration": "7/31/1999", "Market Cap (intraday) 5": "1.40B", "Enterprise Value 3": "1.56B", "Trailing P/E ": "125.75", "Forward P/E 1": "N/A", "PEG Ratio (5 yr expected) 1": "N/A", "Price/Sales (ttm)": "0.84", "Price/Book (mrq)": "2.18", "Enterprise Value/Revenue 3": "4.35", "Enterprise Value/EBITDA 7": "42.54"}, "4/30/1999": {"Duration": "4/30/1999", "Market Cap (intraday) 5": "1.61B", "Enterprise Value 3": "1.77B", "Trailing P/E ": "144.61", "Forward P/E 1": "N/A", "PEG Ratio (5 yr expected) 1": "N/A", "Price/Sales (ttm)": "0.97", "Price/Book (mrq)": "2.51", "Enterprise Value/Revenue 3": "4.93", "Enterprise Value/EBITDA 7": "60.68"}, "1/31/1999": {"Duration": "1/31/1999", "Market Cap (intraday) 5": "1.06B", "Enterprise Value 3": "1.29B", "Trailing P/E ": "N/A", "Forward P/E 1": "N/A", "PEG Ratio (5 yr expected) 1": "N/A", "Price/Sales (ttm)": "0.67", "Price/Book (mrq)": "1.85", "Enterprise Value/Revenue 3": "2.67", "Enterprise Value/EBITDA 7": "-1.32"}, "10/31/1998": {"Duration": "10/31/1998", "Market Cap (intraday) 5": "901.13M", "Enterprise Value 3": "1.13B", "Trailing P/E ": "N/A", "Forward P/E 1": "N/A", "PEG Ratio (5 yr expected) 1": "N/A", "Price/Sales (ttm)": "0.58", "Price/Book (mrq)": "1.57", "Enterprise Value/Revenue 3": "2.29", "Enterprise Value/EBITDA 7": "2.29"}, "7/31/1998": {"Duration": "7/31/1998", "Market Cap (intraday) 5": "1.12B", "Enterprise Value 3": "1.35B", "Trailing P/E ": "N/A", "Forward P/E 1": "N/A", "PEG Ratio (5 yr expected) 1": "N/A", "Price/Sales (ttm)": "0.72", "Price/Book (mrq)": "1.95", "Enterprise Value/Revenue 3": "4.15", "Enterprise Value/EBITDA 7": "53.38"}, "4/30/1998": {"Duration": "4/30/1998", "Market Cap (intraday) 5": "1.19B", "Enterprise Value 3": "1.44B", "Trailing P/E ": "1.12k", "Forward P/E 1": "N/A", "PEG Ratio (5 yr expected) 1": "N/A", "Price/Sales (ttm)": "0.77", "Price/Book (mrq)": "2.13", "Enterprise Value/Revenue 3": "4.33", "Enterprise Value/EBITDA 7": "4.33"}, "1/31/1998": {"Duration": "1/31/1998", "Market Cap (intraday) 5": "565.09M", "Enterprise Value 3": "915.09M", "Trailing P/E ": "11.05", "Forward P/E 1": "N/A", "PEG Ratio (5 yr expected) 1": "N/A", "Price/Sales (ttm)": "0.40", "Price/Book (mrq)": "1.18", "Enterprise Value/Revenue 3": "2.08", "Enterprise Value/EBITDA 7": "-0.99"}, "10/31/1997": {"Duration": "10/31/1997", "Market Cap (intraday) 5": "498.47M", "Enterprise Value 3": "848.47M", "Trailing P/E ": "9.75", "Forward P/E 1": "N/A", "PEG Ratio (5 yr expected) 1": "N/A", "Price/Sales (ttm)": "0.35", "Price/Book (mrq)": "1.04", "Enterprise Value/Revenue 3": "1.82", "Enterprise Value/EBITDA 7": "1.82"}, "7/31/1997": {"Duration": "7/31/1997", "Market Cap (intraday) 5": "537.35M", "Enterprise Value 3": "887.35M", "Trailing P/E ": "7.73", "Forward P/E 1": "N/A", "PEG Ratio (5 yr expected) 1": "N/A", "Price/Sales (ttm)": "0.40", "Price/Book (mrq)": "1.12", "Enterprise Value/Revenue 3": "2.91", "Enterprise Value/EBITDA 7": "42.87"}, "4/30/1997": {"Duration": "4/30/1997", "Market Cap (intraday) 5": "558.70M", "Enterprise Value 3": "1.00B", "Trailing P/E ": "15.33", "Forward P/E 1": "N/A", "PEG Ratio (5 yr expected) 1": "N/A", "Price/Sales (ttm)": "0.40", "Price/Book (mrq)": "1.32", "Enterprise Value/Revenue 3": "3.33", "Enterprise Value/EBITDA 7": "3.33"}, "1/31/1997": {"Duration": "1/31/1997", "Market Cap (intraday) 5": "128.41M", "Enterprise Value 3": "572.11M", "Trailing P/E ": "109.53", "Forward P/E 1": "N/A", "PEG Ratio (5 yr expected) 1": "N/A", "Price/Sales (ttm)": "0.09", "Price/Book (mrq)": "0.30", "Enterprise Value/Revenue 3": "1.67", "Enterprise Value/EBITDA 7": "-0.58"}, "10/31/1996": {"Duration": "10/31/1996", "Market Cap (intraday) 5": "110.01M", "Enterprise Value 3": "632.71M", "Trailing P/E ": "1.25k", "Forward P/E 1": "N/A", "PEG Ratio (5 yr expected) 1": "N/A", "Price/Sales (ttm)": "0.08", "Price/Book (mrq)": "0.31", "Enterprise Value/Revenue 3": "1.72", "Enterprise Value/EBITDA 7": "1.72"}, "7/31/1996": {"Duration": "7/31/1996", "Market Cap (intraday) 5": "97.78M", "Enterprise Value 3": "620.48M", "Trailing P/E ": "N/A", "Forward P/E 1": "N/A", "PEG Ratio (5 yr expected) 1": "N/A", "Price/Sales (ttm)": "0.07", "Price/Book (mrq)": "0.28", "Enterprise Value/Revenue 3": "1.77", "Enterprise Value/EBITDA 7": "1.77"}, "4/30/1996": {"Duration": "4/30/1996", "Market Cap (intraday) 5": "146.68M", "Enterprise Value 3": "669.38M", "Trailing P/E ": "N/A", "Forward P/E 1": "N/A", "PEG Ratio (5 yr expected) 1": "N/A", "Price/Sales (ttm)": "0.11", "Price/Book (mrq)": "0.41", "Enterprise Value/Revenue 3": "1.97", "Enterprise Value/EBITDA 7": "1.97"}, "1/31/1996": {"Duration": "1/31/1996", "Market Cap (intraday) 5": "61.11M", "Enterprise Value 3": "583.81M", "Trailing P/E ": "N/A", "Forward P/E 1": "N/A", "PEG Ratio (5 yr expected) 1": "N/A", "Price/Sales (ttm)": "0.05", "Price/Book (mrq)": "0.17", "Enterprise Value/Revenue 3": "1.99", "Enterprise Value/EBITDA 7": "-0.61"}, "10/31/1995": {"Duration": "10/31/1995", "Market Cap (intraday) 5": "61.11M", "Enterprise Value 3": "646.31M", "Trailing P/E ": "N/A", "Forward P/E 1": "N/A", "PEG Ratio (5 yr expected) 1": "N/A", "Price/Sales (ttm)": "0.04", "Price/Book (mrq)": "0.18", "Enterprise Value/Revenue 3": "1.83", "Enterprise Value/EBITDA 7": "1.83"}, "7/31/1995": {"Duration": "7/31/1995", "Market Cap (intraday) 5": "67.27M", "Enterprise Value 3": "652.47M", "Trailing P/E ": "N/A", "Forward P/E 1": "N/A", "PEG Ratio (5 yr expected) 1": "N/A", "Price/Sales (ttm)": "0.05", "Price/Book (mrq)": "0.20", "Enterprise Value/Revenue 3": "1.83", "Enterprise Value/EBITDA 7": "1.83"}, "4/30/1995": {"Duration": "4/30/1995", "Market Cap (intraday) 5": "76.36M", "Enterprise Value 3": "661.56M", "Trailing P/E ": "N/A", "Forward P/E 1": "N/A", "PEG Ratio (5 yr expected) 1": "N/A", "Price/Sales (ttm)": "0.05", "Price/Book (mrq)": "0.23", "Enterprise Value/Revenue 3": "1.83", "Enterprise Value/EBITDA 7": "1.83"}, "1/31/1995": {"Duration": "1/31/1995", "Market Cap (intraday) 5": "97.78M", "Enterprise Value 3": "682.98M", "Trailing P/E ": "N/A", "Forward P/E 1": "N/A", "PEG Ratio (5 yr expected) 1": "N/A", "Price/Sales (ttm)": "0.07", "Price/Book (mrq)": "0.29", "Enterprise Value/Revenue 3": "1.87", "Enterprise Value/EBITDA 7": "-0.66"}, "10/31/1994": {"Duration": "10/31/1994", "Market Cap (intraday) 5": "103.94M", "Enterprise Value 3": "767.34M", "Trailing P/E ": "N/A", "Forward P/E 1": "N/A", "PEG Ratio (5 yr expected) 1": "N/A", "Price/Sales (ttm)": "0.07", "Price/Book (mrq)": "0.33", "Enterprise Value/Revenue 3": "2.10", "Enterprise Value/EBITDA 7": "2.10"}}}}, {"TIF": {"fin": {}, "bs": {}, "cf": {}}}, {"DGSE": {"fin": {}, "bs": {}, "cf": {}}}]