[{"ACCO": {"quote": {"05/11/2021": {"value": "9.36", "Market Cap": "893.804M", "Beta (5Y Monthly)": "2.22", "PE Ratio (TTM)": "26.37", "EPS (TTM)": "0.35", "Earnings Date": "Jul 26, 2021 - Jul 30, 2021", "Forward Dividend & Yield": "0.26 (2.85%)", "Ex-Dividend Date": "May 26, 2021", "1y Target Est": "12.40"}}, "fin": {"TTM": {"Duration": "TTM", "Total Revenue": "1,681,600", "Cost of Revenue": "1,185,900", "Gross Profit": "495,700", "Operating Expense": "380,600", "Operating Income": "115,100", "Net Non Operating Interest Income Expense": "-42,600", "Other Income Expense": "-31,300", "Pretax Income": "41,200", "Tax Provision": "7,600", "Net Income Common Stockholders": "33,600", "Diluted NI Available to Com Stockholders": "33,600", "Basic EPS": "-", "Diluted EPS": "-", "Basic Average Shares": "-", "Diluted Average Shares": "-", "Total Operating Income as Reported": "93,900", "Total Expenses": "1,566,500", "Net Income from Continuing & Discontinued Operation": "33,600", "Normalized Income": "50,889", "Interest Income": "800", "Interest Expense": "43,400", "Net Interest Income": "-42,600", "EBIT": "84,600", "EBITDA": "159,900", "Reconciled Cost of Revenue": "1,147,000", "Reconciled Depreciation": "75,300", "Net Income from Continuing Operation Net Minority Interest": "33,600", "Total Unusual Items Excluding Goodwill": "-21,200", "Total Unusual Items": "-21,200", "Normalized EBITDA": "181,100", "Tax Rate for Calcs": "0", "Tax Effect of Unusual Items": "-3,911"}, "12/31/2020": {"Duration": "12/31/2020", "Total Revenue": "1,655,200", "Cost of Revenue": "1,162,800", "Gross Profit": "492,400", "Operating Expense": "369,100", "Operating Income": "123,300", "Net Non Operating Interest Income Expense": "-37,800", "Other Income Expense": "-6,900", "Pretax Income": "78,600", "Tax Provision": "16,600", "Net Income Common Stockholders": "62,000", "Diluted NI Available to Com Stockholders": "62,000", "Basic EPS": "0.65", "Diluted EPS": "0.65", "Basic Average Shares": "94,900", "Diluted Average Shares": "96,100", "Total Operating Income as Reported": "112,400", "Total Expenses": "1,531,900", "Net Income from Continuing & Discontinued Operation": "62,000", "Normalized Income": "70,600", "Interest Income": "1,000", "Interest Expense": "38,800", "Net Interest Income": "-37,800", "EBIT": "117,400", "EBITDA": "-", "Reconciled Cost of Revenue": "1,124,900", "Reconciled Depreciation": "70,700", "Net Income from Continuing Operation Net Minority Interest": "62,000", "Total Unusual Items Excluding Goodwill": "-10,900", "Total Unusual Items": "-10,900", "Normalized EBITDA": "199,000", "Tax Rate for Calcs": "0", "Tax Effect of Unusual Items": "-2,300"}, "12/31/2019": {"Duration": "12/31/2019", "Total Revenue": "1,955,700", "Cost of Revenue": "1,322,200", "Gross Profit": "633,500", "Operating Expense": "425,300", "Operating Income": "208,200", "Net Non Operating Interest Income Expense": "-40,000", "Other Income Expense": "-4,700", "Pretax Income": "163,500", "Tax Provision": "56,700", "Net Income Common Stockholders": "106,800", "Diluted NI Available to Com Stockholders": "106,800", "Basic EPS": "1.07", "Diluted EPS": "1.06", "Basic Average Shares": "99,500", "Diluted Average Shares": "101,000", "Total Operating Income as Reported": "196,200", "Total Expenses": "1,747,500", "Net Income from Continuing & Discontinued Operation": "106,800", "Normalized Income": "114,636", "Interest Income": "3,200", "Interest Expense": "43,200", "Net Interest Income": "-40,000", "EBIT": "206,700", "EBITDA": "-", "Reconciled Cost of Revenue": "1,287,300", "Reconciled Depreciation": "70,300", "Net Income from Continuing Operation Net Minority Interest": "106,800", "Total Unusual Items Excluding Goodwill": "-12,000", "Total Unusual Items": "-12,000", "Normalized EBITDA": "289,000", "Tax Rate for Calcs": "0", "Tax Effect of Unusual Items": "-4,164"}, "12/31/2018": {"Duration": "12/31/2018", "Total Revenue": "1,941,200", "Cost of Revenue": "1,313,400", "Gross Profit": "627,800", "Operating Expense": "429,100", "Operating Income": "198,700", "Net Non Operating Interest Income Expense": "-36,800", "Other Income Expense": "-4,000", "Pretax Income": "157,900", "Tax Provision": "51,200", "Net Income Common Stockholders": "106,700", "Diluted NI Available to Com Stockholders": "106,700", "Basic EPS": "1.02", "Diluted EPS": "1.00", "Basic Average Shares": "104,800", "Diluted Average Shares": "107,000", "Total Operating Income as Reported": "187,000", "Total Expenses": "1,742,500", "Net Income from Continuing & Discontinued Operation": "106,700", "Normalized Income": "114,609", "Interest Income": "4,400", "Interest Expense": "41,200", "Net Interest Income": "-36,800", "EBIT": "199,100", "EBITDA": "-", "Reconciled Cost of Revenue": "1,279,400", "Reconciled Depreciation": "70,700", "Net Income from Continuing Operation Net Minority Interest": "106,700", "Total Unusual Items Excluding Goodwill": "-11,700", "Total Unusual Items": "-11,700", "Normalized EBITDA": "281,500", "Tax Rate for Calcs": "0", "Tax Effect of Unusual Items": "-3,791"}, "12/31/2017": {"Duration": "12/31/2017", "Total Revenue": "1,948,800", "Cost of Revenue": "1,292,400", "Gross Profit": "656,400", "Operating Expense": "441,700", "Operating Income": "214,700", "Net Non Operating Interest Income Expense": "-35,300", "Other Income Expense": "-21,300", "Pretax Income": "158,100", "Tax Provision": "26,400", "Net Income Common Stockholders": "131,700", "Diluted NI Available to Com Stockholders": "131,700", "Basic EPS": "1.22", "Diluted EPS": "1.19", "Basic Average Shares": "108,100", "Diluted Average Shares": "110,900", "Total Operating Income as Reported": "193,000", "Total Expenses": "1,734,100", "Net Income from Continuing & Discontinued Operation": "131,700", "Normalized Income": "149,776", "Interest Income": "5,800", "Interest Expense": "41,100", "Net Interest Income": "-35,300", "EBIT": "199,200", "EBITDA": "-", "Reconciled Cost of Revenue": "1,256,800", "Reconciled Depreciation": "71,200", "Net Income from Continuing Operation Net Minority Interest": "131,700", "Total Unusual Items Excluding Goodwill": "-21,700", "Total Unusual Items": "-21,700", "Normalized EBITDA": "292,100", "Tax Rate for Calcs": "0", "Tax Effect of Unusual Items": "-3,624"}, "12/31/2016": {"Duration": "12/31/2016", "Total Revenue": "1,557,100", "Cost of Revenue": "1,042,000", "Gross Profit": "515,100", "Operating Expense": "342,400", "Operating Income": "172,700", "Net Non Operating Interest Income Expense": "-42,900", "Other Income Expense": "-4,700", "Pretax Income": "125,100", "Tax Provision": "29,600", "Net Income Common Stockholders": "95,500", "Diluted NI Available to Com Stockholders": "95,500", "Basic EPS": "0.89", "Diluted EPS": "0.87", "Basic Average Shares": "107,000", "Diluted Average Shares": "109,200", "Total Operating Income as Reported": "167,300", "Total Expenses": "1,384,400", "Net Income from Continuing & Discontinued Operation": "95,500", "Normalized Income": "99,620", "Interest Income": "6,400", "Interest Expense": "49,300", "Net Interest Income": "-42,900", "EBIT": "174,400", "EBITDA": "-", "Reconciled Cost of Revenue": "1,011,600", "Reconciled Depreciation": "52,000", "Net Income from Continuing Operation Net Minority Interest": "95,500", "Total Unusual Items Excluding Goodwill": "-5,400", "Total Unusual Items": "-5,400", "Normalized EBITDA": "231,800", "Tax Rate for Calcs": "0", "Tax Effect of Unusual Items": "-1,280"}, "12/31/2015": {"Duration": "12/31/2015", "Total Revenue": "1,510,400", "Cost of Revenue": "1,032,000", "Gross Profit": "478,400", "Operating Expense": "315,300", "Operating Income": "163,100", "Net Non Operating Interest Income Expense": "-37,900", "Other Income Expense": "6,200", "Pretax Income": "131,400", "Tax Provision": "45,500", "Net Income Common Stockholders": "85,900", "Diluted NI Available to Com Stockholders": "85,900", "Basic EPS": "0.79", "Diluted EPS": "0.78", "Basic Average Shares": "108,800", "Diluted Average Shares": "110,600", "Total Operating Income as Reported": "163,500", "Total Expenses": "1,347,300", "Net Income from Continuing & Discontinued Operation": "85,900", "Normalized Income": "85,638", "Interest Income": "6,600", "Interest Expense": "44,500", "Net Interest Income": "-37,900", "EBIT": "175,900", "EBITDA": "-", "Reconciled Cost of Revenue": "999,600", "Reconciled Depreciation": "52,000", "Net Income from Continuing Operation Net Minority Interest": "85,900", "Total Unusual Items Excluding Goodwill": "400", "Total Unusual Items": "400", "Normalized EBITDA": "227,500", "Tax Rate for Calcs": "0", "Tax Effect of Unusual Items": "138.4"}, "12/31/2014": {"Duration": "12/31/2014", "Total Revenue": "1,689,200", "Cost of Revenue": "1,159,300", "Gross Profit": "529,900", "Operating Expense": "350,800", "Operating Income": "179,100", "Net Non Operating Interest Income Expense": "-43,900", "Other Income Expense": "1,800", "Pretax Income": "137,000", "Tax Provision": "45,400", "Net Income Common Stockholders": "91,600", "Diluted NI Available to Com Stockholders": "91,600", "Basic EPS": "0.81", "Diluted EPS": "0.79", "Basic Average Shares": "113,700", "Diluted Average Shares": "116,300", "Total Operating Income as Reported": "173,600", "Total Expenses": "1,510,100", "Net Income from Continuing & Discontinued Operation": "91,600", "Normalized Income": "95,280", "Interest Income": "5,600", "Interest Expense": "49,500", "Net Interest Income": "-43,900", "EBIT": "186,500", "EBITDA": "-", "Reconciled Cost of Revenue": "1,124,000", "Reconciled Depreciation": "57,500", "Net Income from Continuing Operation Net Minority Interest": "91,600", "Total Unusual Items Excluding Goodwill": "-5,500", "Total Unusual Items": "-5,500", "Normalized EBITDA": "249,500", "Tax Rate for Calcs": "0", "Tax Effect of Unusual Items": "-1,820"}, "12/31/2013": {"Duration": "12/31/2013", "Total Revenue": "1,765,100", "Cost of Revenue": "1,220,300", "Gross Profit": "544,800", "Operating Expense": "368,900", "Operating Income": "175,900", "Net Non Operating Interest Income Expense": "-54,700", "Other Income Expense": "-29,500", "Pretax Income": "91,700", "Tax Provision": "14,400", "Net Income Common Stockholders": "77,100", "Diluted NI Available to Com Stockholders": "77,100", "Basic EPS": "0.68", "Diluted EPS": "0.67", "Basic Average Shares": "113,500", "Diluted Average Shares": "115,700", "Total Operating Income as Reported": "145,800", "Total Expenses": "1,589,200", "Net Income from Continuing & Discontinued Operation": "77,100", "Normalized Income": "102,674", "Interest Income": "-", "Interest Expense": "54,700", "Net Interest Income": "-54,700", "EBIT": "146,400", "EBITDA": "-", "Reconciled Cost of Revenue": "1,180,400", "Reconciled Depreciation": "64,600", "Net Income from Continuing Operation Net Minority Interest": "77,300", "Total Unusual Items Excluding Goodwill": "-30,100", "Total Unusual Items": "-30,100", "Normalized EBITDA": "241,100", "Tax Rate for Calcs": "0", "Tax Effect of Unusual Items": "-4,726"}, "12/31/2012": {"Duration": "12/31/2012", "Total Revenue": "1,758,500", "Cost of Revenue": "1,225,100", "Gross Profit": "533,400", "Operating Expense": "369,800", "Operating Income": "163,600", "Net Non Operating Interest Income Expense": "-89,300", "Other Income Expense": "-78,700", "Pretax Income": "-4,400", "Tax Provision": "-121,400", "Net Income Common Stockholders": "115,400", "Diluted NI Available to Com Stockholders": "115,400", "Basic EPS": "1.23", "Diluted EPS": "1.20", "Basic Average Shares": "94,100", "Diluted Average Shares": "96,100", "Total Operating Income as Reported": "139,300", "Total Expenses": "1,594,900", "Net Income from Continuing & Discontinued Operation": "115,400", "Normalized Income": "132,795", "Interest Income": "-", "Interest Expense": "89,300", "Net Interest Income": "-89,300", "EBIT": "84,900", "EBITDA": "-", "Reconciled Cost of Revenue": "1,190,600", "Reconciled Depreciation": "54,400", "Net Income from Continuing Operation Net Minority Interest": "117,000", "Total Unusual Items Excluding Goodwill": "-24,300", "Total Unusual Items": "-24,300", "Normalized EBITDA": "163,600", "Tax Rate for Calcs": "0", "Tax Effect of Unusual Items": "-8,505"}, "12/31/2011": {"Duration": "12/31/2011", "Total Revenue": "1,318,400", "Cost of Revenue": "903,700", "Gross Profit": "414,700", "Operating Expense": "300,200", "Operating Income": "114,500", "Net Non Operating Interest Income Expense": "-77,200", "Other Income Expense": "5,600", "Pretax Income": "42,900", "Tax Provision": "24,300", "Net Income Common Stockholders": "56,700", "Diluted NI Available to Com Stockholders": "56,700", "Basic EPS": "1.03", "Diluted EPS": "0.98", "Basic Average Shares": "55,200", "Diluted Average Shares": "57,600", "Total Operating Income as Reported": "115,200", "Total Expenses": "1,203,900", "Net Income from Continuing & Discontinued Operation": "56,700", "Normalized Income": "20,485", "Interest Income": "-", "Interest Expense": "77,200", "Net Interest Income": "-77,200", "EBIT": "120,100", "EBITDA": "-", "Reconciled Cost of Revenue": "877,100", "Reconciled Depreciation": "32,900", "Net Income from Continuing Operation Net Minority Interest": "18,600", "Total Unusual Items Excluding Goodwill": "-2,900", "Total Unusual Items": "-2,900", "Normalized EBITDA": "155,900", "Tax Rate for Calcs": "0", "Tax Effect of Unusual Items": "-1,015"}, "12/31/2010": {"Duration": "12/31/2010", "Total Revenue": "1,330,500", "Cost of Revenue": "915,100", "Gross Profit": "415,400", "Operating Expense": "300,900", "Operating Income": "114,500", "Net Non Operating Interest Income Expense": "-78,200", "Other Income Expense": "7,400", "Pretax Income": "43,700", "Tax Provision": "32,200", "Net Income Common Stockholders": "12,400", "Diluted NI Available to Com Stockholders": "12,400", "Basic EPS": "0.23", "Diluted EPS": "0.22", "Basic Average Shares": "54,800", "Diluted Average Shares": "57,200", "Total Operating Income as Reported": "115,000", "Total Expenses": "1,216,000", "Net Income from Continuing & Discontinued Operation": "12,400", "Normalized Income": "12,085", "Interest Income": "-", "Interest Expense": "78,200", "Net Interest Income": "-78,200", "EBIT": "121,900", "EBITDA": "-", "Reconciled Cost of Revenue": "885,500", "Reconciled Depreciation": "36,500", "Net Income from Continuing Operation Net Minority Interest": "11,500", "Total Unusual Items Excluding Goodwill": "-900", "Total Unusual Items": "-900", "Normalized EBITDA": "159,300", "Tax Rate for Calcs": "0", "Tax Effect of Unusual Items": "-315"}, "12/31/2009": {"Duration": "12/31/2009", "Total Revenue": "1,272,500", "Cost of Revenue": "893,200", "Gross Profit": "379,300", "Operating Expense": "280,300", "Operating Income": "99,000", "Net Non Operating Interest Income Expense": "-67,000", "Other Income Expense": "-19,900", "Pretax Income": "12,100", "Tax Provision": "127,900", "Net Income Common Stockholders": "-126,100", "Diluted NI Available to Com Stockholders": "-126,100", "Basic EPS": "-2.32", "Diluted EPS": "-2.32", "Basic Average Shares": "54,500", "Diluted Average Shares": "54,500", "Total Operating Income as Reported": "79,800", "Total Expenses": "1,173,500", "Net Income from Continuing & Discontinued Operation": "-126,100", "Normalized Income": "-100,005", "Interest Income": "-", "Interest Expense": "67,000", "Net Interest Income": "-67,000", "EBIT": "79,100", "EBITDA": "-", "Reconciled Cost of Revenue": "861,100", "Reconciled Depreciation": "39,300", "Net Income from Continuing Operation Net Minority Interest": "-115,800", "Total Unusual Items Excluding Goodwill": "-24,300", "Total Unusual Items": "-24,300", "Normalized EBITDA": "142,700", "Tax Rate for Calcs": "0", "Tax Effect of Unusual Items": "-8,505"}, "12/31/2008": {"Duration": "12/31/2008", "Total Revenue": "1,578,200", "Cost of Revenue": "1,094,400", "Gross Profit": "483,800", "Operating Expense": "386,700", "Operating Income": "97,100", "Net Non Operating Interest Income Expense": "-63,700", "Other Income Expense": "-279,400", "Pretax Income": "-246,000", "Tax Provision": "16,900", "Net Income Common Stockholders": "-339,200", "Diluted NI Available to Com Stockholders": "-339,200", "Basic EPS": "-6.26", "Diluted EPS": "-6.26", "Basic Average Shares": "54,200", "Diluted Average Shares": "54,200", "Total Operating Income as Reported": "-206,100", "Total Expenses": "1,481,100", "Net Income from Continuing & Discontinued Operation": "-339,200", "Normalized Income": "-77,165", "Interest Income": "-", "Interest Expense": "63,700", "Net Interest Income": "-63,700", "EBIT": "-182,300", "EBITDA": "-", "Reconciled Cost of Revenue": "1,059,300", "Reconciled Depreciation": "42,800", "Net Income from Continuing Operation Net Minority Interest": "-263,000", "Total Unusual Items Excluding Goodwill": "-285,900", "Total Unusual Items": "-285,900", "Normalized EBITDA": "146,400", "Tax Rate for Calcs": "0", "Tax Effect of Unusual Items": "-100,065"}, "12/31/2007": {"Duration": "12/31/2007", "Total Revenue": "1,938,900", "Cost of Revenue": "1,348,600", "Gross Profit": "590,300", "Operating Expense": "494,400", "Operating Income": "95,900", "Net Non Operating Interest Income Expense": "-", "Other Income Expense": "-51,300", "Pretax Income": "15,600", "Tax Provision": "15,900", "Net Income Common Stockholders": "-900", "Diluted NI Available to Com Stockholders": "-900", "Basic EPS": "-0.02", "Diluted EPS": "-0.02", "Basic Average Shares": "54,000", "Diluted Average Shares": "54,000", "Total Operating Income as Reported": "72,500", "Total Expenses": "1,843,000", "Net Income from Continuing & Discontinued Operation": "-900", "Normalized Income": "32,445", "Interest Income": "-", "Interest Expense": "-", "Net Interest Income": "-", "EBIT": "95,900", "EBITDA": "-", "Reconciled Cost of Revenue": "1,310,100", "Reconciled Depreciation": "48,900", "Net Income from Continuing Operation Net Minority Interest": "-900", "Total Unusual Items Excluding Goodwill": "-51,300", "Total Unusual Items": "-51,300", "Normalized EBITDA": "196,100", "Tax Rate for Calcs": "0", "Tax Effect of Unusual Items": "-17,955"}, "12/31/2006": {"Duration": "12/31/2006", "Total Revenue": "1,951,000", "Cost of Revenue": "1,382,800", "Gross Profit": "568,200", "Operating Expense": "459,200", "Operating Income": "109,000", "Net Non Operating Interest Income Expense": "-", "Other Income Expense": "-40,300", "Pretax Income": "7,600", "Tax Provision": "200", "Net Income Common Stockholders": "7,200", "Diluted NI Available to Com Stockholders": "7,200", "Basic EPS": "0.13", "Diluted EPS": "0.13", "Basic Average Shares": "53,400", "Diluted Average Shares": "54,300", "Total Operating Income as Reported": "64,900", "Total Expenses": "1,842,000", "Net Income from Continuing & Discontinued Operation": "7,200", "Normalized Income": "46,439", "Interest Income": "-", "Interest Expense": "-", "Net Interest Income": "-", "EBIT": "109,000", "EBITDA": "-", "Reconciled Cost of Revenue": "1,338,100", "Reconciled Depreciation": "55,800", "Net Income from Continuing Operation Net Minority Interest": "7,200", "Total Unusual Items Excluding Goodwill": "-40,300", "Total Unusual Items": "-40,300", "Normalized EBITDA": "205,100", "Tax Rate for Calcs": "0", "Tax Effect of Unusual Items": "-1,061"}, "12/31/2005": {"Duration": "12/31/2005", "Total Revenue": "1,487,500", "Cost of Revenue": "1,048,000", "Gross Profit": "439,500", "Operating Expense": "311,900", "Operating Income": "127,600", "Net Non Operating Interest Income Expense": "-", "Other Income Expense": "-2,900", "Pretax Income": "95,900", "Tax Provision": "39,500", "Net Income Common Stockholders": "59,500", "Diluted NI Available to Com Stockholders": "59,500", "Basic EPS": "1.43", "Diluted EPS": "1.40", "Basic Average Shares": "41,500", "Diluted Average Shares": "42,400", "Total Operating Income as Reported": "124,700", "Total Expenses": "1,359,900", "Net Income from Continuing & Discontinued Operation": "56,200", "Normalized Income": "57,940", "Interest Income": "-", "Interest Expense": "-", "Net Interest Income": "-", "EBIT": "127,600", "EBITDA": "-", "Reconciled Cost of Revenue": "1,014,400", "Reconciled Depreciation": "38,500", "Net Income from Continuing Operation Net Minority Interest": "56,200", "Total Unusual Items Excluding Goodwill": "-2,900", "Total Unusual Items": "-2,900", "Normalized EBITDA": "169,000", "Tax Rate for Calcs": "0", "Tax Effect of Unusual Items": "-1,160"}, "12/31/2004": {"Duration": "12/31/2004", "Total Revenue": "712,318", "Cost of Revenue": "434,908", "Gross Profit": "277,410", "Operating Expense": "226,760", "Operating Income": "50,650", "Net Non Operating Interest Income Expense": "-", "Other Income Expense": "-851", "Pretax Income": "23,876", "Tax Provision": "9,114", "Net Income Common Stockholders": "14,762", "Diluted NI Available to Com Stockholders": "14,762", "Basic EPS": "0.91", "Diluted EPS": "0.88", "Basic Average Shares": "16,171", "Diluted Average Shares": "16,839", "Total Operating Income as Reported": "49,799", "Total Expenses": "661,668", "Net Income from Continuing & Discontinued Operation": "14,762", "Normalized Income": "15,288", "Interest Income": "-", "Interest Expense": "-", "Net Interest Income": "-", "EBIT": "50,650", "EBITDA": "-", "Reconciled Cost of Revenue": "413,359", "Reconciled Depreciation": "21,549", "Net Income from Continuing Operation Net Minority Interest": "14,762", "Total Unusual Items Excluding Goodwill": "-851", "Total Unusual Items": "-851", "Normalized EBITDA": "73,050", "Tax Rate for Calcs": "0", "Tax Effect of Unusual Items": "-324.8456"}, "12/31/2003": {"Duration": "12/31/2003", "Total Revenue": "697,908", "Cost of Revenue": "419,703", "Gross Profit": "278,205", "Operating Expense": "223,492", "Operating Income": "54,713", "Net Non Operating Interest Income Expense": "-", "Other Income Expense": "-10,946", "Pretax Income": "4,368", "Tax Provision": "7,630", "Net Income Common Stockholders": "-3,262", "Diluted NI Available to Com Stockholders": "-3,262", "Basic EPS": "-0.20", "Diluted EPS": "-0.20", "Basic Average Shares": "15,978", "Diluted Average Shares": "15,978", "Total Operating Income as Reported": "43,611", "Total Expenses": "643,195", "Net Income from Continuing & Discontinued Operation": "-3,262", "Normalized Income": "3,306", "Interest Income": "-", "Interest Expense": "-", "Net Interest Income": "-", "EBIT": "54,713", "EBITDA": "-", "Reconciled Cost of Revenue": "395,295", "Reconciled Depreciation": "25,162", "Net Income from Continuing Operation Net Minority Interest": "-3,262", "Total Unusual Items Excluding Goodwill": "-10,946", "Total Unusual Items": "-10,946", "Normalized EBITDA": "90,821", "Tax Rate for Calcs": "0", "Tax Effect of Unusual Items": "-4,378"}, "12/31/2002": {"Duration": "12/31/2002", "Total Revenue": "701,728", "Cost of Revenue": "424,001", "Gross Profit": "277,727", "Operating Expense": "227,429", "Operating Income": "50,298", "Net Non Operating Interest Income Expense": "-", "Other Income Expense": "-6,685", "Pretax Income": "1,059", "Tax Provision": "2,045", "Net Income Common Stockholders": "-80,010", "Diluted NI Available to Com Stockholders": "-80,010", "Basic EPS": "-5.04", "Diluted EPS": "-5.04", "Basic Average Shares": "15,883", "Diluted Average Shares": "15,883", "Total Operating Income as Reported": "42,285", "Total Expenses": "651,430", "Net Income from Continuing & Discontinued Operation": "-986", "Normalized Income": "3,025", "Interest Income": "-", "Interest Expense": "-", "Net Interest Income": "-", "EBIT": "50,298", "EBITDA": "-", "Reconciled Cost of Revenue": "396,442", "Reconciled Depreciation": "28,412", "Net Income from Continuing Operation Net Minority Interest": "-986", "Total Unusual Items Excluding Goodwill": "-6,685", "Total Unusual Items": "-6,685", "Normalized EBITDA": "85,395", "Tax Rate for Calcs": "0", "Tax Effect of Unusual Items": "-2,674"}, "12/31/2001": {"Duration": "12/31/2001", "Total Revenue": "784,257", "Cost of Revenue": "443,969", "Gross Profit": "340,288", "Operating Expense": "315,038", "Operating Income": "25,250", "Net Non Operating Interest Income Expense": "-", "Other Income Expense": "-2,121", "Pretax Income": "-24,320", "Tax Provision": "-4,849", "Net Income Common Stockholders": "-19,471", "Diluted NI Available to Com Stockholders": "-19,471", "Basic EPS": "-1.24", "Diluted EPS": "-1.24", "Basic Average Shares": "15,761", "Diluted Average Shares": "15,761", "Total Operating Income as Reported": "17,981", "Total Expenses": "759,007", "Net Income from Continuing & Discontinued Operation": "-19,471", "Normalized Income": "-17,773", "Interest Income": "-", "Interest Expense": "-", "Net Interest Income": "-", "EBIT": "25,250", "EBITDA": "-", "Reconciled Cost of Revenue": "415,468", "Reconciled Depreciation": "39,266", "Net Income from Continuing Operation Net Minority Interest": "-19,471", "Total Unusual Items Excluding Goodwill": "-2,121", "Total Unusual Items": "-2,121", "Normalized EBITDA": "66,637", "Tax Rate for Calcs": "0", "Tax Effect of Unusual Items": "-422.8918"}, "12/31/2000": {"Duration": "12/31/2000", "Total Revenue": "910,799", "Cost of Revenue": "499,741", "Gross Profit": "411,058", "Operating Expense": "355,159", "Operating Income": "55,899", "Net Non Operating Interest Income Expense": "-", "Other Income Expense": "612", "Pretax Income": "6,759", "Tax Provision": "4,326", "Net Income Common Stockholders": "2,433", "Diluted NI Available to Com Stockholders": "2,433", "Basic EPS": "0.15", "Diluted EPS": "0.15", "Basic Average Shares": "15,725", "Diluted Average Shares": "15,725", "Total Operating Income as Reported": "54,401", "Total Expenses": "854,900", "Net Income from Continuing & Discontinued Operation": "2,433", "Normalized Income": "2,066", "Interest Income": "-", "Interest Expense": "-", "Net Interest Income": "-", "EBIT": "55,899", "EBITDA": "-", "Reconciled Cost of Revenue": "471,994", "Reconciled Depreciation": "38,693", "Net Income from Continuing Operation Net Minority Interest": "2,433", "Total Unusual Items Excluding Goodwill": "612", "Total Unusual Items": "612", "Normalized EBITDA": "93,980", "Tax Rate for Calcs": "0", "Tax Effect of Unusual Items": "244.8"}, "12/31/1999": {"Duration": "12/31/1999", "Total Revenue": "901,887", "Cost of Revenue": "556,310", "Gross Profit": "345,577", "Operating Expense": "337,612", "Operating Income": "7,965", "Net Non Operating Interest Income Expense": "-", "Other Income Expense": "-20,163", "Pretax Income": "-65,218", "Tax Provision": "-8,542", "Net Income Common Stockholders": "-56,676", "Diluted NI Available to Com Stockholders": "-56,676", "Basic EPS": "-3.60", "Diluted EPS": "-3.60", "Basic Average Shares": "15,733", "Diluted Average Shares": "15,733", "Total Operating Income as Reported": "-11,611", "Total Expenses": "893,922", "Net Income from Continuing & Discontinued Operation": "-56,676", "Normalized Income": "-39,154", "Interest Income": "-", "Interest Expense": "-", "Net Interest Income": "-", "EBIT": "7,965", "EBITDA": "-", "Reconciled Cost of Revenue": "527,209", "Reconciled Depreciation": "40,284", "Net Income from Continuing Operation Net Minority Interest": "-56,676", "Total Unusual Items Excluding Goodwill": "-20,163", "Total Unusual Items": "-20,163", "Normalized EBITDA": "68,412", "Tax Rate for Calcs": "0", "Tax Effect of Unusual Items": "-2,641"}, "12/31/1998": {"Duration": "12/31/1998", "Total Revenue": "922,414", "Cost of Revenue": "521,936", "Gross Profit": "400,478", "Operating Expense": "317,977", "Operating Income": "82,501", "Net Non Operating Interest Income Expense": "-", "Other Income Expense": "434", "Pretax Income": "39,987", "Tax Provision": "16,195", "Net Income Common Stockholders": "23,792", "Diluted NI Available to Com Stockholders": "23,792", "Basic EPS": "1.51", "Diluted EPS": "1.50", "Basic Average Shares": "15,724", "Diluted Average Shares": "15,861", "Total Operating Income as Reported": "82,501", "Total Expenses": "839,913", "Net Income from Continuing & Discontinued Operation": "23,792", "Normalized Income": "23,532", "Interest Income": "-", "Interest Expense": "-", "Net Interest Income": "-", "EBIT": "82,501", "EBITDA": "-", "Reconciled Cost of Revenue": "498,661", "Reconciled Depreciation": "33,913", "Net Income from Continuing Operation Net Minority Interest": "23,792", "Total Unusual Items Excluding Goodwill": "434", "Total Unusual Items": "434", "Normalized EBITDA": "115,980", "Tax Rate for Calcs": "0", "Tax Effect of Unusual Items": "173.6"}, "12/31/1997": {"Duration": "12/31/1997", "Total Revenue": "770,001", "Cost of Revenue": "440,625", "Gross Profit": "329,376", "Operating Expense": "255,044", "Operating Income": "74,332", "Net Non Operating Interest Income Expense": "-", "Other Income Expense": "1,575", "Pretax Income": "48,180", "Tax Provision": "19,513", "Net Income Common Stockholders": "28,667", "Diluted NI Available to Com Stockholders": "28,667", "Basic EPS": "1.82", "Diluted EPS": "1.80", "Basic Average Shares": "15,760", "Diluted Average Shares": "15,926", "Total Operating Income as Reported": "74,332", "Total Expenses": "695,669", "Net Income from Continuing & Discontinued Operation": "28,667", "Normalized Income": "27,722", "Interest Income": "-", "Interest Expense": "-", "Net Interest Income": "-", "EBIT": "74,332", "EBITDA": "-", "Reconciled Cost of Revenue": "421,276", "Reconciled Depreciation": "27,208", "Net Income from Continuing Operation Net Minority Interest": "28,667", "Total Unusual Items Excluding Goodwill": "1,575", "Total Unusual Items": "1,575", "Normalized EBITDA": "99,965", "Tax Rate for Calcs": "0", "Tax Effect of Unusual Items": "630"}, "12/31/1996": {"Duration": "12/31/1996", "Total Revenue": "536,836", "Cost of Revenue": "315,949", "Gross Profit": "220,887", "Operating Expense": "172,161", "Operating Income": "48,726", "Net Non Operating Interest Income Expense": "-", "Other Income Expense": "-", "Pretax Income": "42,554", "Tax Provision": "17,341", "Net Income Common Stockholders": "25,213", "Diluted NI Available to Com Stockholders": "25,213", "Basic EPS": "1.60", "Diluted EPS": "1.60", "Basic Average Shares": "15,743", "Diluted Average Shares": "15,743", "Total Operating Income as Reported": "48,726", "Total Expenses": "488,110", "Net Income from Continuing & Discontinued Operation": "25,213", "Normalized Income": "25,213", "Interest Income": "-", "Interest Expense": "-", "Net Interest Income": "-", "EBIT": "48,726", "EBITDA": "-", "Reconciled Cost of Revenue": "315,949", "Reconciled Depreciation": "15,018", "Net Income from Continuing Operation Net Minority Interest": "25,213", "Total Unusual Items Excluding Goodwill": "0", "Total Unusual Items": "0", "Normalized EBITDA": "63,744", "Tax Rate for Calcs": "0", "Tax Effect of Unusual Items": "0"}, "12/31/1995": {"Duration": "12/31/1995", "Total Revenue": "458,391", "Cost of Revenue": "263,706", "Gross Profit": "194,685", "Operating Expense": "154,593", "Operating Income": "40,092", "Net Non Operating Interest Income Expense": "-", "Other Income Expense": "-", "Pretax Income": "35,833", "Tax Provision": "14,333", "Net Income Common Stockholders": "21,500", "Diluted NI Available to Com Stockholders": "21,500", "Basic EPS": "1.37", "Diluted EPS": "1.37", "Basic Average Shares": "15,740", "Diluted Average Shares": "15,740", "Total Operating Income as Reported": "40,092", "Total Expenses": "418,299", "Net Income from Continuing & Discontinued Operation": "21,500", "Normalized Income": "21,500", "Interest Income": "-", "Interest Expense": "-", "Net Interest Income": "-", "EBIT": "40,092", "EBITDA": "-", "Reconciled Cost of Revenue": "263,706", "Reconciled Depreciation": "12,814", "Net Income from Continuing Operation Net Minority Interest": "21,500", "Total Unusual Items Excluding Goodwill": "0", "Total Unusual Items": "0", "Normalized EBITDA": "52,906", "Tax Rate for Calcs": "0", "Tax Effect of Unusual Items": "0"}, "12/31/1994": {"Duration": "12/31/1994", "Total Revenue": "420,449", "Cost of Revenue": "237,492", "Gross Profit": "182,957", "Operating Expense": "149,481", "Operating Income": "33,476", "Net Non Operating Interest Income Expense": "-", "Other Income Expense": "-4,000", "Pretax Income": "25,700", "Tax Provision": "9,997", "Net Income Common Stockholders": "15,703", "Diluted NI Available to Com Stockholders": "15,703", "Basic EPS": "1.00", "Diluted EPS": "1.00", "Basic Average Shares": "15,763", "Diluted Average Shares": "15,763", "Total Operating Income as Reported": "29,476", "Total Expenses": "386,973", "Net Income from Continuing & Discontinued Operation": "15,703", "Normalized Income": "18,147", "Interest Income": "-", "Interest Expense": "-", "Net Interest Income": "-", "EBIT": "33,476", "EBITDA": "-", "Reconciled Cost of Revenue": "237,492", "Reconciled Depreciation": "12,081", "Net Income from Continuing Operation Net Minority Interest": "15,703", "Total Unusual Items Excluding Goodwill": "-4,000", "Total Unusual Items": "-4,000", "Normalized EBITDA": "49,557", "Tax Rate for Calcs": "0", "Tax Effect of Unusual Items": "-1,556"}}, "bs": {"12/31/2020": {"Duration": "12/31/2020", "Total Assets": "3,048,700", "Total Liabilities Net Minority Interest": "2,306,000", "Total Equity Gross Minority Interest": "742,700", "Total Capitalization": "1,797,300", "Common Stock Equity": "742,700", "Capital Lease Obligations": "99,100", "Net Tangible Assets": "-1,061,700", "Working Capital": "171,300", "Invested Capital": "1,873,800", "Tangible Book Value": "-1,061,700", "Total Debt": "1,230,200", "Net Debt": "1,094,500", "Share Issued": "99,129", "Ordinary Shares Number": "94,943", "Treasury Shares Number": "4,187"}, "12/31/2019": {"Duration": "12/31/2019", "Total Assets": "2,788,600", "Total Liabilities Net Minority Interest": "2,014,900", "Total Equity Gross Minority Interest": "773,700", "Total Capitalization": "1,550,900", "Common Stock Equity": "773,700", "Capital Lease Obligations": "111,600", "Net Tangible Assets": "-703,500", "Working Capital": "217,200", "Invested Capital": "1,584,100", "Tangible Book Value": "-703,500", "Total Debt": "922,000", "Net Debt": "782,600", "Share Issued": "100,413", "Ordinary Shares Number": "96,445", "Treasury Shares Number": "3,967"}, "12/31/2018": {"Duration": "12/31/2018", "Total Assets": "2,786,400", "Total Liabilities Net Minority Interest": "1,996,700", "Total Equity Gross Minority Interest": "789,700", "Total Capitalization": "1,632,700", "Common Stock Equity": "789,700", "Capital Lease Obligations": "-", "Net Tangible Assets": "-706,200", "Working Capital": "281,000", "Invested Capital": "1,672,200", "Tangible Book Value": "-706,200", "Total Debt": "882,500", "Net Debt": "815,500", "Share Issued": "106,249", "Ordinary Shares Number": "102,749", "Treasury Shares Number": "3,501"}, "12/31/2017": {"Duration": "12/31/2017", "Total Assets": "2,799,100", "Total Liabilities Net Minority Interest": "2,025,000", "Total Equity Gross Minority Interest": "774,100", "Total Capitalization": "1,663,300", "Common Stock Equity": "774,100", "Capital Lease Obligations": "-", "Net Tangible Assets": "-736,100", "Working Capital": "291,200", "Invested Capital": "1,706,500", "Tangible Book Value": "-736,100", "Total Debt": "932,400", "Net Debt": "855,500", "Share Issued": "109,597", "Ordinary Shares Number": "106,684", "Treasury Shares Number": "2,913"}, "12/31/2016": {"Duration": "12/31/2016", "Total Assets": "2,064,500", "Total Liabilities Net Minority Interest": "1,355,800", "Total Equity Gross Minority Interest": "708,700", "Total Capitalization": "1,336,400", "Common Stock Equity": "708,700", "Capital Lease Obligations": "-", "Net Tangible Assets": "-444,100", "Working Capital": "264,300", "Invested Capital": "1,404,900", "Tangible Book Value": "-444,100", "Total Debt": "696,200", "Net Debt": "653,300", "Share Issued": "110,086", "Ordinary Shares Number": "107,907", "Treasury Shares Number": "2,180"}, "12/31/2015": {"Duration": "12/31/2015", "Total Assets": "1,953,400", "Total Liabilities Net Minority Interest": "1,372,200", "Total Equity Gross Minority Interest": "581,200", "Total Capitalization": "1,301,700", "Common Stock Equity": "581,200", "Capital Lease Obligations": "-", "Net Tangible Assets": "-436,600", "Working Capital": "298,300", "Invested Capital": "1,301,700", "Tangible Book Value": "-436,600", "Total Debt": "720,500", "Net Debt": "665,100", "Share Issued": "107,129", "Ordinary Shares Number": "105,640", "Treasury Shares Number": "1,489"}, "12/31/2014": {"Duration": "12/31/2014", "Total Assets": "2,226,400", "Total Liabilities Net Minority Interest": "1,545,400", "Total Equity Gross Minority Interest": "681,000", "Total Capitalization": "1,480,000", "Common Stock Equity": "681,000", "Capital Lease Obligations": "-", "Net Tangible Assets": "-435,300", "Working Capital": "383,400", "Invested Capital": "1,481,600", "Tangible Book Value": "-435,300", "Total Debt": "800,600", "Net Debt": "747,400", "Share Issued": "112,671", "Ordinary Shares Number": "111,911", "Treasury Shares Number": "759.224"}, "12/31/2013": {"Duration": "12/31/2013", "Total Assets": "2,382,900", "Total Liabilities Net Minority Interest": "1,680,600", "Total Equity Gross Minority Interest": "702,300", "Total Capitalization": "1,623,100", "Common Stock Equity": "702,300", "Capital Lease Obligations": "-", "Net Tangible Assets": "-473,000", "Working Capital": "396,600", "Invested Capital": "1,623,200", "Tangible Book Value": "-473,000", "Total Debt": "920,900", "Net Debt": "867,400", "Share Issued": "114,056", "Ordinary Shares Number": "113,664", "Treasury Shares Number": "392.56"}, "12/31/2012": {"Duration": "12/31/2012", "Total Assets": "2,507,700", "Total Liabilities Net Minority Interest": "1,868,500", "Total Equity Gross Minority Interest": "639,200", "Total Capitalization": "1,710,000", "Common Stock Equity": "639,200", "Capital Lease Obligations": "-", "Net Tangible Assets": "-596,800", "Working Capital": "444,900", "Invested Capital": "1,711,300", "Tangible Book Value": "-596,800", "Total Debt": "1,072,100", "Net Debt": "1,022,100", "Share Issued": "113,404", "Ordinary Shares Number": "113,143", "Treasury Shares Number": "260.48"}, "12/31/2011": {"Duration": "12/31/2011", "Total Assets": "1,116,700", "Total Liabilities Net Minority Interest": "1,178,600", "Total Equity Gross Minority Interest": "-61,900", "Total Capitalization": "606,900", "Common Stock Equity": "-61,900", "Capital Lease Obligations": "-", "Net Tangible Assets": "-327,300", "Working Capital": "316,800", "Invested Capital": "607,100", "Tangible Book Value": "-327,300", "Total Debt": "669,000", "Net Debt": "547,800", "Share Issued": "55,660", "Ordinary Shares Number": "55,476", "Treasury Shares Number": "184.018"}, "12/31/2010": {"Duration": "12/31/2010", "Total Assets": "1,149,600", "Total Liabilities Net Minority Interest": "1,229,400", "Total Equity Gross Minority Interest": "-79,800", "Total Capitalization": "647,600", "Common Stock Equity": "-79,800", "Capital Lease Obligations": "-", "Net Tangible Assets": "-362,400", "Working Capital": "292,800", "Invested Capital": "647,800", "Tangible Book Value": "-362,400", "Total Debt": "727,600", "Net Debt": "644,400", "Share Issued": "55,080", "Ordinary Shares Number": "54,923", "Treasury Shares Number": "157.68"}, "12/31/2009": {"Duration": "12/31/2009", "Total Assets": "1,106,800", "Total Liabilities Net Minority Interest": "1,224,000", "Total Equity Gross Minority Interest": "-117,200", "Total Capitalization": "607,900", "Common Stock Equity": "-117,200", "Capital Lease Obligations": "-", "Net Tangible Assets": "-406,400", "Working Capital": "238,200", "Invested Capital": "608,600", "Tangible Book Value": "-406,400", "Total Debt": "725,800", "Net Debt": "682,200", "Share Issued": "54,719", "Ordinary Shares Number": "54,572", "Treasury Shares Number": "147.105"}, "12/31/2008": {"Duration": "12/31/2008", "Total Assets": "1,282,200", "Total Liabilities Net Minority Interest": "1,285,600", "Total Equity Gross Minority Interest": "-3,400", "Total Capitalization": "640,800", "Common Stock Equity": "-3,400", "Capital Lease Obligations": "-", "Net Tangible Assets": "-292,800", "Working Capital": "200,900", "Invested Capital": "705,300", "Tangible Book Value": "-292,800", "Total Debt": "708,700", "Net Debt": "690,600", "Share Issued": "54,219", "Ordinary Shares Number": "54,171", "Treasury Shares Number": "47.256"}, "12/31/2007": {"Duration": "12/31/2007", "Total Assets": "1,898,500", "Total Liabilities Net Minority Interest": "1,460,200", "Total Equity Gross Minority Interest": "438,300", "Total Capitalization": "1,206,800", "Common Stock Equity": "438,300", "Capital Lease Obligations": "-", "Net Tangible Assets": "-206,700", "Working Capital": "323,700", "Invested Capital": "1,213,600", "Tangible Book Value": "-206,700", "Total Debt": "775,300", "Net Debt": "733,000", "Share Issued": "54,101", "Ordinary Shares Number": "54,101", "Treasury Shares Number": "-"}, "12/31/2006": {"Duration": "12/31/2006", "Total Assets": "1,849,600", "Total Liabilities Net Minority Interest": "1,465,600", "Total Equity Gross Minority Interest": "384,000", "Total Capitalization": "1,184,300", "Common Stock Equity": "384,000", "Capital Lease Obligations": "-", "Net Tangible Assets": "-287,900", "Working Capital": "326,100", "Invested Capital": "1,189,100", "Tangible Book Value": "-287,900", "Total Debt": "805,100", "Net Debt": "755,100", "Share Issued": "53,772", "Ordinary Shares Number": "53,772", "Treasury Shares Number": "-"}, "12/31/2005": {"Duration": "12/31/2005", "Total Assets": "1,929,500", "Total Liabilities Net Minority Interest": "1,521,200", "Total Equity Gross Minority Interest": "408,300", "Total Capitalization": "1,320,100", "Common Stock Equity": "408,300", "Capital Lease Obligations": "-", "Net Tangible Assets": "-266,100", "Working Capital": "408,000", "Invested Capital": "1,350,200", "Tangible Book Value": "-266,100", "Total Debt": "941,900", "Net Debt": "850,800", "Share Issued": "52,784", "Ordinary Shares Number": "52,784", "Treasury Shares Number": "-"}, "12/31/2004": {"Duration": "12/31/2004", "Total Assets": "540,414", "Total Liabilities Net Minority Interest": "462,568", "Total Equity Gross Minority Interest": "77,846", "Total Capitalization": "333,011", "Common Stock Equity": "77,846", "Capital Lease Obligations": "-", "Net Tangible Assets": "-72,537", "Working Capital": "98,504", "Invested Capital": "366,724", "Tangible Book Value": "-72,537", "Total Debt": "288,878", "Net Debt": "282,619", "Share Issued": "16,201", "Ordinary Shares Number": "16,201", "Treasury Shares Number": "-"}, "12/31/2003": {"Duration": "12/31/2003", "Total Assets": "530,583", "Total Liabilities Net Minority Interest": "476,374", "Total Equity Gross Minority Interest": "54,209", "Total Capitalization": "336,228", "Common Stock Equity": "54,209", "Capital Lease Obligations": "-", "Net Tangible Assets": "-97,799", "Working Capital": "101,746", "Invested Capital": "356,223", "Tangible Book Value": "-97,799", "Total Debt": "302,014", "Net Debt": "292,446", "Share Issued": "16,201", "Ordinary Shares Number": "16,201", "Treasury Shares Number": "-"}, "12/31/2002": {"Duration": "12/31/2002", "Total Assets": "551,978", "Total Liabilities Net Minority Interest": "509,847", "Total Equity Gross Minority Interest": "42,131", "Total Capitalization": "356,897", "Common Stock Equity": "42,131", "Capital Lease Obligations": "-", "Net Tangible Assets": "-114,025", "Working Capital": "104,138", "Invested Capital": "383,551", "Tangible Book Value": "-114,025", "Total Debt": "341,420", "Net Debt": "323,169", "Share Issued": "18,095", "Ordinary Shares Number": "18,095", "Treasury Shares Number": "-"}, "12/31/2001": {"Duration": "12/31/2001", "Total Assets": "719,170", "Total Liabilities Net Minority Interest": "595,315", "Total Equity Gross Minority Interest": "123,855", "Total Capitalization": "534,523", "Common Stock Equity": "123,855", "Capital Lease Obligations": "-", "Net Tangible Assets": "-137,392", "Working Capital": "165,323", "Invested Capital": "542,323", "Tangible Book Value": "-137,392", "Total Debt": "418,468", "Net Debt": "358,532", "Share Issued": "15,804", "Ordinary Shares Number": "15,804", "Treasury Shares Number": "-"}, "12/31/2000": {"Duration": "12/31/2000", "Total Assets": "761,308", "Total Liabilities Net Minority Interest": "613,629", "Total Equity Gross Minority Interest": "147,679", "Total Capitalization": "544,684", "Common Stock Equity": "147,679", "Capital Lease Obligations": "-", "Net Tangible Assets": "-125,337", "Working Capital": "159,325", "Invested Capital": "554,982", "Tangible Book Value": "-125,337", "Total Debt": "407,303", "Net Debt": "398,166", "Share Issued": "15,725", "Ordinary Shares Number": "15,725", "Treasury Shares Number": "-"}, "12/31/1999": {"Duration": "12/31/1999", "Total Assets": "822,492", "Total Liabilities Net Minority Interest": "672,881", "Total Equity Gross Minority Interest": "149,611", "Total Capitalization": "604,070", "Common Stock Equity": "149,611", "Capital Lease Obligations": "-", "Net Tangible Assets": "-133,448", "Working Capital": "190,306", "Invested Capital": "619,608", "Tangible Book Value": "-133,448", "Total Debt": "469,997", "Net Debt": "458,929", "Share Issued": "15,737", "Ordinary Shares Number": "15,737", "Treasury Shares Number": "-"}, "12/31/1998": {"Duration": "12/31/1998", "Total Assets": "885,838", "Total Liabilities Net Minority Interest": "682,651", "Total Equity Gross Minority Interest": "203,187", "Total Capitalization": "693,778", "Common Stock Equity": "203,187", "Capital Lease Obligations": "-", "Net Tangible Assets": "-101,462", "Working Capital": "241,425", "Invested Capital": "722,212", "Tangible Book Value": "-101,462", "Total Debt": "519,025", "Net Debt": "512,930", "Share Issued": "15,736", "Ordinary Shares Number": "15,736", "Treasury Shares Number": "-"}, "12/31/1997": {"Duration": "12/31/1997", "Total Assets": "692,914", "Total Liabilities Net Minority Interest": "501,871", "Total Equity Gross Minority Interest": "191,043", "Total Capitalization": "515,113", "Common Stock Equity": "191,043", "Capital Lease Obligations": "-", "Net Tangible Assets": "-13,500", "Working Capital": "175,643", "Invested Capital": "556,082", "Tangible Book Value": "-13,500", "Total Debt": "365,039", "Net Debt": "361,286", "Share Issued": "15,749", "Ordinary Shares Number": "15,749", "Treasury Shares Number": "-"}, "12/31/1996": {"Duration": "12/31/1996", "Total Assets": "393,706", "Total Liabilities Net Minority Interest": "221,574", "Total Equity Gross Minority Interest": "172,132", "Total Capitalization": "259,161", "Common Stock Equity": "172,132", "Capital Lease Obligations": "483", "Net Tangible Assets": "128,622", "Working Capital": "125,085", "Invested Capital": "290,861", "Tangible Book Value": "128,622", "Total Debt": "119,212", "Net Debt": "112,008", "Share Issued": "15,767", "Ordinary Shares Number": "15,767", "Treasury Shares Number": "-"}, "12/31/1995": {"Duration": "12/31/1995", "Total Assets": "298,872", "Total Liabilities Net Minority Interest": "144,731", "Total Equity Gross Minority Interest": "154,141", "Total Capitalization": "198,031", "Common Stock Equity": "154,141", "Capital Lease Obligations": "505", "Net Tangible Assets": "122,778", "Working Capital": "96,820", "Invested Capital": "215,459", "Tangible Book Value": "122,778", "Total Debt": "61,823", "Net Debt": "54,454", "Share Issued": "15,738", "Ordinary Shares Number": "15,738", "Treasury Shares Number": "-"}, "12/31/1994": {"Duration": "12/31/1994", "Total Assets": "284,278", "Total Liabilities Net Minority Interest": "143,189", "Total Equity Gross Minority Interest": "141,089", "Total Capitalization": "183,109", "Common Stock Equity": "141,089", "Capital Lease Obligations": "674", "Net Tangible Assets": "109,990", "Working Capital": "86,550", "Invested Capital": "206,923", "Tangible Book Value": "109,990", "Total Debt": "66,508", "Net Debt": "60,265", "Share Issued": "13,359", "Ordinary Shares Number": "13,359", "Treasury Shares Number": "-"}}, "cf": {"TTM": {"Duration": "TTM", "Operating Cash Flow": "102,000", "Investing Cash Flow": "-334,000", "Financing Cash Flow": "213,800", "End Cash Position": "75,200", "Income Tax Paid Supplemental Data": "29,300", "Interest Paid Supplemental Data": "45,800", "Capital Expenditure": "-12,200", "Issuance of Capital Stock": "-", "Issuance of Debt": "912,900", "Repayment of Debt": "-665,400", "Repurchase of Capital Stock": "0", "Free Cash Flow": "89,800"}, "12/31/2020": {"Duration": "12/31/2020", "Operating Cash Flow": "119,200", "Investing Cash Flow": "-354,700", "Financing Cash Flow": "244,700", "End Cash Position": "36,600", "Income Tax Paid Supplemental Data": "32,200", "Interest Paid Supplemental Data": "36,000", "Capital Expenditure": "-15,300", "Issuance of Capital Stock": "-", "Issuance of Debt": "440,700", "Repayment of Debt": "-151,900", "Repurchase of Capital Stock": "-18,900", "Free Cash Flow": "103,900"}, "12/31/2019": {"Duration": "12/31/2019", "Operating Cash Flow": "203,900", "Investing Cash Flow": "-79,600", "Financing Cash Flow": "-163,400", "End Cash Position": "27,800", "Income Tax Paid Supplemental Data": "41,900", "Interest Paid Supplemental Data": "42,100", "Capital Expenditure": "-32,800", "Issuance of Capital Stock": "-", "Issuance of Debt": "325,800", "Repayment of Debt": "-396,400", "Repurchase of Capital Stock": "-65,000", "Free Cash Flow": "171,100"}, "12/31/2018": {"Duration": "12/31/2018", "Operating Cash Flow": "194,800", "Investing Cash Flow": "-71,900", "Financing Cash Flow": "-125,600", "End Cash Position": "67,000", "Income Tax Paid Supplemental Data": "33,700", "Interest Paid Supplemental Data": "37,900", "Capital Expenditure": "-34,100", "Issuance of Capital Stock": "-", "Issuance of Debt": "225,300", "Repayment of Debt": "-249,500", "Repurchase of Capital Stock": "-75,000", "Free Cash Flow": "160,700"}, "12/31/2017": {"Duration": "12/31/2017", "Operating Cash Flow": "204,900", "Investing Cash Flow": "-319,100", "Financing Cash Flow": "142,200", "End Cash Position": "76,900", "Income Tax Paid Supplemental Data": "34,800", "Interest Paid Supplemental Data": "38,000", "Capital Expenditure": "-31,000", "Issuance of Capital Stock": "-", "Issuance of Debt": "484,100", "Repayment of Debt": "-296,500", "Repurchase of Capital Stock": "-36,600", "Free Cash Flow": "173,900"}, "12/31/2016": {"Duration": "12/31/2016", "Operating Cash Flow": "165,900", "Investing Cash Flow": "-106,400", "Financing Cash Flow": "-75,200", "End Cash Position": "42,900", "Income Tax Paid Supplemental Data": "16,900", "Interest Paid Supplemental Data": "50,100", "Capital Expenditure": "-18,500", "Issuance of Capital Stock": "-", "Issuance of Debt": "638,900", "Repayment of Debt": "-710,100", "Repurchase of Capital Stock": "0", "Free Cash Flow": "147,400"}, "12/31/2015": {"Duration": "12/31/2015", "Operating Cash Flow": "171,200", "Investing Cash Flow": "-24,600", "Financing Cash Flow": "-137,800", "End Cash Position": "55,400", "Income Tax Paid Supplemental Data": "16,900", "Interest Paid Supplemental Data": "41,000", "Capital Expenditure": "-27,600", "Issuance of Capital Stock": "-", "Issuance of Debt": "299,200", "Repayment of Debt": "-370,100", "Repurchase of Capital Stock": "-60,000", "Free Cash Flow": "143,600"}, "12/31/2014": {"Duration": "12/31/2014", "Operating Cash Flow": "171,700", "Investing Cash Flow": "-25,800", "Financing Cash Flow": "-142,000", "End Cash Position": "53,200", "Income Tax Paid Supplemental Data": "28,900", "Interest Paid Supplemental Data": "45,100", "Capital Expenditure": "-29,600", "Issuance of Capital Stock": "-", "Issuance of Debt": "1,000", "Repayment of Debt": "-121,100", "Repurchase of Capital Stock": "-19,400", "Free Cash Flow": "142,100"}, "12/31/2013": {"Duration": "12/31/2013", "Operating Cash Flow": "194,500", "Investing Cash Flow": "-33,300", "Financing Cash Flow": "-155,500", "End Cash Position": "53,500", "Income Tax Paid Supplemental Data": "31,100", "Interest Paid Supplemental Data": "52,000", "Capital Expenditure": "-36,600", "Issuance of Capital Stock": "-", "Issuance of Debt": "530,000", "Repayment of Debt": "-679,500", "Repurchase of Capital Stock": "-", "Free Cash Flow": "157,900"}, "12/31/2012": {"Duration": "12/31/2012", "Operating Cash Flow": "-7,500", "Investing Cash Flow": "-423,200", "Financing Cash Flow": "360,100", "End Cash Position": "50,000", "Income Tax Paid Supplemental Data": "28,800", "Interest Paid Supplemental Data": "94,900", "Capital Expenditure": "-30,300", "Issuance of Capital Stock": "-", "Issuance of Debt": "1,270,000", "Repayment of Debt": "-872,000", "Repurchase of Capital Stock": "-", "Free Cash Flow": "-37,800"}, "12/31/2011": {"Duration": "12/31/2011", "Operating Cash Flow": "61,800", "Investing Cash Flow": "40,000", "Financing Cash Flow": "-63,100", "End Cash Position": "121,200", "Income Tax Paid Supplemental Data": "27,700", "Interest Paid Supplemental Data": "71,900", "Capital Expenditure": "-14,900", "Issuance of Capital Stock": "-", "Issuance of Debt": "100", "Repayment of Debt": "-63,000", "Repurchase of Capital Stock": "-", "Free Cash Flow": "46,900"}, "12/31/2010": {"Duration": "12/31/2010", "Operating Cash Flow": "54,900", "Investing Cash Flow": "-14,900", "Financing Cash Flow": "-100", "End Cash Position": "83,200", "Income Tax Paid Supplemental Data": "13,900", "Interest Paid Supplemental Data": "70,600", "Capital Expenditure": "-12,600", "Issuance of Capital Stock": "-", "Issuance of Debt": "1,500", "Repayment of Debt": "-1,500", "Repurchase of Capital Stock": "-", "Free Cash Flow": "42,300"}, "12/31/2009": {"Duration": "12/31/2009", "Operating Cash Flow": "71,500", "Investing Cash Flow": "-3,900", "Financing Cash Flow": "-44,500", "End Cash Position": "43,600", "Income Tax Paid Supplemental Data": "19,700", "Interest Paid Supplemental Data": "54,400", "Capital Expenditure": "-13,700", "Issuance of Capital Stock": "-", "Issuance of Debt": "469,300", "Repayment of Debt": "-513,500", "Repurchase of Capital Stock": "-", "Free Cash Flow": "57,800"}, "12/31/2008": {"Duration": "12/31/2008", "Operating Cash Flow": "37,200", "Investing Cash Flow": "-18,700", "Financing Cash Flow": "-37,700", "End Cash Position": "18,100", "Income Tax Paid Supplemental Data": "22,200", "Interest Paid Supplemental Data": "58,900", "Capital Expenditure": "-43,500", "Issuance of Capital Stock": "-", "Issuance of Debt": "32,000", "Repayment of Debt": "-70,000", "Repurchase of Capital Stock": "-", "Free Cash Flow": "-6,300"}, "12/31/2007": {"Duration": "12/31/2007", "Operating Cash Flow": "81,200", "Investing Cash Flow": "-55,200", "Financing Cash Flow": "-35,400", "End Cash Position": "42,300", "Income Tax Paid Supplemental Data": "-", "Interest Paid Supplemental Data": "-", "Capital Expenditure": "-59,100", "Issuance of Capital Stock": "4,300", "Issuance of Debt": "-", "Repayment of Debt": "-", "Repurchase of Capital Stock": "-", "Free Cash Flow": "22,100"}, "12/31/2006": {"Duration": "12/31/2006", "Operating Cash Flow": "120,900", "Investing Cash Flow": "-21,400", "Financing Cash Flow": "-145,000", "End Cash Position": "50,000", "Income Tax Paid Supplemental Data": "-", "Interest Paid Supplemental Data": "-", "Capital Expenditure": "-33,100", "Issuance of Capital Stock": "13,000", "Issuance of Debt": "-", "Repayment of Debt": "-", "Repurchase of Capital Stock": "-", "Free Cash Flow": "87,800"}, "12/31/2005": {"Duration": "12/31/2005", "Operating Cash Flow": "65,300", "Investing Cash Flow": "-32,400", "Financing Cash Flow": "-17,500", "End Cash Position": "91,100", "Income Tax Paid Supplemental Data": "-", "Interest Paid Supplemental Data": "-", "Capital Expenditure": "-34,500", "Issuance of Capital Stock": "-", "Issuance of Debt": "-", "Repayment of Debt": "-", "Repurchase of Capital Stock": "-", "Free Cash Flow": "30,800"}, "12/31/2004": {"Duration": "12/31/2004", "Operating Cash Flow": "22,710", "Investing Cash Flow": "-8,243", "Financing Cash Flow": "-13,097", "End Cash Position": "6,259", "Income Tax Paid Supplemental Data": "-", "Interest Paid Supplemental Data": "-", "Capital Expenditure": "-7,347", "Issuance of Capital Stock": "1,661", "Issuance of Debt": "227,375", "Repayment of Debt": "-235,403", "Repurchase of Capital Stock": "-", "Free Cash Flow": "15,363"}, "12/31/2003": {"Duration": "12/31/2003", "Operating Cash Flow": "51,624", "Investing Cash Flow": "-10,528", "Financing Cash Flow": "-41,423", "End Cash Position": "9,568", "Income Tax Paid Supplemental Data": "-", "Interest Paid Supplemental Data": "-", "Capital Expenditure": "-8,468", "Issuance of Capital Stock": "737", "Issuance of Debt": "-", "Repayment of Debt": "-126,740", "Repurchase of Capital Stock": "0", "Free Cash Flow": "43,156"}, "12/31/2002": {"Duration": "12/31/2002", "Operating Cash Flow": "46,466", "Investing Cash Flow": "-7,670", "Financing Cash Flow": "-78,871", "End Cash Position": "18,251", "Income Tax Paid Supplemental Data": "-", "Interest Paid Supplemental Data": "-", "Capital Expenditure": "-9,010", "Issuance of Capital Stock": "1,164", "Issuance of Debt": "-", "Repayment of Debt": "-274,265", "Repurchase of Capital Stock": "0", "Free Cash Flow": "37,456"}, "12/31/2001": {"Duration": "12/31/2001", "Operating Cash Flow": "50,766", "Investing Cash Flow": "-14,469", "Financing Cash Flow": "12,473", "End Cash Position": "59,936", "Income Tax Paid Supplemental Data": "-", "Interest Paid Supplemental Data": "-", "Capital Expenditure": "-14,897", "Issuance of Capital Stock": "526", "Issuance of Debt": "-", "Repayment of Debt": "0", "Repurchase of Capital Stock": "-17", "Free Cash Flow": "35,869"}, "12/31/2000": {"Duration": "12/31/2000", "Operating Cash Flow": "74,994", "Investing Cash Flow": "-17,724", "Financing Cash Flow": "-61,393", "End Cash Position": "9,137", "Income Tax Paid Supplemental Data": "-", "Interest Paid Supplemental Data": "-", "Capital Expenditure": "-19,609", "Issuance of Capital Stock": "0", "Issuance of Debt": "-", "Repayment of Debt": "-262", "Repurchase of Capital Stock": "0", "Free Cash Flow": "55,385"}, "12/31/1999": {"Duration": "12/31/1999", "Operating Cash Flow": "80,366", "Investing Cash Flow": "-19,901", "Financing Cash Flow": "-54,211", "End Cash Position": "11,068", "Income Tax Paid Supplemental Data": "-", "Interest Paid Supplemental Data": "-", "Capital Expenditure": "-22,823", "Issuance of Capital Stock": "636", "Issuance of Debt": "1,227", "Repayment of Debt": "-180,000", "Repurchase of Capital Stock": "-536", "Free Cash Flow": "57,543"}, "12/31/1998": {"Duration": "12/31/1998", "Operating Cash Flow": "24,127", "Investing Cash Flow": "-155,485", "Financing Cash Flow": "134,914", "End Cash Position": "6,095", "Income Tax Paid Supplemental Data": "-", "Interest Paid Supplemental Data": "-", "Capital Expenditure": "-29,926", "Issuance of Capital Stock": "1,415", "Issuance of Debt": "226,257", "Repayment of Debt": "-73,685", "Repurchase of Capital Stock": "-3,566", "Free Cash Flow": "-5,799"}, "12/31/1997": {"Duration": "12/31/1997", "Operating Cash Flow": "20,717", "Investing Cash Flow": "-266,147", "Financing Cash Flow": "243,443", "End Cash Position": "3,753", "Income Tax Paid Supplemental Data": "-", "Interest Paid Supplemental Data": "-", "Capital Expenditure": "-29,619", "Issuance of Capital Stock": "942", "Issuance of Debt": "246,528", "Repayment of Debt": "-", "Repurchase of Capital Stock": "-1,011", "Free Cash Flow": "-8,902"}, "12/31/1996": {"Duration": "12/31/1996", "Operating Cash Flow": "2,280", "Investing Cash Flow": "-52,983", "Financing Cash Flow": "50,466", "End Cash Position": "6,721", "Income Tax Paid Supplemental Data": "-", "Interest Paid Supplemental Data": "-", "Capital Expenditure": "-27,778", "Issuance of Capital Stock": "1,463", "Issuance of Debt": "-", "Repayment of Debt": "-", "Repurchase of Capital Stock": "-1,645", "Free Cash Flow": "-25,498"}, "12/31/1995": {"Duration": "12/31/1995", "Operating Cash Flow": "26,984", "Investing Cash Flow": "-13,378", "Financing Cash Flow": "-12,141", "End Cash Position": "6,864", "Income Tax Paid Supplemental Data": "-", "Interest Paid Supplemental Data": "-", "Capital Expenditure": "-15,046", "Issuance of Capital Stock": "624", "Issuance of Debt": "-", "Repayment of Debt": "-", "Repurchase of Capital Stock": "-1,141", "Free Cash Flow": "11,938"}, "12/31/1994": {"Duration": "12/31/1994", "Operating Cash Flow": "5,221", "Investing Cash Flow": "-12,962", "Financing Cash Flow": "8,867", "End Cash Position": "5,569", "Income Tax Paid Supplemental Data": "-", "Interest Paid Supplemental Data": "-", "Capital Expenditure": "-12,788", "Issuance of Capital Stock": "438", "Issuance of Debt": "-", "Repayment of Debt": "-", "Repurchase of Capital Stock": "-975", "Free Cash Flow": "-7,567"}}, "ks": {"Current": {"Duration": "Current", "Market Cap (intraday) 5": "921.50M", "Enterprise Value 3": "2.14B", "Trailing P/E ": "26.81", "Forward P/E 1": "9.79", "PEG Ratio (5 yr expected) 1": "N/A", "Price/Sales (ttm)": "0.55", "Price/Book (mrq)": "1.30", "Enterprise Value/Revenue 3": "1.27", "Enterprise Value/EBITDA 7": "13.41"}, "3/31/2021": {"Duration": "3/31/2021", "Market Cap (intraday) 5": "805.90M", "Enterprise Value 3": "2.00B", "Trailing P/E ": "12.98", "Forward P/E 1": "9.07", "PEG Ratio (5 yr expected) 1": "N/A", "Price/Sales (ttm)": "0.49", "Price/Book (mrq)": "1.09", "Enterprise Value/Revenue 3": "4.87", "Enterprise Value/EBITDA 7": "235.24"}, "12/31/2020": {"Duration": "12/31/2020", "Market Cap (intraday) 5": "802.26M", "Enterprise Value 3": "1.73B", "Trailing P/E ": "10.83", "Forward P/E 1": "7.51", "PEG Ratio (5 yr expected) 1": "N/A", "Price/Sales (ttm)": "0.47", "Price/Book (mrq)": "1.11", "Enterprise Value/Revenue 3": "3.75", "Enterprise Value/EBITDA 7": "28.19"}, "9/30/2020": {"Duration": "9/30/2020", "Market Cap (intraday) 5": "547.88M", "Enterprise Value 3": "1.54B", "Trailing P/E ": "6.74", "Forward P/E 1": "6.04", "PEG Ratio (5 yr expected) 1": "N/A", "Price/Sales (ttm)": "0.32", "Price/Book (mrq)": "0.77", "Enterprise Value/Revenue 3": "3.47", "Enterprise Value/EBITDA 7": "28.79"}, "6/30/2020": {"Duration": "6/30/2020", "Market Cap (intraday) 5": "670.68M", "Enterprise Value 3": "1.60B", "Trailing P/E ": "6.17", "Forward P/E 1": "14.12", "PEG Ratio (5 yr expected) 1": "N/A", "Price/Sales (ttm)": "0.36", "Price/Book (mrq)": "0.93", "Enterprise Value/Revenue 3": "4.37", "Enterprise Value/EBITDA 7": "43.68"}, "3/31/2020": {"Duration": "3/31/2020", "Market Cap (intraday) 5": "476.96M", "Enterprise Value 3": "1.37B", "Trailing P/E ": "4.76", "Forward P/E 1": "4.90", "PEG Ratio (5 yr expected) 1": "N/A", "Price/Sales (ttm)": "0.26", "Price/Book (mrq)": "0.62", "Enterprise Value/Revenue 3": "3.57", "Enterprise Value/EBITDA 7": "37.36"}, "12/31/2019": {"Duration": "12/31/2019", "Market Cap (intraday) 5": "902.73M", "Enterprise Value 3": "1.89B", "Trailing P/E ": "9.75", "Forward P/E 1": "7.17", "PEG Ratio (5 yr expected) 1": "N/A", "Price/Sales (ttm)": "0.49", "Price/Book (mrq)": "1.18", "Enterprise Value/Revenue 3": "3.51", "Enterprise Value/EBITDA 7": "21.24"}, "9/30/2019": {"Duration": "9/30/2019", "Market Cap (intraday) 5": "959.24M", "Enterprise Value 3": "2.07B", "Trailing P/E ": "9.77", "Forward P/E 1": "7.54", "PEG Ratio (5 yr expected) 1": "0.29", "Price/Sales (ttm)": "0.53", "Price/Book (mrq)": "1.23", "Enterprise Value/Revenue 3": "4.09", "Enterprise Value/EBITDA 7": "29.97"}, "6/30/2019": {"Duration": "6/30/2019", "Market Cap (intraday) 5": "803.44M", "Enterprise Value 3": "1.80B", "Trailing P/E ": "8.74", "Forward P/E 1": "6.93", "PEG Ratio (5 yr expected) 1": "0.69", "Price/Sales (ttm)": "0.43", "Price/Book (mrq)": "1.02", "Enterprise Value/Revenue 3": "3.47", "Enterprise Value/EBITDA 7": "22.38"}, "3/31/2019": {"Duration": "3/31/2019", "Market Cap (intraday) 5": "878.44M", "Enterprise Value 3": "1.69B", "Trailing P/E ": "8.56", "Forward P/E 1": "7.42", "PEG Ratio (5 yr expected) 1": "0.74", "Price/Sales (ttm)": "0.47", "Price/Book (mrq)": "1.11", "Enterprise Value/Revenue 3": "4.30", "Enterprise Value/EBITDA 7": "44.00"}, "12/31/2018": {"Duration": "12/31/2018", "Market Cap (intraday) 5": "696.64M", "Enterprise Value 3": "1.62B", "Trailing P/E ": "5.10", "Forward P/E 1": "N/A", "PEG Ratio (5 yr expected) 1": "N/A", "Price/Sales (ttm)": "0.37", "Price/Book (mrq)": "0.93", "Enterprise Value/Revenue 3": "3.05", "Enterprise Value/EBITDA 7": "18.54"}, "9/30/2018": {"Duration": "9/30/2018", "Market Cap (intraday) 5": "1.18B", "Enterprise Value 3": "2.11B", "Trailing P/E ": "8.83", "Forward P/E 1": "7.96", "PEG Ratio (5 yr expected) 1": "0.80", "Price/Sales (ttm)": "0.62", "Price/Book (mrq)": "1.55", "Enterprise Value/Revenue 3": "4.16", "Enterprise Value/EBITDA 7": "27.08"}, "6/30/2018": {"Duration": "6/30/2018", "Market Cap (intraday) 5": "1.48B", "Enterprise Value 3": "2.31B", "Trailing P/E ": "11.08", "Forward P/E 1": "10.12", "PEG Ratio (5 yr expected) 1": "1.01", "Price/Sales (ttm)": "0.77", "Price/Book (mrq)": "1.89", "Enterprise Value/Revenue 3": "4.64", "Enterprise Value/EBITDA 7": "32.63"}, "3/31/2018": {"Duration": "3/31/2018", "Market Cap (intraday) 5": "1.35B", "Enterprise Value 3": "2.21B", "Trailing P/E ": "10.55", "Forward P/E 1": "9.34", "PEG Ratio (5 yr expected) 1": "0.93", "Price/Sales (ttm)": "0.71", "Price/Book (mrq)": "1.75", "Enterprise Value/Revenue 3": "5.44", "Enterprise Value/EBITDA 7": "65.35"}, "12/31/2017": {"Duration": "12/31/2017", "Market Cap (intraday) 5": "1.30B", "Enterprise Value 3": "2.23B", "Trailing P/E ": "21.40", "Forward P/E 1": "10.03", "PEG Ratio (5 yr expected) 1": "1.00", "Price/Sales (ttm)": "0.75", "Price/Book (mrq)": "1.80", "Enterprise Value/Revenue 3": "3.94", "Enterprise Value/EBITDA 7": "22.69"}, "9/30/2017": {"Duration": "9/30/2017", "Market Cap (intraday) 5": "1.30B", "Enterprise Value 3": "2.29B", "Trailing P/E ": "23.80", "Forward P/E 1": "10.05", "PEG Ratio (5 yr expected) 1": "1.01", "Price/Sales (ttm)": "0.77", "Price/Book (mrq)": "1.77", "Enterprise Value/Revenue 3": "4.30", "Enterprise Value/EBITDA 7": "29.20"}, "6/30/2017": {"Duration": "6/30/2017", "Market Cap (intraday) 5": "1.27B", "Enterprise Value 3": "2.18B", "Trailing P/E ": "13.55", "Forward P/E 1": "11.98", "PEG Ratio (5 yr expected) 1": "1.20", "Price/Sales (ttm)": "0.78", "Price/Book (mrq)": "1.77", "Enterprise Value/Revenue 3": "4.44", "Enterprise Value/EBITDA 7": "32.62"}, "3/31/2017": {"Duration": "3/31/2017", "Market Cap (intraday) 5": "1.44B", "Enterprise Value 3": "2.09B", "Trailing P/E ": "15.11", "Forward P/E 1": "14.22", "PEG Ratio (5 yr expected) 1": "1.42", "Price/Sales (ttm)": "0.92", "Price/Book (mrq)": "2.03", "Enterprise Value/Revenue 3": "5.82", "Enterprise Value/EBITDA 7": "77.82"}, "12/31/2016": {"Duration": "12/31/2016", "Market Cap (intraday) 5": "1.40B", "Enterprise Value 3": "2.08B", "Trailing P/E ": "11.76", "Forward P/E 1": "13.46", "PEG Ratio (5 yr expected) 1": "1.35", "Price/Sales (ttm)": "0.93", "Price/Book (mrq)": "1.94", "Enterprise Value/Revenue 3": "4.76", "Enterprise Value/EBITDA 7": "47.33"}, "9/30/2016": {"Duration": "9/30/2016", "Market Cap (intraday) 5": "1.03B", "Enterprise Value 3": "1.81B", "Trailing P/E ": "8.03", "Forward P/E 1": "11.34", "PEG Ratio (5 yr expected) 1": "1.13", "Price/Sales (ttm)": "0.69", "Price/Book (mrq)": "1.48", "Enterprise Value/Revenue 3": "4.20", "Enterprise Value/EBITDA 7": "28.34"}, "6/30/2016": {"Duration": "6/30/2016", "Market Cap (intraday) 5": "1.11B", "Enterprise Value 3": "1.73B", "Trailing P/E ": "11.87", "Forward P/E 1": "13.07", "PEG Ratio (5 yr expected) 1": "1.31", "Price/Sales (ttm)": "0.76", "Price/Book (mrq)": "1.81", "Enterprise Value/Revenue 3": "4.21", "Enterprise Value/EBITDA 7": "17.65"}, "3/31/2016": {"Duration": "3/31/2016", "Market Cap (intraday) 5": "960.86M", "Enterprise Value 3": "1.63B", "Trailing P/E ": "11.51", "Forward P/E 1": "12.14", "PEG Ratio (5 yr expected) 1": "1.21", "Price/Sales (ttm)": "0.66", "Price/Book (mrq)": "1.65", "Enterprise Value/Revenue 3": "5.85", "Enterprise Value/EBITDA 7": "78.93"}, "12/31/2015": {"Duration": "12/31/2015", "Market Cap (intraday) 5": "753.21M", "Enterprise Value 3": "1.51B", "Trailing P/E ": "8.20", "Forward P/E 1": "9.38", "PEG Ratio (5 yr expected) 1": "0.94", "Price/Sales (ttm)": "0.51", "Price/Book (mrq)": "1.34", "Enterprise Value/Revenue 3": "3.66", "Enterprise Value/EBITDA 7": "20.52"}, "9/30/2015": {"Duration": "9/30/2015", "Market Cap (intraday) 5": "759.32M", "Enterprise Value 3": "1.56B", "Trailing P/E ": "8.22", "Forward P/E 1": "8.95", "PEG Ratio (5 yr expected) 1": "0.89", "Price/Sales (ttm)": "0.50", "Price/Book (mrq)": "1.26", "Enterprise Value/Revenue 3": "3.78", "Enterprise Value/EBITDA 7": "21.83"}, "6/30/2015": {"Duration": "6/30/2015", "Market Cap (intraday) 5": "839.94M", "Enterprise Value 3": "1.57B", "Trailing P/E ": "9.59", "Forward P/E 1": "10.50", "PEG Ratio (5 yr expected) 1": "1.05", "Price/Sales (ttm)": "0.55", "Price/Book (mrq)": "1.44", "Enterprise Value/Revenue 3": "3.97", "Enterprise Value/EBITDA 7": "24.67"}, "3/31/2015": {"Duration": "3/31/2015", "Market Cap (intraday) 5": "921.58M", "Enterprise Value 3": "1.67B", "Trailing P/E ": "10.52", "Forward P/E 1": "11.07", "PEG Ratio (5 yr expected) 1": "1.11", "Price/Sales (ttm)": "0.57", "Price/Book (mrq)": "1.35", "Enterprise Value/Revenue 3": "5.76", "Enterprise Value/EBITDA 7": "86.93"}, "12/31/2014": {"Duration": "12/31/2014", "Market Cap (intraday) 5": "1.01B", "Enterprise Value 3": "1.83B", "Trailing P/E ": "10.60", "Forward P/E 1": "11.26", "PEG Ratio (5 yr expected) 1": "1.13", "Price/Sales (ttm)": "0.61", "Price/Book (mrq)": "1.39", "Enterprise Value/Revenue 3": "3.98", "Enterprise Value/EBITDA 7": "21.43"}, "9/30/2014": {"Duration": "9/30/2014", "Market Cap (intraday) 5": "787.29M", "Enterprise Value 3": "1.66B", "Trailing P/E ": "8.85", "Forward P/E 1": "8.63", "PEG Ratio (5 yr expected) 1": "0.86", "Price/Sales (ttm)": "0.46", "Price/Book (mrq)": "1.05", "Enterprise Value/Revenue 3": "3.51", "Enterprise Value/EBITDA 7": "20.74"}, "6/30/2014": {"Duration": "6/30/2014", "Market Cap (intraday) 5": "733.30M", "Enterprise Value 3": "1.56B", "Trailing P/E ": "9.43", "Forward P/E 1": "5.83", "PEG Ratio (5 yr expected) 1": "0.58", "Price/Sales (ttm)": "0.42", "Price/Book (mrq)": "1.03", "Enterprise Value/Revenue 3": "3.65", "Enterprise Value/EBITDA 7": "25.19"}, "3/31/2014": {"Duration": "3/31/2014", "Market Cap (intraday) 5": "702.86M", "Enterprise Value 3": "1.57B", "Trailing P/E ": "9.19", "Forward P/E 1": "5.52", "PEG Ratio (5 yr expected) 1": "0.55", "Price/Sales (ttm)": "0.40", "Price/Book (mrq)": "1.00", "Enterprise Value/Revenue 3": "4.77", "Enterprise Value/EBITDA 7": "100.66"}, "12/31/2013": {"Duration": "12/31/2013", "Market Cap (intraday) 5": "763.82M", "Enterprise Value 3": "1.69B", "Trailing P/E ": "N/A", "Forward P/E 1": "7.96", "PEG Ratio (5 yr expected) 1": "0.80", "Price/Sales (ttm)": "0.43", "Price/Book (mrq)": "1.20", "Enterprise Value/Revenue 3": "3.36", "Enterprise Value/EBITDA 7": "19.56"}, "9/30/2013": {"Duration": "9/30/2013", "Market Cap (intraday) 5": "754.30M", "Enterprise Value 3": "1.75B", "Trailing P/E ": "30.18", "Forward P/E 1": "6.42", "PEG Ratio (5 yr expected) 1": "0.64", "Price/Sales (ttm)": "0.42", "Price/Book (mrq)": "1.23", "Enterprise Value/Revenue 3": "3.73", "Enterprise Value/EBITDA 7": "25.27"}, "6/30/2013": {"Duration": "6/30/2013", "Market Cap (intraday) 5": "722.07M", "Enterprise Value 3": "1.67B", "Trailing P/E ": "4.39", "Forward P/E 1": "4.75", "PEG Ratio (5 yr expected) 1": "0.48", "Price/Sales (ttm)": "0.39", "Price/Book (mrq)": "1.14", "Enterprise Value/Revenue 3": "3.80", "Enterprise Value/EBITDA 7": "35.93"}, "3/31/2013": {"Duration": "3/31/2013", "Market Cap (intraday) 5": "758.31M", "Enterprise Value 3": "1.78B", "Trailing P/E ": "5.48", "Forward P/E 1": "4.85", "PEG Ratio (5 yr expected) 1": "0.49", "Price/Sales (ttm)": "0.37", "Price/Book (mrq)": "1.19", "Enterprise Value/Revenue 3": "5.06", "Enterprise Value/EBITDA 7": "204.64"}, "12/31/2012": {"Duration": "12/31/2012", "Market Cap (intraday) 5": "830.47M", "Enterprise Value 3": "1.85B", "Trailing P/E ": "6.02", "Forward P/E 1": "5.95", "PEG Ratio (5 yr expected) 1": "0.59", "Price/Sales (ttm)": "0.40", "Price/Book (mrq)": "1.30", "Enterprise Value/Revenue 3": "3.50", "Enterprise Value/EBITDA 7": "21.98"}, "9/30/2012": {"Duration": "9/30/2012", "Market Cap (intraday) 5": "734.01M", "Enterprise Value 3": "1.90B", "Trailing P/E ": "4.74", "Forward P/E 1": "5.36", "PEG Ratio (5 yr expected) 1": "0.67", "Price/Sales (ttm)": "0.31", "Price/Book (mrq)": "1.25", "Enterprise Value/Revenue 3": "3.79", "Enterprise Value/EBITDA 7": "24.83"}, "6/30/2012": {"Duration": "6/30/2012", "Market Cap (intraday) 5": "1.17B", "Enterprise Value 3": "1.76B", "Trailing P/E ": "60.82", "Forward P/E 1": "9.86", "PEG Ratio (5 yr expected) 1": "1.23", "Price/Sales (ttm)": "0.46", "Price/Book (mrq)": "N/A", "Enterprise Value/Revenue 3": "4.02", "Enterprise Value/EBITDA 7": "-50.67"}, "3/31/2012": {"Duration": "3/31/2012", "Market Cap (intraday) 5": "689.44M", "Enterprise Value 3": "1.24B", "Trailing P/E ": "38.78", "Forward P/E 1": "9.61", "PEG Ratio (5 yr expected) 1": "1.07", "Price/Sales (ttm)": "0.54", "Price/Book (mrq)": "N/A", "Enterprise Value/Revenue 3": "4.28", "Enterprise Value/EBITDA 7": "93.03"}, "12/31/2011": {"Duration": "12/31/2011", "Market Cap (intraday) 5": "535.04M", "Enterprise Value 3": "1.16B", "Trailing P/E ": "32.17", "Forward P/E 1": "9.82", "PEG Ratio (5 yr expected) 1": "0.98", "Price/Sales (ttm)": "0.40", "Price/Book (mrq)": "N/A", "Enterprise Value/Revenue 3": "3.31", "Enterprise Value/EBITDA 7": "25.72"}, "9/30/2011": {"Duration": "9/30/2011", "Market Cap (intraday) 5": "263.30M", "Enterprise Value 3": "890.80M", "Trailing P/E ": "15.90", "Forward P/E 1": "5.63", "PEG Ratio (5 yr expected) 1": "0.56", "Price/Sales (ttm)": "0.20", "Price/Book (mrq)": "N/A", "Enterprise Value/Revenue 3": "2.63", "Enterprise Value/EBITDA 7": "20.20"}, "6/30/2011": {"Duration": "6/30/2011", "Market Cap (intraday) 5": "433.32M", "Enterprise Value 3": "1.06B", "Trailing P/E ": "46.18", "Forward P/E 1": "9.18", "PEG Ratio (5 yr expected) 1": "0.92", "Price/Sales (ttm)": "0.33", "Price/Book (mrq)": "N/A", "Enterprise Value/Revenue 3": "3.20", "Enterprise Value/EBITDA 7": "26.32"}, "3/31/2011": {"Duration": "3/31/2011", "Market Cap (intraday) 5": "525.65M", "Enterprise Value 3": "1.23B", "Trailing P/E ": "79.50", "Forward P/E 1": "11.16", "PEG Ratio (5 yr expected) 1": "1.24", "Price/Sales (ttm)": "0.41", "Price/Book (mrq)": "N/A", "Enterprise Value/Revenue 3": "3.98", "Enterprise Value/EBITDA 7": "52.72"}, "12/31/2010": {"Duration": "12/31/2010", "Market Cap (intraday) 5": "467.94M", "Enterprise Value 3": "1.11B", "Trailing P/E ": "42.60", "Forward P/E 1": "11.42", "PEG Ratio (5 yr expected) 1": "1.43", "Price/Sales (ttm)": "0.37", "Price/Book (mrq)": "N/A", "Enterprise Value/Revenue 3": "2.99", "Enterprise Value/EBITDA 7": "23.03"}, "9/30/2010": {"Duration": "9/30/2010", "Market Cap (intraday) 5": "315.68M", "Enterprise Value 3": "1.03B", "Trailing P/E ": "35.94", "Forward P/E 1": "N/A", "PEG Ratio (5 yr expected) 1": "N/A", "Price/Sales (ttm)": "0.25", "Price/Book (mrq)": "N/A", "Enterprise Value/Revenue 3": "3.11", "Enterprise Value/EBITDA 7": "24.06"}, "6/30/2010": {"Duration": "6/30/2010", "Market Cap (intraday) 5": "273.95M", "Enterprise Value 3": "965.55M", "Trailing P/E ": "55.44", "Forward P/E 1": "N/A", "PEG Ratio (5 yr expected) 1": "N/A", "Price/Sales (ttm)": "0.21", "Price/Book (mrq)": "N/A", "Enterprise Value/Revenue 3": "3.05", "Enterprise Value/EBITDA 7": "26.75"}, "3/31/2010": {"Duration": "3/31/2010", "Market Cap (intraday) 5": "419.77M", "Enterprise Value 3": "1.13B", "Trailing P/E ": "N/A", "Forward P/E 1": "N/A", "PEG Ratio (5 yr expected) 1": "N/A", "Price/Sales (ttm)": "0.32", "Price/Book (mrq)": "N/A", "Enterprise Value/Revenue 3": "3.65", "Enterprise Value/EBITDA 7": "36.22"}, "12/31/2009": {"Duration": "12/31/2009", "Market Cap (intraday) 5": "397.29M", "Enterprise Value 3": "1.08B", "Trailing P/E ": "N/A", "Forward P/E 1": "N/A", "PEG Ratio (5 yr expected) 1": "N/A", "Price/Sales (ttm)": "0.31", "Price/Book (mrq)": "N/A", "Enterprise Value/Revenue 3": "3.06", "Enterprise Value/EBITDA 7": "26.39"}, "9/30/2009": {"Duration": "9/30/2009", "Market Cap (intraday) 5": "393.94M", "Enterprise Value 3": "1.11B", "Trailing P/E ": "N/A", "Forward P/E 1": "N/A", "PEG Ratio (5 yr expected) 1": "N/A", "Price/Sales (ttm)": "0.31", "Price/Book (mrq)": "N/A", "Enterprise Value/Revenue 3": "3.45", "Enterprise Value/EBITDA 7": "32.13"}, "6/30/2009": {"Duration": "6/30/2009", "Market Cap (intraday) 5": "153.69M", "Enterprise Value 3": "845.19M", "Trailing P/E ": "N/A", "Forward P/E 1": "N/A", "PEG Ratio (5 yr expected) 1": "N/A", "Price/Sales (ttm)": "0.12", "Price/Book (mrq)": "N/A", "Enterprise Value/Revenue 3": "2.78", "Enterprise Value/EBITDA 7": "37.90"}, "3/31/2009": {"Duration": "3/31/2009", "Market Cap (intraday) 5": "53.31M", "Enterprise Value 3": "776.01M", "Trailing P/E ": "N/A", "Forward P/E 1": "N/A", "PEG Ratio (5 yr expected) 1": "N/A", "Price/Sales (ttm)": "0.04", "Price/Book (mrq)": "N/A", "Enterprise Value/Revenue 3": "2.64", "Enterprise Value/EBITDA 7": "37.67"}, "12/31/2008": {"Duration": "12/31/2008", "Market Cap (intraday) 5": "186.93M", "Enterprise Value 3": "877.53M", "Trailing P/E ": "N/A", "Forward P/E 1": "N/A", "PEG Ratio (5 yr expected) 1": "N/A", "Price/Sales (ttm)": "0.12", "Price/Book (mrq)": "N/A", "Enterprise Value/Revenue 3": "3.18", "Enterprise Value/EBITDA 7": "-5.46"}, "9/30/2008": {"Duration": "9/30/2008", "Market Cap (intraday) 5": "408.45M", "Enterprise Value 3": "1.15B", "Trailing P/E ": "N/A", "Forward P/E 1": "N/A", "PEG Ratio (5 yr expected) 1": "N/A", "Price/Sales (ttm)": "0.22", "Price/Book (mrq)": "1.15", "Enterprise Value/Revenue 3": "2.63", "Enterprise Value/EBITDA 7": "74.85"}, "6/30/2008": {"Duration": "6/30/2008", "Market Cap (intraday) 5": "608.34M", "Enterprise Value 3": "1.41B", "Trailing P/E ": "N/A", "Forward P/E 1": "N/A", "PEG Ratio (5 yr expected) 1": "N/A", "Price/Sales (ttm)": "0.32", "Price/Book (mrq)": "1.49", "Enterprise Value/Revenue 3": "3.20", "Enterprise Value/EBITDA 7": "-59.25"}, "3/31/2008": {"Duration": "3/31/2008", "Market Cap (intraday) 5": "734.98M", "Enterprise Value 3": "1.53B", "Trailing P/E ": "N/A", "Forward P/E 1": "N/A", "PEG Ratio (5 yr expected) 1": "N/A", "Price/Sales (ttm)": "0.38", "Price/Book (mrq)": "1.65", "Enterprise Value/Revenue 3": "3.58", "Enterprise Value/EBITDA 7": "51.43"}, "12/31/2007": {"Duration": "12/31/2007", "Market Cap (intraday) 5": "867.78M", "Enterprise Value 3": "1.60B", "Trailing P/E ": "N/A", "Forward P/E 1": "N/A", "PEG Ratio (5 yr expected) 1": "N/A", "Price/Sales (ttm)": "0.45", "Price/Book (mrq)": "1.98", "Enterprise Value/Revenue 3": "3.00", "Enterprise Value/EBITDA 7": "47.64"}, "9/30/2007": {"Duration": "9/30/2007", "Market Cap (intraday) 5": "1.21B", "Enterprise Value 3": "2.00B", "Trailing P/E ": "56.10", "Forward P/E 1": "N/A", "PEG Ratio (5 yr expected) 1": "N/A", "Price/Sales (ttm)": "0.64", "Price/Book (mrq)": "2.97", "Enterprise Value/Revenue 3": "4.05", "Enterprise Value/EBITDA 7": "39.44"}, "6/30/2007": {"Duration": "6/30/2007", "Market Cap (intraday) 5": "1.25B", "Enterprise Value 3": "2.03B", "Trailing P/E ": "175.95", "Forward P/E 1": "N/A", "PEG Ratio (5 yr expected) 1": "N/A", "Price/Sales (ttm)": "0.65", "Price/Book (mrq)": "3.19", "Enterprise Value/Revenue 3": "4.36", "Enterprise Value/EBITDA 7": "58.28"}, "3/31/2007": {"Duration": "3/31/2007", "Market Cap (intraday) 5": "1.30B", "Enterprise Value 3": "2.06B", "Trailing P/E ": "185.31", "Forward P/E 1": "N/A", "PEG Ratio (5 yr expected) 1": "N/A", "Price/Sales (ttm)": "0.67", "Price/Book (mrq)": "3.39", "Enterprise Value/Revenue 3": "4.61", "Enterprise Value/EBITDA 7": "80.28"}, "12/31/2006": {"Duration": "12/31/2006", "Market Cap (intraday) 5": "1.42B", "Enterprise Value 3": "2.23B", "Trailing P/E ": "38.36", "Forward P/E 1": "N/A", "PEG Ratio (5 yr expected) 1": "N/A", "Price/Sales (ttm)": "0.74", "Price/Book (mrq)": "3.31", "Enterprise Value/Revenue 3": "4.28", "Enterprise Value/EBITDA 7": "38.16"}, "9/30/2006": {"Duration": "9/30/2006", "Market Cap (intraday) 5": "1.19B", "Enterprise Value 3": "2.03B", "Trailing P/E ": "53.00", "Forward P/E 1": "N/A", "PEG Ratio (5 yr expected) 1": "N/A", "Price/Sales (ttm)": "0.61", "Price/Book (mrq)": "2.95", "Enterprise Value/Revenue 3": "4.06", "Enterprise Value/EBITDA 7": "44.62"}, "6/30/2006": {"Duration": "6/30/2006", "Market Cap (intraday) 5": "1.17B", "Enterprise Value 3": "2.00B", "Trailing P/E ": "52.14", "Forward P/E 1": "N/A", "PEG Ratio (5 yr expected) 1": "N/A", "Price/Sales (ttm)": "0.60", "Price/Book (mrq)": "2.90", "Enterprise Value/Revenue 3": "4.33", "Enterprise Value/EBITDA 7": "72.88"}, "3/31/2006": {"Duration": "3/31/2006", "Market Cap (intraday) 5": "1.18B", "Enterprise Value 3": "2.01B", "Trailing P/E ": "22.20", "Forward P/E 1": "N/A", "PEG Ratio (5 yr expected) 1": "N/A", "Price/Sales (ttm)": "0.62", "Price/Book (mrq)": "2.90", "Enterprise Value/Revenue 3": "4.29", "Enterprise Value/EBITDA 7": "59.98"}, "12/31/2005": {"Duration": "12/31/2005", "Market Cap (intraday) 5": "1.29B", "Enterprise Value 3": "2.18B", "Trailing P/E ": "51.04", "Forward P/E 1": "N/A", "PEG Ratio (5 yr expected) 1": "N/A", "Price/Sales (ttm)": "0.56", "Price/Book (mrq)": "3.14", "Enterprise Value/Revenue 3": "4.24", "Enterprise Value/EBITDA 7": "37.09"}, "9/30/2005": {"Duration": "9/30/2005", "Market Cap (intraday) 5": "1.48B", "Enterprise Value 3": "2.37B", "Trailing P/E ": "58.79", "Forward P/E 1": "N/A", "PEG Ratio (5 yr expected) 1": "N/A", "Price/Sales (ttm)": "0.64", "Price/Book (mrq)": "3.59", "Enterprise Value/Revenue 3": "5.61", "Enterprise Value/EBITDA 7": "71.31"}}, "inside": {"Date": ["INSIDER NAME", "TITLE", "DATE", "TRANSATION", "SHARE", "PRICE", "AMOUNT"], "2021-03-09 13:42:34": ["ELISMAN BORIS", "CHAIRMAN, PRESIDENT & CEO", "2021-03-07", "OPTION EXERCISE", "47,039", "0.00", "0"], "2021-03-09 13:42:13": ["SCHNEIDER PAMELA R", "SR VP, GENERAL COUNSEL & SEC", "2021-03-07", "OPTION EXERCISE", "12,783", "0.00", "0"], "2021-03-09 13:41:55": ["MCCORMACK GREGORY J.", "SVP N.A. OPER & GLOBAL SUPPLY", "2021-03-07", "OPTION EXERCISE", "7,670", "0.00", "0"], "2021-03-09 13:41:36": ["FENWICK NEAL V", "EXECUTIVE VP AND CFO", "2021-03-07", "OPTION EXERCISE", "16,617", "0.00", "0"], "2021-03-09 13:41:16": ["DUDEK JAMES", "SVP, CORP CONTROLLER AND CAO", "2021-03-07", "OPTION EXERCISE", "2,557", "0.00", "0"], "2021-03-09 13:40:58": ["TEDFORD THOMAS W", "EXEC VP & PRES NO. AMERICA", "2021-03-07", "OPTION EXERCISE", "20,452", "0.00", "0"], "2021-03-09 13:40:39": ["MONKO CEZARY L", "EXEC VP; PRES ACCO BRANDS EMEA", "2021-03-07", "OPTION EXERCISE", "12,783", "0.00", "0"], "2021-03-09 13:40:15": ["BUCHENROTH PATRICK", "EXECVP, PRES ACCO BRANDS INTL", "2021-03-07", "OPTION EXERCISE", "11,505", "0.00", "0"], "2021-03-09 13:39:50": ["ANDERSON MARK C", "SR VP, CORPORATE DEVELOPMENT", "2021-03-07", "OPTION EXERCISE", "5,880", "0.00", "0"], "2021-03-04 17:37:06": ["ELISMAN BORIS", "CHAIRMAN, PRESIDENT & CEO", "2021-03-02", "OPTION EXERCISE", "94,944", "6.12", "581,057"], "2021-03-04 17:36:47": ["TEDFORD THOMAS W", "EXEC VP & PRES NO. AMERICA", "2021-03-02", "OPTION EXERCISE", "6,260", "6.12", "38,311"], "2021-03-04 17:33:51": ["FENWICK NEAL V", "EXECUTIVE VP AND CFO", "2021-03-02", "OPTION EXERCISE", "81,110", "6.12", "496,393"], "2021-02-10 16:38:38": ["SCHNEIDER PAMELA R", "SR VP, GENERAL COUNSEL & SEC", "2021-02-10", "OPTION EXERCISE", "8,602", "6.12", "52,644"], "2020-12-23 11:44:43": ["ELISMAN BORIS", "CHAIRMAN, PRESIDENT & CEO", "2020-12-22", "OPTION EXERCISE", "200,000", "6.12", "1,224,000"], "2020-12-22 16:45:09": ["SCHNEIDER PAMELA R", "SR VP, GENERAL COUNSEL & SEC", "2020-12-22", "OPTION EXERCISE", "8,603", "6.12", "52,650"], "2020-12-10 16:20:12": ["BUCHENROTH PATRICK", "EXECVP, PRES ACCO BRANDS INTL", "2020-12-09", "SELL", "10,000", "8.46", "84,627"], "2020-12-03 15:11:03": ["MCCORMACK GREGORY J.", "SVP N.A. OPER & GLOBAL SUPPLY", "2020-12-02", "OPTION EXERCISE", "44,242", "6.12", "270,761"], "2020-11-25 10:25:18": ["HARGROW RALPH PAUL", "SR VP & CHIEF PEOPLE OFFICER", "2020-11-24", "OPTION EXERCISE", "23,965", "6.12", "146,666"], "2020-11-16 11:48:48": ["LOMBARDI RONALD M.", "DIRECTIOR", "2020-11-13", "BUY", "50,000", "6.83", "341,745"]}}}, {"EBF": {"quote": {"05/11/2021": {"value": "20.83", "Market Cap": "543.732M", "Beta (5Y Monthly)": "0.52", "PE Ratio (TTM)": "22.47", "EPS (TTM)": "0.93", "Earnings Date": "Jun 21, 2021 - Jun 25, 2021", "Forward Dividend & Yield": "1.00 (4.71%)", "Ex-Dividend Date": "Jul 08, 2021", "1y Target Est": "24.00"}}, "fin": {"TTM": {"Duration": "TTM", "Total Revenue": "357,973", "Cost of Revenue": "254,207", "Gross Profit": "103,766", "Operating Expense": "68,270", "Operating Income": "35,496", "Net Non Operating Interest Income Expense": "-11", "Other Income Expense": "-2,198", "Pretax Income": "33,287", "Tax Provision": "9,193", "Net Income Common Stockholders": "24,094", "Diluted NI Available to Com Stockholders": "24,094", "Basic EPS": "-", "Diluted EPS": "-", "Basic Average Shares": "-", "Diluted Average Shares": "-", "Total Operating Income as Reported": "35,901", "Total Expenses": "322,477", "Net Income from Continuing & Discontinued Operation": "24,094", "Normalized Income": "23,801", "Interest Expense": "11", "Net Interest Income": "-11", "EBIT": "33,298", "EBITDA": "51,335", "Reconciled Cost of Revenue": "254,207", "Reconciled Depreciation": "18,037", "Net Income from Continuing Operation Net Minority Interest": "24,094", "Total Unusual Items Excluding Goodwill": "405", "Total Unusual Items": "405", "Normalized EBITDA": "50,930", "Tax Rate for Calcs": "0", "Tax Effect of Unusual Items": "111.78"}, "2/29/2020": {"Duration": "2/29/2020", "Total Revenue": "438,412", "Cost of Revenue": "309,488", "Gross Profit": "128,924", "Operating Expense": "78,173", "Operating Income": "50,751", "Net Non Operating Interest Income Expense": "-606", "Other Income Expense": "1,106", "Pretax Income": "51,251", "Tax Provision": "12,959", "Net Income Common Stockholders": "38,292", "Diluted NI Available to Com Stockholders": "38,292", "Basic EPS": "1.47", "Diluted EPS": "1.47", "Basic Average Shares": "26,036", "Diluted Average Shares": "26,036", "Total Operating Income as Reported": "50,838", "Total Expenses": "387,661", "Net Income from Continuing & Discontinued Operation": "38,292", "Normalized Income": "38,227", "Interest Expense": "606", "Net Interest Income": "-606", "EBIT": "51,857", "EBITDA": "-", "Reconciled Cost of Revenue": "309,488", "Reconciled Depreciation": "18,194", "Net Income from Continuing Operation Net Minority Interest": "38,292", "Total Unusual Items Excluding Goodwill": "87", "Total Unusual Items": "87", "Normalized EBITDA": "69,964", "Tax Rate for Calcs": "0", "Tax Effect of Unusual Items": "22.011"}, "2/28/2019": {"Duration": "2/28/2019", "Total Revenue": "400,782", "Cost of Revenue": "277,422", "Gross Profit": "123,360", "Operating Expense": "73,490", "Operating Income": "49,870", "Net Non Operating Interest Income Expense": "-1,154", "Other Income Expense": "1,218", "Pretax Income": "49,934", "Tax Provision": "12,497", "Net Income Common Stockholders": "37,437", "Diluted NI Available to Com Stockholders": "37,437", "Basic EPS": "1.45", "Diluted EPS": "1.45", "Basic Average Shares": "25,830", "Diluted Average Shares": "25,842", "Total Operating Income as Reported": "50,087", "Total Expenses": "350,912", "Net Income from Continuing & Discontinued Operation": "37,437", "Normalized Income": "37,274", "Interest Expense": "1,154", "Net Interest Income": "-1,154", "EBIT": "51,088", "EBITDA": "-", "Reconciled Cost of Revenue": "277,422", "Reconciled Depreciation": "16,189", "Net Income from Continuing Operation Net Minority Interest": "37,437", "Total Unusual Items Excluding Goodwill": "217", "Total Unusual Items": "217", "Normalized EBITDA": "67,060", "Tax Rate for Calcs": "0", "Tax Effect of Unusual Items": "54.3151"}, "2/28/2021": {"Duration": "2/28/2021", "Total Revenue": "357,973", "Cost of Revenue": "254,207", "Gross Profit": "103,766", "Operating Expense": "68,270", "Operating Income": "35,496", "Net Non Operating Interest Income Expense": "-11", "Other Income Expense": "-2,198", "Pretax Income": "33,287", "Tax Provision": "9,193", "Net Income Common Stockholders": "24,094", "Diluted NI Available to Com Stockholders": "24,094", "Basic EPS": "-", "Diluted EPS": "-", "Basic Average Shares": "-", "Diluted Average Shares": "-", "Total Operating Income as Reported": "35,901", "Total Expenses": "322,477", "Net Income from Continuing & Discontinued Operation": "24,094", "Normalized Income": "23,801", "Interest Expense": "11", "Net Interest Income": "-11", "EBIT": "33,298", "EBITDA": "-", "Reconciled Cost of Revenue": "254,207", "Reconciled Depreciation": "18,037", "Net Income from Continuing Operation Net Minority Interest": "24,094", "Total Unusual Items Excluding Goodwill": "405", "Total Unusual Items": "405", "Normalized EBITDA": "50,930", "Tax Rate for Calcs": "0", "Tax Effect of Unusual Items": "111.78"}, "2/28/2018": {"Duration": "2/28/2018", "Total Revenue": "370,171", "Cost of Revenue": "253,257", "Gross Profit": "116,914", "Operating Expense": "69,451", "Operating Income": "47,463", "Net Non Operating Interest Income Expense": "-777", "Other Income Expense": "223", "Pretax Income": "46,909", "Tax Provision": "14,151", "Net Income Common Stockholders": "32,905", "Diluted NI Available to Com Stockholders": "32,905", "Basic EPS": "1.30", "Diluted EPS": "1.30", "Basic Average Shares": "25,392", "Diluted Average Shares": "25,417", "Total Operating Income as Reported": "47,301", "Total Expenses": "322,708", "Net Income from Continuing & Discontinued Operation": "32,905", "Normalized Income": "32,871", "Interest Expense": "777", "Net Interest Income": "-777", "EBIT": "47,686", "EBITDA": "-", "Reconciled Cost of Revenue": "253,257", "Reconciled Depreciation": "14,091", "Net Income from Continuing Operation Net Minority Interest": "32,758", "Total Unusual Items Excluding Goodwill": "-162", "Total Unusual Items": "-162", "Normalized EBITDA": "61,939", "Tax Rate for Calcs": "0", "Tax Effect of Unusual Items": "-48.924"}, "2/28/2017": {"Duration": "2/28/2017", "Total Revenue": "356,888", "Cost of Revenue": "252,938", "Gross Profit": "103,950", "Operating Expense": "63,147", "Operating Income": "40,803", "Net Non Operating Interest Income Expense": "-613", "Other Income Expense": "-157", "Pretax Income": "40,033", "Tax Provision": "13,616", "Net Income Common Stockholders": "1,780", "Diluted NI Available to Com Stockholders": "1,780", "Basic EPS": "0.07", "Diluted EPS": "0.07", "Basic Average Shares": "25,735", "Diluted Average Shares": "25,749", "Total Operating Income as Reported": "40,525", "Total Expenses": "316,085", "Net Income from Continuing & Discontinued Operation": "1,780", "Normalized Income": "26,600", "Interest Expense": "613", "Net Interest Income": "-613", "EBIT": "40,646", "EBITDA": "-", "Reconciled Cost of Revenue": "252,938", "Reconciled Depreciation": "12,607", "Net Income from Continuing Operation Net Minority Interest": "26,417", "Total Unusual Items Excluding Goodwill": "-278", "Total Unusual Items": "-278", "Normalized EBITDA": "53,531", "Tax Rate for Calcs": "0", "Tax Effect of Unusual Items": "-94.52"}, "2/29/2016": {"Duration": "2/29/2016", "Total Revenue": "568,973", "Cost of Revenue": "416,234", "Gross Profit": "152,739", "Operating Expense": "92,792", "Operating Income": "59,947", "Net Non Operating Interest Income Expense": "-1,358", "Other Income Expense": "-2,017", "Pretax Income": "56,572", "Tax Provision": "20,836", "Net Income Common Stockholders": "35,736", "Diluted NI Available to Com Stockholders": "35,736", "Basic EPS": "1.39", "Diluted EPS": "1.39", "Basic Average Shares": "25,688", "Diluted Average Shares": "25,722", "Total Operating Income as Reported": "56,296", "Total Expenses": "509,026", "Net Income from Continuing & Discontinued Operation": "35,736", "Normalized Income": "38,043", "Interest Expense": "1,358", "Net Interest Income": "-1,358", "EBIT": "57,930", "EBITDA": "-", "Reconciled Cost of Revenue": "416,234", "Reconciled Depreciation": "17,349", "Net Income from Continuing Operation Net Minority Interest": "35,736", "Total Unusual Items Excluding Goodwill": "-3,651", "Total Unusual Items": "-3,651", "Normalized EBITDA": "78,930", "Tax Rate for Calcs": "0", "Tax Effect of Unusual Items": "-1,344"}, "2/28/2015": {"Duration": "2/28/2015", "Total Revenue": "580,240", "Cost of Revenue": "434,764", "Gross Profit": "145,476", "Operating Expense": "89,926", "Operating Income": "55,550", "Net Non Operating Interest Income Expense": "-2,025", "Other Income Expense": "-92,658", "Pretax Income": "-39,133", "Tax Provision": "5,400", "Net Income Common Stockholders": "-44,533", "Diluted NI Available to Com Stockholders": "-44,533", "Basic EPS": "-1.72", "Diluted EPS": "-1.72", "Basic Average Shares": "25,864", "Diluted Average Shares": "25,864", "Total Operating Income as Reported": "-37,716", "Total Expenses": "524,690", "Net Income from Continuing & Discontinued Operation": "-44,533", "Normalized Income": "11,427", "Interest Expense": "2,025", "Net Interest Income": "-2,025", "EBIT": "-37,108", "EBITDA": "-", "Reconciled Cost of Revenue": "434,764", "Reconciled Depreciation": "16,284", "Net Income from Continuing Operation Net Minority Interest": "-44,533", "Total Unusual Items Excluding Goodwill": "-93,266", "Total Unusual Items": "-93,266", "Normalized EBITDA": "72,442", "Tax Rate for Calcs": "0", "Tax Effect of Unusual Items": "-37,306"}, "2/28/2014": {"Duration": "2/28/2014", "Total Revenue": "542,442", "Cost of Revenue": "398,649", "Gross Profit": "143,793", "Operating Expense": "86,677", "Operating Income": "57,116", "Net Non Operating Interest Income Expense": "-1,268", "Other Income Expense": "-24,056", "Pretax Income": "31,792", "Tax Provision": "18,603", "Net Income Common Stockholders": "13,189", "Diluted NI Available to Com Stockholders": "13,189", "Basic EPS": "0.50", "Diluted EPS": "0.50", "Basic Average Shares": "26,125", "Diluted Average Shares": "26,146", "Total Operating Income as Reported": "33,164", "Total Expenses": "485,326", "Net Income from Continuing & Discontinued Operation": "13,189", "Normalized Income": "28,758", "Interest Expense": "1,268", "Net Interest Income": "-1,268", "EBIT": "33,060", "EBITDA": "-", "Reconciled Cost of Revenue": "398,649", "Reconciled Depreciation": "14,070", "Net Income from Continuing Operation Net Minority Interest": "13,189", "Total Unusual Items Excluding Goodwill": "-23,952", "Total Unusual Items": "-23,952", "Normalized EBITDA": "71,082", "Tax Rate for Calcs": "0", "Tax Effect of Unusual Items": "-8,383"}, "2/28/2013": {"Duration": "2/28/2013", "Total Revenue": "533,506", "Cost of Revenue": "409,354", "Gross Profit": "124,152", "Operating Expense": "83,757", "Operating Income": "40,395", "Net Non Operating Interest Income Expense": "-1,528", "Other Income Expense": "-249", "Pretax Income": "38,618", "Tax Provision": "13,903", "Net Income Common Stockholders": "24,715", "Diluted NI Available to Com Stockholders": "24,715", "Basic EPS": "0.95", "Diluted EPS": "0.95", "Basic Average Shares": "26,016", "Diluted Average Shares": "26,016", "Total Operating Income as Reported": "40,393", "Total Expenses": "493,111", "Net Income from Continuing & Discontinued Operation": "24,715", "Normalized Income": "24,716", "Interest Expense": "1,528", "Net Interest Income": "-1,528", "EBIT": "40,146", "EBITDA": "-", "Reconciled Cost of Revenue": "409,354", "Reconciled Depreciation": "13,235", "Net Income from Continuing Operation Net Minority Interest": "24,715", "Total Unusual Items Excluding Goodwill": "-2", "Total Unusual Items": "-2", "Normalized EBITDA": "53,383", "Tax Rate for Calcs": "0", "Tax Effect of Unusual Items": "-0.72"}, "2/29/2012": {"Duration": "2/29/2012", "Total Revenue": "517,014", "Cost of Revenue": "386,501", "Gross Profit": "130,513", "Operating Expense": "78,962", "Operating Income": "51,551", "Net Non Operating Interest Income Expense": "-2,285", "Other Income Expense": "114", "Pretax Income": "49,380", "Tax Provision": "18,022", "Net Income Common Stockholders": "31,358", "Diluted NI Available to Com Stockholders": "31,358", "Basic EPS": "1.21", "Diluted EPS": "1.21", "Basic Average Shares": "25,916", "Diluted Average Shares": "25,916", "Total Operating Income as Reported": "51,688", "Total Expenses": "465,463", "Net Income from Continuing & Discontinued Operation": "31,358", "Normalized Income": "31,286", "Interest Expense": "2,285", "Net Interest Income": "-2,285", "EBIT": "51,665", "EBITDA": "-", "Reconciled Cost of Revenue": "386,501", "Reconciled Depreciation": "11,952", "Net Income from Continuing Operation Net Minority Interest": "31,358", "Total Unusual Items Excluding Goodwill": "114", "Total Unusual Items": "114", "Normalized EBITDA": "63,503", "Tax Rate for Calcs": "0", "Tax Effect of Unusual Items": "41.6061"}, "2/28/2011": {"Duration": "2/28/2011", "Total Revenue": "549,999", "Cost of Revenue": "395,501", "Gross Profit": "154,498", "Operating Expense": "83,677", "Operating Income": "70,821", "Net Non Operating Interest Income Expense": "-1,234", "Other Income Expense": "-170", "Pretax Income": "69,417", "Tax Provision": "24,786", "Net Income Common Stockholders": "44,631", "Diluted NI Available to Com Stockholders": "44,631", "Basic EPS": "1.73", "Diluted EPS": "1.72", "Basic Average Shares": "25,798", "Diluted Average Shares": "25,948", "Total Operating Income as Reported": "70,821", "Total Expenses": "479,178", "Net Income from Continuing & Discontinued Operation": "44,631", "Normalized Income": "44,740", "Interest Expense": "1,234", "Net Interest Income": "-1,234", "EBIT": "70,651", "EBITDA": "-", "Reconciled Cost of Revenue": "395,501", "Reconciled Depreciation": "10,465", "Net Income from Continuing Operation Net Minority Interest": "44,631", "Total Unusual Items Excluding Goodwill": "-170", "Total Unusual Items": "-170", "Normalized EBITDA": "81,286", "Tax Rate for Calcs": "0", "Tax Effect of Unusual Items": "-60.7001"}, "2/28/2010": {"Duration": "2/28/2010", "Total Revenue": "517,738", "Cost of Revenue": "382,419", "Gross Profit": "135,319", "Operating Expense": "76,737", "Operating Income": "58,582", "Net Non Operating Interest Income Expense": "-2,627", "Other Income Expense": "-286", "Pretax Income": "55,669", "Tax Provision": "20,463", "Net Income Common Stockholders": "35,206", "Diluted NI Available to Com Stockholders": "35,206", "Basic EPS": "1.37", "Diluted EPS": "1.36", "Basic Average Shares": "25,698", "Diluted Average Shares": "25,887", "Total Operating Income as Reported": "58,582", "Total Expenses": "459,156", "Net Income from Continuing & Discontinued Operation": "35,206", "Normalized Income": "35,387", "Interest Expense": "2,627", "Net Interest Income": "-2,627", "EBIT": "58,296", "EBITDA": "-", "Reconciled Cost of Revenue": "382,419", "Reconciled Depreciation": "11,379", "Net Income from Continuing Operation Net Minority Interest": "35,206", "Total Unusual Items Excluding Goodwill": "-286", "Total Unusual Items": "-286", "Normalized EBITDA": "69,961", "Tax Rate for Calcs": "0", "Tax Effect of Unusual Items": "-105.1289"}, "2/28/2009": {"Duration": "2/28/2009", "Total Revenue": "584,029", "Cost of Revenue": "440,553", "Gross Profit": "143,476", "Operating Expense": "85,703", "Operating Income": "57,773", "Net Non Operating Interest Income Expense": "-3,363", "Other Income Expense": "-67,469", "Pretax Income": "-13,059", "Tax Provision": "19,709", "Net Income Common Stockholders": "-32,768", "Diluted NI Available to Com Stockholders": "-32,768", "Basic EPS": "-1.27", "Diluted EPS": "-1.27", "Basic Average Shares": "25,707", "Diluted Average Shares": "25,790", "Total Operating Income as Reported": "-10,078", "Total Expenses": "526,256", "Net Income from Continuing & Discontinued Operation": "-32,768", "Normalized Income": "11,087", "Interest Expense": "3,363", "Net Interest Income": "-3,363", "EBIT": "-9,696", "EBITDA": "-", "Reconciled Cost of Revenue": "440,553", "Reconciled Depreciation": "12,860", "Net Income from Continuing Operation Net Minority Interest": "-32,768", "Total Unusual Items Excluding Goodwill": "-67,469", "Total Unusual Items": "-67,469", "Normalized EBITDA": "70,633", "Tax Rate for Calcs": "0", "Tax Effect of Unusual Items": "-23,614"}, "2/29/2008": {"Duration": "2/29/2008", "Total Revenue": "610,610", "Cost of Revenue": "457,963", "Gross Profit": "152,647", "Operating Expense": "76,867", "Operating Income": "75,780", "Net Non Operating Interest Income Expense": "-", "Other Income Expense": "440", "Pretax Income": "69,785", "Tax Provision": "25,195", "Net Income Common Stockholders": "44,590", "Diluted NI Available to Com Stockholders": "44,590", "Basic EPS": "1.74", "Diluted EPS": "1.72", "Basic Average Shares": "25,623", "Diluted Average Shares": "25,860", "Total Operating Income as Reported": "75,780", "Total Expenses": "534,830", "Net Income from Continuing & Discontinued Operation": "44,590", "Normalized Income": "44,309", "Interest Expense": "-", "Net Interest Income": "-", "EBIT": "75,780", "EBITDA": "-", "Reconciled Cost of Revenue": "457,963", "Reconciled Depreciation": "14,727", "Net Income from Continuing Operation Net Minority Interest": "44,590", "Total Unusual Items Excluding Goodwill": "440", "Total Unusual Items": "440", "Normalized EBITDA": "90,067", "Tax Rate for Calcs": "0", "Tax Effect of Unusual Items": "158.8565"}, "2/28/2007": {"Duration": "2/28/2007", "Total Revenue": "584,713", "Cost of Revenue": "438,776", "Gross Profit": "145,937", "Operating Expense": "72,579", "Operating Income": "73,358", "Net Non Operating Interest Income Expense": "-", "Other Income Expense": "-57", "Pretax Income": "66,365", "Tax Provision": "24,764", "Net Income Common Stockholders": "41,601", "Diluted NI Available to Com Stockholders": "41,601", "Basic EPS": "1.63", "Diluted EPS": "1.62", "Basic Average Shares": "25,531", "Diluted Average Shares": "25,759", "Total Operating Income as Reported": "73,358", "Total Expenses": "511,355", "Net Income from Continuing & Discontinued Operation": "41,601", "Normalized Income": "41,637", "Interest Expense": "-", "Net Interest Income": "-", "EBIT": "73,358", "EBITDA": "-", "Reconciled Cost of Revenue": "438,776", "Reconciled Depreciation": "17,078", "Net Income from Continuing Operation Net Minority Interest": "41,601", "Total Unusual Items Excluding Goodwill": "-57", "Total Unusual Items": "-57", "Normalized EBITDA": "90,493", "Tax Rate for Calcs": "0", "Tax Effect of Unusual Items": "-21.2695"}, "2/28/2006": {"Duration": "2/28/2006", "Total Revenue": "559,397", "Cost of Revenue": "417,307", "Gross Profit": "142,090", "Operating Expense": "70,060", "Operating Income": "72,030", "Net Non Operating Interest Income Expense": "-", "Other Income Expense": "272", "Pretax Income": "63,971", "Tax Provision": "23,434", "Net Income Common Stockholders": "40,537", "Diluted NI Available to Com Stockholders": "40,537", "Basic EPS": "1.59", "Diluted EPS": "1.58", "Basic Average Shares": "25,453", "Diluted Average Shares": "25,728", "Total Operating Income as Reported": "72,030", "Total Expenses": "487,367", "Net Income from Continuing & Discontinued Operation": "40,537", "Normalized Income": "40,365", "Interest Expense": "-", "Net Interest Income": "-", "EBIT": "72,030", "EBITDA": "-", "Reconciled Cost of Revenue": "417,307", "Reconciled Depreciation": "18,306", "Net Income from Continuing Operation Net Minority Interest": "40,537", "Total Unusual Items Excluding Goodwill": "272", "Total Unusual Items": "272", "Normalized EBITDA": "90,064", "Tax Rate for Calcs": "0", "Tax Effect of Unusual Items": "99.6396"}, "2/28/2005": {"Duration": "2/28/2005", "Total Revenue": "365,353", "Cost of Revenue": "274,596", "Gross Profit": "90,757", "Operating Expense": "51,159", "Operating Income": "39,598", "Net Non Operating Interest Income Expense": "-", "Other Income Expense": "622", "Pretax Income": "37,465", "Tax Provision": "14,506", "Net Income Common Stockholders": "22,959", "Diluted NI Available to Com Stockholders": "22,959", "Basic EPS": "1.21", "Diluted EPS": "1.19", "Basic Average Shares": "18,936", "Diluted Average Shares": "19,260", "Total Operating Income as Reported": "39,598", "Total Expenses": "325,755", "Net Income from Continuing & Discontinued Operation": "22,959", "Normalized Income": "22,578", "Interest Expense": "-", "Net Interest Income": "-", "EBIT": "39,598", "EBITDA": "-", "Reconciled Cost of Revenue": "274,596", "Reconciled Depreciation": "11,076", "Net Income from Continuing Operation Net Minority Interest": "22,959", "Total Unusual Items Excluding Goodwill": "622", "Total Unusual Items": "622", "Normalized EBITDA": "50,052", "Tax Rate for Calcs": "0", "Tax Effect of Unusual Items": "240.831"}, "2/29/2004": {"Duration": "2/29/2004", "Total Revenue": "259,360", "Cost of Revenue": "190,812", "Gross Profit": "68,548", "Operating Expense": "38,521", "Operating Income": "30,027", "Net Non Operating Interest Income Expense": "-", "Other Income Expense": "-307", "Pretax Income": "28,890", "Tax Provision": "10,939", "Net Income Common Stockholders": "17,951", "Diluted NI Available to Com Stockholders": "17,951", "Basic EPS": "1.10", "Diluted EPS": "1.08", "Basic Average Shares": "16,358", "Diluted Average Shares": "16,602", "Total Operating Income as Reported": "30,027", "Total Expenses": "229,333", "Net Income from Continuing & Discontinued Operation": "17,951", "Normalized Income": "18,142", "Interest Expense": "830", "Net Interest Income": "-830", "EBIT": "30,027", "EBITDA": "-", "Reconciled Cost of Revenue": "190,812", "Reconciled Depreciation": "9,348", "Net Income from Continuing Operation Net Minority Interest": "17,951", "Total Unusual Items Excluding Goodwill": "-307", "Total Unusual Items": "-307", "Normalized EBITDA": "39,682", "Tax Rate for Calcs": "0", "Tax Effect of Unusual Items": "-116.2434"}, "2/28/2003": {"Duration": "2/28/2003", "Total Revenue": "240,757", "Cost of Revenue": "177,485", "Gross Profit": "63,272", "Operating Expense": "37,559", "Operating Income": "25,713", "Net Non Operating Interest Income Expense": "-", "Other Income Expense": "-62", "Pretax Income": "24,345", "Tax Provision": "9,098", "Net Income Common Stockholders": "15,247", "Diluted NI Available to Com Stockholders": "15,247", "Basic EPS": "0.94", "Diluted EPS": "0.93", "Basic Average Shares": "16,285", "Diluted Average Shares": "16,478", "Total Operating Income as Reported": "25,713", "Total Expenses": "215,044", "Net Income from Continuing & Discontinued Operation": "15,247", "Normalized Income": "15,286", "Interest Expense": "1,306", "Net Interest Income": "-1,306", "EBIT": "25,713", "EBITDA": "-", "Reconciled Cost of Revenue": "177,485", "Reconciled Depreciation": "9,194", "Net Income from Continuing Operation Net Minority Interest": "15,247", "Total Unusual Items Excluding Goodwill": "-62", "Total Unusual Items": "-62", "Normalized EBITDA": "34,969", "Tax Rate for Calcs": "0", "Tax Effect of Unusual Items": "-23.1701"}, "2/28/2002": {"Duration": "2/28/2002", "Total Revenue": "236,923", "Cost of Revenue": "171,935", "Gross Profit": "64,988", "Operating Expense": "39,000", "Operating Income": "25,988", "Net Non Operating Interest Income Expense": "-", "Other Income Expense": "364", "Pretax Income": "24,403", "Tax Provision": "9,437", "Net Income Common Stockholders": "14,966", "Diluted NI Available to Com Stockholders": "14,966", "Basic EPS": "0.92", "Diluted EPS": "0.92", "Basic Average Shares": "16,319", "Diluted Average Shares": "16,319", "Total Operating Income as Reported": "25,988", "Total Expenses": "210,935", "Net Income from Continuing & Discontinued Operation": "14,966", "Normalized Income": "14,743", "Interest Expense": "-", "Net Interest Income": "-", "EBIT": "25,988", "EBITDA": "-", "Reconciled Cost of Revenue": "171,935", "Reconciled Depreciation": "10,296", "Net Income from Continuing Operation Net Minority Interest": "14,966", "Total Unusual Items Excluding Goodwill": "364", "Total Unusual Items": "364", "Normalized EBITDA": "35,920", "Tax Rate for Calcs": "0", "Tax Effect of Unusual Items": "140.7642"}, "2/28/2001": {"Duration": "2/28/2001", "Total Revenue": "229,186", "Cost of Revenue": "156,610", "Gross Profit": "72,576", "Operating Expense": "50,086", "Operating Income": "22,490", "Net Non Operating Interest Income Expense": "-", "Other Income Expense": "1,127", "Pretax Income": "21,571", "Tax Provision": "8,394", "Net Income Common Stockholders": "13,177", "Diluted NI Available to Com Stockholders": "13,177", "Basic EPS": "0.81", "Diluted EPS": "0.81", "Basic Average Shares": "16,247", "Diluted Average Shares": "16,247", "Total Operating Income as Reported": "22,490", "Total Expenses": "206,696", "Net Income from Continuing & Discontinued Operation": "13,177", "Normalized Income": "12,489", "Interest Expense": "-", "Net Interest Income": "-", "EBIT": "22,490", "EBITDA": "-", "Reconciled Cost of Revenue": "156,610", "Reconciled Depreciation": "9,730", "Net Income from Continuing Operation Net Minority Interest": "13,177", "Total Unusual Items Excluding Goodwill": "1,127", "Total Unusual Items": "1,127", "Normalized EBITDA": "31,093", "Tax Rate for Calcs": "0", "Tax Effect of Unusual Items": "438.5535"}, "2/29/2000": {"Duration": "2/29/2000", "Total Revenue": "166,525", "Cost of Revenue": "107,866", "Gross Profit": "58,659", "Operating Expense": "36,730", "Operating Income": "21,929", "Net Non Operating Interest Income Expense": "-", "Other Income Expense": "1,002", "Pretax Income": "24,041", "Tax Provision": "8,918", "Net Income Common Stockholders": "15,123", "Diluted NI Available to Com Stockholders": "15,123", "Basic EPS": "0.93", "Diluted EPS": "0.93", "Basic Average Shares": "16,250", "Diluted Average Shares": "16,267", "Total Operating Income as Reported": "21,929", "Total Expenses": "144,596", "Net Income from Continuing & Discontinued Operation": "15,123", "Normalized Income": "14,493", "Interest Expense": "-", "Net Interest Income": "-", "EBIT": "21,929", "EBITDA": "-", "Reconciled Cost of Revenue": "107,866", "Reconciled Depreciation": "5,874", "Net Income from Continuing Operation Net Minority Interest": "15,123", "Total Unusual Items Excluding Goodwill": "1,002", "Total Unusual Items": "1,002", "Normalized EBITDA": "26,801", "Tax Rate for Calcs": "0", "Tax Effect of Unusual Items": "371.6915"}, "2/28/1999": {"Duration": "2/28/1999", "Total Revenue": "150,900", "Cost of Revenue": "96,000", "Gross Profit": "54,900", "Operating Expense": "33,500", "Operating Income": "21,400", "Net Non Operating Interest Income Expense": "-", "Other Income Expense": "1,200", "Pretax Income": "22,500", "Tax Provision": "8,400", "Net Income Common Stockholders": "14,100", "Diluted NI Available to Com Stockholders": "14,100", "Basic EPS": "0.87", "Diluted EPS": "0.87", "Basic Average Shares": "16,207", "Diluted Average Shares": "16,500", "Total Operating Income as Reported": "21,400", "Total Expenses": "129,500", "Net Income from Continuing & Discontinued Operation": "14,100", "Normalized Income": "13,348", "Interest Expense": "-", "Net Interest Income": "-", "EBIT": "21,400", "EBITDA": "-", "Reconciled Cost of Revenue": "96,000", "Reconciled Depreciation": "5,400", "Net Income from Continuing Operation Net Minority Interest": "14,100", "Total Unusual Items Excluding Goodwill": "1,200", "Total Unusual Items": "1,200", "Normalized EBITDA": "25,600", "Tax Rate for Calcs": "0", "Tax Effect of Unusual Items": "448"}, "2/28/1998": {"Duration": "2/28/1998", "Total Revenue": "154,300", "Cost of Revenue": "99,100", "Gross Profit": "55,200", "Operating Expense": "37,400", "Operating Income": "17,800", "Net Non Operating Interest Income Expense": "-", "Other Income Expense": "-2,000", "Pretax Income": "15,800", "Tax Provision": "5,600", "Net Income Common Stockholders": "10,200", "Diluted NI Available to Com Stockholders": "10,200", "Basic EPS": "0.62", "Diluted EPS": "0.62", "Basic Average Shares": "16,452", "Diluted Average Shares": "16,486", "Total Operating Income as Reported": "17,800", "Total Expenses": "136,500", "Net Income from Continuing & Discontinued Operation": "10,200", "Normalized Income": "11,491", "Interest Expense": "-", "Net Interest Income": "-", "EBIT": "17,800", "EBITDA": "-", "Reconciled Cost of Revenue": "99,100", "Reconciled Depreciation": "6,200", "Net Income from Continuing Operation Net Minority Interest": "10,200", "Total Unusual Items Excluding Goodwill": "-2,000", "Total Unusual Items": "-2,000", "Normalized EBITDA": "26,000", "Tax Rate for Calcs": "0", "Tax Effect of Unusual Items": "-708.8608"}, "2/28/1997": {"Duration": "2/28/1997", "Total Revenue": "153,700", "Cost of Revenue": "100,300", "Gross Profit": "53,400", "Operating Expense": "33,200", "Operating Income": "20,200", "Net Non Operating Interest Income Expense": "-", "Other Income Expense": "1,400", "Pretax Income": "21,500", "Tax Provision": "8,000", "Net Income Common Stockholders": "13,500", "Diluted NI Available to Com Stockholders": "13,500", "Basic EPS": "0.82", "Diluted EPS": "0.82", "Basic Average Shares": "16,463", "Diluted Average Shares": "16,463", "Total Operating Income as Reported": "20,200", "Total Expenses": "133,500", "Net Income from Continuing & Discontinued Operation": "13,500", "Normalized Income": "12,621", "Interest Expense": "-", "Net Interest Income": "-", "EBIT": "20,200", "EBITDA": "-", "Reconciled Cost of Revenue": "100,300", "Reconciled Depreciation": "4,900", "Net Income from Continuing Operation Net Minority Interest": "13,500", "Total Unusual Items Excluding Goodwill": "1,400", "Total Unusual Items": "1,400", "Normalized EBITDA": "23,700", "Tax Rate for Calcs": "0", "Tax Effect of Unusual Items": "520.9302"}, "2/29/1996": {"Duration": "2/29/1996", "Total Revenue": "142,100", "Cost of Revenue": "84,200", "Gross Profit": "57,900", "Operating Expense": "29,400", "Operating Income": "28,500", "Net Non Operating Interest Income Expense": "-", "Other Income Expense": "1,800", "Pretax Income": "30,100", "Tax Provision": "11,500", "Net Income Common Stockholders": "18,600", "Diluted NI Available to Com Stockholders": "18,600", "Basic EPS": "1.13", "Diluted EPS": "1.13", "Basic Average Shares": "16,460", "Diluted Average Shares": "16,471", "Total Operating Income as Reported": "28,500", "Total Expenses": "113,600", "Net Income from Continuing & Discontinued Operation": "18,600", "Normalized Income": "17,488", "Interest Expense": "-", "Net Interest Income": "-", "EBIT": "28,500", "EBITDA": "-", "Reconciled Cost of Revenue": "84,200", "Reconciled Depreciation": "4,500", "Net Income from Continuing Operation Net Minority Interest": "18,600", "Total Unusual Items Excluding Goodwill": "1,800", "Total Unusual Items": "1,800", "Normalized EBITDA": "31,200", "Tax Rate for Calcs": "0", "Tax Effect of Unusual Items": "687.7076"}, "2/28/1995": {"Duration": "2/28/1995", "Total Revenue": "140,100", "Cost of Revenue": "82,800", "Gross Profit": "57,300", "Operating Expense": "26,600", "Operating Income": "30,700", "Net Non Operating Interest Income Expense": "-", "Other Income Expense": "1,400", "Pretax Income": "32,000", "Tax Provision": "12,000", "Net Income Common Stockholders": "20,000", "Diluted NI Available to Com Stockholders": "20,000", "Basic EPS": "1.22", "Diluted EPS": "1.22", "Basic Average Shares": "16,393", "Diluted Average Shares": "16,517", "Total Operating Income as Reported": "30,700", "Total Expenses": "109,400", "Net Income from Continuing & Discontinued Operation": "20,000", "Normalized Income": "19,125", "Interest Expense": "-", "Net Interest Income": "-", "EBIT": "30,700", "EBITDA": "-", "Reconciled Cost of Revenue": "82,800", "Reconciled Depreciation": "3,700", "Net Income from Continuing Operation Net Minority Interest": "20,000", "Total Unusual Items Excluding Goodwill": "1,400", "Total Unusual Items": "1,400", "Normalized EBITDA": "33,000", "Tax Rate for Calcs": "0", "Tax Effect of Unusual Items": "525"}, "2/28/1994": {"Duration": "2/28/1994", "Total Revenue": "132,900", "Cost of Revenue": "76,600", "Gross Profit": "56,300", "Operating Expense": "25,600", "Operating Income": "30,700", "Net Non Operating Interest Income Expense": "-", "Other Income Expense": "500", "Pretax Income": "31,100", "Tax Provision": "11,600", "Net Income Common Stockholders": "19,500", "Diluted NI Available to Com Stockholders": "19,500", "Basic EPS": "1.16", "Diluted EPS": "1.16", "Basic Average Shares": "16,810", "Diluted Average Shares": "16,810", "Total Operating Income as Reported": "30,700", "Total Expenses": "102,200", "Net Income from Continuing & Discontinued Operation": "19,500", "Normalized Income": "19,186", "Interest Expense": "100", "Net Interest Income": "-100", "EBIT": "30,700", "EBITDA": "-", "Reconciled Cost of Revenue": "76,600", "Reconciled Depreciation": "4,100", "Net Income from Continuing Operation Net Minority Interest": "19,500", "Total Unusual Items Excluding Goodwill": "500", "Total Unusual Items": "500", "Normalized EBITDA": "34,300", "Tax Rate for Calcs": "0", "Tax Effect of Unusual Items": "186.4952"}, "2/28/1993": {"Duration": "2/28/1993", "Total Revenue": "129,300", "Cost of Revenue": "72,600", "Gross Profit": "56,700", "Operating Expense": "24,700", "Operating Income": "32,000", "Net Non Operating Interest Income Expense": "-", "Other Income Expense": "500", "Pretax Income": "32,300", "Tax Provision": "11,600", "Net Income Common Stockholders": "21,300", "Diluted NI Available to Com Stockholders": "21,300", "Basic EPS": "1.24", "Diluted EPS": "1.24", "Basic Average Shares": "17,177", "Diluted Average Shares": "17,177", "Total Operating Income as Reported": "32,000", "Total Expenses": "97,300", "Net Income from Continuing & Discontinued Operation": "21,300", "Normalized Income": "20,380", "Interest Expense": "-", "Net Interest Income": "-", "EBIT": "32,000", "EBITDA": "-", "Reconciled Cost of Revenue": "72,600", "Reconciled Depreciation": "4,400", "Net Income from Continuing Operation Net Minority Interest": "20,700", "Total Unusual Items Excluding Goodwill": "500", "Total Unusual Items": "500", "Normalized EBITDA": "35,900", "Tax Rate for Calcs": "0", "Tax Effect of Unusual Items": "179.5666"}, "2/29/1992": {"Duration": "2/29/1992", "Total Revenue": "131,800", "Cost of Revenue": "74,600", "Gross Profit": "57,200", "Operating Expense": "25,500", "Operating Income": "31,700", "Net Non Operating Interest Income Expense": "-", "Other Income Expense": "900", "Pretax Income": "32,300", "Tax Provision": "11,500", "Net Income Common Stockholders": "21,200", "Diluted NI Available to Com Stockholders": "21,200", "Basic EPS": "1.18", "Diluted EPS": "1.18", "Basic Average Shares": "17,966", "Diluted Average Shares": "17,966", "Total Operating Income as Reported": "31,700", "Total Expenses": "100,100", "Net Income from Continuing & Discontinued Operation": "19,700", "Normalized Income": "20,220", "Interest Expense": "-", "Net Interest Income": "-", "EBIT": "31,700", "EBITDA": "-", "Reconciled Cost of Revenue": "74,600", "Reconciled Depreciation": "4,400", "Net Income from Continuing Operation Net Minority Interest": "20,800", "Total Unusual Items Excluding Goodwill": "900", "Total Unusual Items": "900", "Normalized EBITDA": "35,200", "Tax Rate for Calcs": "0", "Tax Effect of Unusual Items": "320.4334"}, "2/28/1991": {"Duration": "2/28/1991", "Total Revenue": "126,200", "Cost of Revenue": "72,600", "Gross Profit": "53,600", "Operating Expense": "22,200", "Operating Income": "31,400", "Net Non Operating Interest Income Expense": "-", "Other Income Expense": "1,900", "Pretax Income": "32,800", "Tax Provision": "11,700", "Net Income Common Stockholders": "21,100", "Diluted NI Available to Com Stockholders": "21,100", "Basic EPS": "0.75", "Diluted EPS": "0.75", "Basic Average Shares": "18,291", "Diluted Average Shares": "18,291", "Total Operating Income as Reported": "31,400", "Total Expenses": "94,800", "Net Income from Continuing & Discontinued Operation": "21,100", "Normalized Income": "19,878", "Interest Expense": "-", "Net Interest Income": "-", "EBIT": "31,400", "EBITDA": "-", "Reconciled Cost of Revenue": "72,600", "Reconciled Depreciation": "3,700", "Net Income from Continuing Operation Net Minority Interest": "21,100", "Total Unusual Items Excluding Goodwill": "1,900", "Total Unusual Items": "1,900", "Normalized EBITDA": "33,200", "Tax Rate for Calcs": "0", "Tax Effect of Unusual Items": "677.7439"}, "2/28/1990": {"Duration": "2/28/1990", "Total Revenue": "129,600", "Cost of Revenue": "75,200", "Gross Profit": "54,400", "Operating Expense": "23,300", "Operating Income": "31,100", "Net Non Operating Interest Income Expense": "-", "Other Income Expense": "2,100", "Pretax Income": "32,600", "Tax Provision": "11,600", "Net Income Common Stockholders": "21,000", "Diluted NI Available to Com Stockholders": "21,000", "Basic EPS": "0.71", "Diluted EPS": "0.71", "Basic Average Shares": "19,582", "Diluted Average Shares": "19,582", "Total Operating Income as Reported": "31,100", "Total Expenses": "98,500", "Net Income from Continuing & Discontinued Operation": "21,000", "Normalized Income": "19,647", "Interest Expense": "-", "Net Interest Income": "-", "EBIT": "31,100", "EBITDA": "-", "Reconciled Cost of Revenue": "75,200", "Reconciled Depreciation": "3,500", "Net Income from Continuing Operation Net Minority Interest": "21,000", "Total Unusual Items Excluding Goodwill": "2,100", "Total Unusual Items": "2,100", "Normalized EBITDA": "32,500", "Tax Rate for Calcs": "0", "Tax Effect of Unusual Items": "747.2393"}, "2/28/1989": {"Duration": "2/28/1989", "Total Revenue": "128,200", "Cost of Revenue": "76,400", "Gross Profit": "51,800", "Operating Expense": "23,300", "Operating Income": "28,500", "Net Non Operating Interest Income Expense": "-", "Other Income Expense": "1,400", "Pretax Income": "29,200", "Tax Provision": "10,400", "Net Income Common Stockholders": "18,800", "Diluted NI Available to Com Stockholders": "18,800", "Basic EPS": "0.41", "Diluted EPS": "0.41", "Basic Average Shares": "19,856", "Diluted Average Shares": "19,856", "Total Operating Income as Reported": "28,500", "Total Expenses": "99,700", "Net Income from Continuing & Discontinued Operation": "18,800", "Normalized Income": "17,899", "Interest Expense": "-", "Net Interest Income": "-", "EBIT": "28,500", "EBITDA": "-", "Reconciled Cost of Revenue": "76,400", "Reconciled Depreciation": "3,400", "Net Income from Continuing Operation Net Minority Interest": "18,800", "Total Unusual Items Excluding Goodwill": "1,400", "Total Unusual Items": "1,400", "Normalized EBITDA": "30,500", "Tax Rate for Calcs": "0", "Tax Effect of Unusual Items": "498.6301"}, "2/29/1988": {"Duration": "2/29/1988", "Total Revenue": "117,500", "Cost of Revenue": "69,300", "Gross Profit": "48,200", "Operating Expense": "22,400", "Operating Income": "25,800", "Net Non Operating Interest Income Expense": "-", "Other Income Expense": "800", "Pretax Income": "25,900", "Tax Provision": "10,100", "Net Income Common Stockholders": "15,800", "Diluted NI Available to Com Stockholders": "15,800", "Basic EPS": "0.33", "Diluted EPS": "0.33", "Basic Average Shares": "20,568", "Diluted Average Shares": "20,568", "Total Operating Income as Reported": "25,800", "Total Expenses": "91,700", "Net Income from Continuing & Discontinued Operation": "15,800", "Normalized Income": "15,312", "Interest Expense": "-", "Net Interest Income": "-", "EBIT": "25,800", "EBITDA": "-", "Reconciled Cost of Revenue": "69,300", "Reconciled Depreciation": "3,200", "Net Income from Continuing Operation Net Minority Interest": "15,800", "Total Unusual Items Excluding Goodwill": "800", "Total Unusual Items": "800", "Normalized EBITDA": "28,200", "Tax Rate for Calcs": "0", "Tax Effect of Unusual Items": "311.9691"}, "2/28/1987": {"Duration": "2/28/1987", "Total Revenue": "111,900", "Cost of Revenue": "68,300", "Gross Profit": "43,600", "Operating Expense": "22,300", "Operating Income": "21,300", "Net Non Operating Interest Income Expense": "-", "Other Income Expense": "2,500", "Pretax Income": "23,100", "Tax Provision": "10,500", "Net Income Common Stockholders": "12,600", "Diluted NI Available to Com Stockholders": "12,600", "Basic EPS": "0.16", "Diluted EPS": "0.16", "Basic Average Shares": "22,201", "Diluted Average Shares": "22,201", "Total Operating Income as Reported": "21,300", "Total Expenses": "90,600", "Net Income from Continuing & Discontinued Operation": "12,600", "Normalized Income": "11,100", "Interest Expense": "-", "Net Interest Income": "-", "EBIT": "21,300", "EBITDA": "-", "Reconciled Cost of Revenue": "68,300", "Reconciled Depreciation": "3,100", "Net Income from Continuing Operation Net Minority Interest": "12,600", "Total Unusual Items Excluding Goodwill": "2,500", "Total Unusual Items": "2,500", "Normalized EBITDA": "21,900", "Tax Rate for Calcs": "0", "Tax Effect of Unusual Items": "1,000"}, "2/28/1986": {"Duration": "2/28/1986", "Total Revenue": "110,500", "Cost of Revenue": "68,600", "Gross Profit": "41,900", "Operating Expense": "22,000", "Operating Income": "19,900", "Net Non Operating Interest Income Expense": "-", "Other Income Expense": "1,700", "Pretax Income": "20,900", "Tax Provision": "9,500", "Net Income Common Stockholders": "11,400", "Diluted NI Available to Com Stockholders": "11,400", "Basic EPS": "0.15", "Diluted EPS": "0.15", "Basic Average Shares": "22,916", "Diluted Average Shares": "22,916", "Total Operating Income as Reported": "19,900", "Total Expenses": "90,600", "Net Income from Continuing & Discontinued Operation": "11,400", "Normalized Income": "10,380", "Interest Expense": "-", "Net Interest Income": "-", "EBIT": "19,900", "EBITDA": "-", "Reconciled Cost of Revenue": "68,600", "Reconciled Depreciation": "2,800", "Net Income from Continuing Operation Net Minority Interest": "11,400", "Total Unusual Items Excluding Goodwill": "1,700", "Total Unusual Items": "1,700", "Normalized EBITDA": "21,000", "Tax Rate for Calcs": "0", "Tax Effect of Unusual Items": "680"}}, "bs": {"2/29/2020": {"Duration": "2/29/2020", "Total Assets": "365,699", "Total Liabilities Net Minority Interest": "71,370", "Total Equity Gross Minority Interest": "294,329", "Total Capitalization": "294,329", "Common Stock Equity": "294,329", "Capital Lease Obligations": "19,865", "Net Tangible Assets": "155,245", "Working Capital": "111,915", "Invested Capital": "294,329", "Tangible Book Value": "155,245", "Total Debt": "19,865", "Net Debt": "-", "Share Issued": "30,053", "Ordinary Shares Number": "25,917", "Treasury Shares Number": "4,136"}, "2/28/2019": {"Duration": "2/28/2019", "Total Assets": "363,085", "Total Liabilities Net Minority Interest": "73,958", "Total Equity Gross Minority Interest": "289,127", "Total Capitalization": "319,127", "Common Stock Equity": "289,127", "Capital Lease Obligations": "-", "Net Tangible Assets": "146,221", "Working Capital": "134,542", "Invested Capital": "319,127", "Tangible Book Value": "146,221", "Total Debt": "30,000", "Net Debt": "-", "Share Issued": "30,053", "Ordinary Shares Number": "25,956", "Treasury Shares Number": "4,097"}, "2/28/2021": {"Duration": "2/28/2021", "Total Assets": "364,388", "Total Liabilities Net Minority Interest": "63,839", "Total Equity Gross Minority Interest": "300,549", "Total Capitalization": "300,549", "Common Stock Equity": "300,549", "Capital Lease Obligations": "18,905", "Net Tangible Assets": "159,190", "Working Capital": "113,022", "Invested Capital": "300,549", "Tangible Book Value": "159,190", "Total Debt": "18,905", "Net Debt": "-", "Share Issued": "30,053", "Ordinary Shares Number": "25,950", "Treasury Shares Number": "4,104"}, "2/28/2018": {"Duration": "2/28/2018", "Total Assets": "329,439", "Total Liabilities Net Minority Interest": "67,735", "Total Equity Gross Minority Interest": "261,704", "Total Capitalization": "291,704", "Common Stock Equity": "261,704", "Capital Lease Obligations": "-", "Net Tangible Assets": "141,847", "Working Capital": "133,773", "Invested Capital": "291,704", "Tangible Book Value": "141,847", "Total Debt": "30,000", "Net Debt": "-", "Share Issued": "30,053", "Ordinary Shares Number": "25,264", "Treasury Shares Number": "4,789"}, "2/28/2017": {"Duration": "2/28/2017", "Total Assets": "324,285", "Total Liabilities Net Minority Interest": "72,930", "Total Equity Gross Minority Interest": "251,355", "Total Capitalization": "281,355", "Common Stock Equity": "251,355", "Capital Lease Obligations": "-", "Net Tangible Assets": "126,825", "Working Capital": "119,282", "Invested Capital": "281,355", "Tangible Book Value": "126,825", "Total Debt": "30,000", "Net Debt": "-", "Share Issued": "30,053", "Ordinary Shares Number": "25,367", "Treasury Shares Number": "4,687"}, "2/29/2016": {"Duration": "2/29/2016", "Total Assets": "392,188", "Total Liabilities Net Minority Interest": "93,642", "Total Equity Gross Minority Interest": "298,546", "Total Capitalization": "338,546", "Common Stock Equity": "298,546", "Capital Lease Obligations": "-", "Net Tangible Assets": "167,076", "Working Capital": "138,575", "Invested Capital": "338,546", "Tangible Book Value": "167,076", "Total Debt": "40,000", "Net Debt": "29,575", "Share Issued": "30,053", "Ordinary Shares Number": "25,616", "Treasury Shares Number": "4,437"}, "2/28/2015": {"Duration": "2/28/2015", "Total Assets": "453,262", "Total Liabilities Net Minority Interest": "168,582", "Total Equity Gross Minority Interest": "284,680", "Total Capitalization": "391,180", "Common Stock Equity": "284,680", "Capital Lease Obligations": "-", "Net Tangible Assets": "143,964", "Working Capital": "176,295", "Invested Capital": "391,180", "Tangible Book Value": "143,964", "Total Debt": "106,500", "Net Debt": "91,154", "Share Issued": "30,053", "Ordinary Shares Number": "25,539", "Treasury Shares Number": "4,515"}, "2/28/2014": {"Duration": "2/28/2014", "Total Assets": "536,347", "Total Liabilities Net Minority Interest": "173,412", "Total Equity Gross Minority Interest": "362,935", "Total Capitalization": "468,435", "Common Stock Equity": "362,935", "Capital Lease Obligations": "-", "Net Tangible Assets": "135,953", "Working Capital": "172,266", "Invested Capital": "468,435", "Tangible Book Value": "135,953", "Total Debt": "105,500", "Net Debt": "100,184", "Share Issued": "30,053", "Ordinary Shares Number": "25,922", "Treasury Shares Number": "4,131"}, "2/28/2013": {"Duration": "2/28/2013", "Total Assets": "495,292", "Total Liabilities Net Minority Interest": "134,076", "Total Equity Gross Minority Interest": "361,216", "Total Capitalization": "418,716", "Common Stock Equity": "361,216", "Capital Lease Obligations": "-", "Net Tangible Assets": "155,895", "Working Capital": "150,377", "Invested Capital": "418,716", "Tangible Book Value": "155,895", "Total Debt": "57,500", "Net Debt": "51,268", "Share Issued": "30,053", "Ordinary Shares Number": "25,969", "Treasury Shares Number": "4,085"}, "2/29/2012": {"Duration": "2/29/2012", "Total Assets": "531,962", "Total Liabilities Net Minority Interest": "172,087", "Total Equity Gross Minority Interest": "359,875", "Total Capitalization": "449,875", "Common Stock Equity": "359,875", "Capital Lease Obligations": "-", "Net Tangible Assets": "151,580", "Working Capital": "168,969", "Invested Capital": "449,875", "Tangible Book Value": "151,580", "Total Debt": "90,000", "Net Debt": "79,590", "Share Issued": "30,053", "Ordinary Shares Number": "25,924", "Treasury Shares Number": "4,130"}, "2/28/2011": {"Duration": "2/28/2011", "Total Assets": "473,728", "Total Liabilities Net Minority Interest": "126,045", "Total Equity Gross Minority Interest": "347,683", "Total Capitalization": "397,683", "Common Stock Equity": "347,683", "Capital Lease Obligations": "-", "Net Tangible Assets": "154,030", "Working Capital": "135,300", "Invested Capital": "398,269", "Tangible Book Value": "154,030", "Total Debt": "50,586", "Net Debt": "38,281", "Share Issued": "30,053", "Ordinary Shares Number": "25,856", "Treasury Shares Number": "4,198"}, "2/28/2010": {"Duration": "2/28/2010", "Total Assets": "432,699", "Total Liabilities Net Minority Interest": "119,439", "Total Equity Gross Minority Interest": "313,260", "Total Capitalization": "355,077", "Common Stock Equity": "313,260", "Capital Lease Obligations": "-", "Net Tangible Assets": "117,269", "Working Capital": "116,638", "Invested Capital": "355,077", "Tangible Book Value": "117,269", "Total Debt": "41,817", "Net Debt": "20,754", "Share Issued": "30,053", "Ordinary Shares Number": "25,761", "Treasury Shares Number": "4,292"}, "2/28/2009": {"Duration": "2/28/2009", "Total Assets": "436,380", "Total Liabilities Net Minority Interest": "144,374", "Total Equity Gross Minority Interest": "292,006", "Total Capitalization": "368,191", "Common Stock Equity": "292,006", "Capital Lease Obligations": "-", "Net Tangible Assets": "93,628", "Working Capital": "138,374", "Invested Capital": "368,401", "Tangible Book Value": "93,628", "Total Debt": "76,395", "Net Debt": "67,109", "Share Issued": "30,033", "Ordinary Shares Number": "25,696", "Treasury Shares Number": "4,337"}, "2/29/2008": {"Duration": "2/29/2008", "Total Assets": "513,131", "Total Liabilities Net Minority Interest": "164,652", "Total Equity Gross Minority Interest": "348,479", "Total Capitalization": "439,189", "Common Stock Equity": "348,479", "Capital Lease Obligations": "-", "Net Tangible Assets": "81,951", "Working Capital": "133,993", "Invested Capital": "439,444", "Tangible Book Value": "81,951", "Total Debt": "90,965", "Net Debt": "87,572", "Share Issued": "25,662", "Ordinary Shares Number": "25,662", "Treasury Shares Number": "-"}, "2/28/2007": {"Duration": "2/28/2007", "Total Assets": "478,228", "Total Liabilities Net Minority Interest": "161,825", "Total Equity Gross Minority Interest": "316,403", "Total Capitalization": "405,374", "Common Stock Equity": "316,403", "Capital Lease Obligations": "-", "Net Tangible Assets": "54,750", "Working Capital": "102,269", "Invested Capital": "406,026", "Tangible Book Value": "54,750", "Total Debt": "89,623", "Net Debt": "86,041", "Share Issued": "25,585", "Ordinary Shares Number": "25,585", "Treasury Shares Number": "-"}, "2/28/2006": {"Duration": "2/28/2006", "Total Assets": "494,401", "Total Liabilities Net Minority Interest": "197,066", "Total Equity Gross Minority Interest": "297,335", "Total Capitalization": "400,251", "Common Stock Equity": "297,335", "Capital Lease Obligations": "-", "Net Tangible Assets": "35,482", "Working Capital": "94,494", "Invested Capital": "411,871", "Tangible Book Value": "35,482", "Total Debt": "114,536", "Net Debt": "100,676", "Share Issued": "25,479", "Ordinary Shares Number": "25,479", "Treasury Shares Number": "-"}, "2/28/2005": {"Duration": "2/28/2005", "Total Assets": "497,246", "Total Liabilities Net Minority Interest": "225,515", "Total Equity Gross Minority Interest": "271,731", "Total Capitalization": "384,073", "Common Stock Equity": "271,731", "Capital Lease Obligations": "-", "Net Tangible Assets": "7,894", "Working Capital": "67,790", "Invested Capital": "405,775", "Tangible Book Value": "7,894", "Total Debt": "134,044", "Net Debt": "123,350", "Share Issued": "25,418", "Ordinary Shares Number": "25,418", "Treasury Shares Number": "-"}, "2/29/2004": {"Duration": "2/29/2004", "Total Assets": "154,043", "Total Liabilities Net Minority Interest": "43,461", "Total Equity Gross Minority Interest": "110,582", "Total Capitalization": "118,382", "Common Stock Equity": "110,582", "Capital Lease Obligations": "-", "Net Tangible Assets": "76,162", "Working Capital": "38,205", "Invested Capital": "124,717", "Tangible Book Value": "76,162", "Total Debt": "14,135", "Net Debt": "-", "Share Issued": "16,393", "Ordinary Shares Number": "16,393", "Treasury Shares Number": "-"}, "2/28/2003": {"Duration": "2/28/2003", "Total Assets": "152,537", "Total Liabilities Net Minority Interest": "55,634", "Total Equity Gross Minority Interest": "96,903", "Total Capitalization": "115,038", "Common Stock Equity": "96,903", "Capital Lease Obligations": "-", "Net Tangible Assets": "62,662", "Working Capital": "39,718", "Invested Capital": "122,076", "Tangible Book Value": "62,662", "Total Debt": "25,173", "Net Debt": "11,313", "Share Issued": "16,333", "Ordinary Shares Number": "16,333", "Treasury Shares Number": "-"}, "2/28/2002": {"Duration": "2/28/2002", "Total Assets": "139,034", "Total Liabilities Net Minority Interest": "42,999", "Total Equity Gross Minority Interest": "96,035", "Total Capitalization": "105,205", "Common Stock Equity": "96,035", "Capital Lease Obligations": "-", "Net Tangible Assets": "74,084", "Working Capital": "38,680", "Invested Capital": "114,240", "Tangible Book Value": "74,084", "Total Debt": "18,205", "Net Debt": "2,025", "Share Issued": "16,273", "Ordinary Shares Number": "16,273", "Treasury Shares Number": "-"}, "2/28/2001": {"Duration": "2/28/2001", "Total Assets": "142,854", "Total Liabilities Net Minority Interest": "51,314", "Total Equity Gross Minority Interest": "91,540", "Total Capitalization": "115,095", "Common Stock Equity": "91,540", "Capital Lease Obligations": "-", "Net Tangible Assets": "67,925", "Working Capital": "40,355", "Invested Capital": "119,271", "Tangible Book Value": "67,925", "Total Debt": "27,731", "Net Debt": "18,767", "Share Issued": "16,271", "Ordinary Shares Number": "16,271", "Treasury Shares Number": "-"}, "2/29/2000": {"Duration": "2/29/2000", "Total Assets": "102,934", "Total Liabilities Net Minority Interest": "14,667", "Total Equity Gross Minority Interest": "88,267", "Total Capitalization": "88,729", "Common Stock Equity": "88,267", "Capital Lease Obligations": "-", "Net Tangible Assets": "79,587", "Working Capital": "32,780", "Invested Capital": "89,031", "Tangible Book Value": "79,587", "Total Debt": "764", "Net Debt": "-", "Share Issued": "16,192", "Ordinary Shares Number": "16,192", "Treasury Shares Number": "-"}, "2/28/1999": {"Duration": "2/28/1999", "Total Assets": "94,300", "Total Liabilities Net Minority Interest": "10,800", "Total Equity Gross Minority Interest": "83,500", "Total Capitalization": "83,500", "Common Stock Equity": "83,500", "Capital Lease Obligations": "-", "Net Tangible Assets": "77,800", "Working Capital": "44,300", "Invested Capital": "83,700", "Tangible Book Value": "77,800", "Total Debt": "200", "Net Debt": "-", "Share Issued": "16,253", "Ordinary Shares Number": "16,253", "Treasury Shares Number": "-"}, "2/28/1998": {"Duration": "2/28/1998", "Total Assets": "94,500", "Total Liabilities Net Minority Interest": "12,800", "Total Equity Gross Minority Interest": "81,700", "Total Capitalization": "81,900", "Common Stock Equity": "81,700", "Capital Lease Obligations": "-", "Net Tangible Assets": "77,100", "Working Capital": "43,300", "Invested Capital": "82,100", "Tangible Book Value": "77,100", "Total Debt": "400", "Net Debt": "-", "Share Issued": "16,438", "Ordinary Shares Number": "16,438", "Treasury Shares Number": "-"}, "2/28/1997": {"Duration": "2/28/1997", "Total Assets": "95,000", "Total Liabilities Net Minority Interest": "13,400", "Total Equity Gross Minority Interest": "81,600", "Total Capitalization": "81,800", "Common Stock Equity": "81,600", "Capital Lease Obligations": "-", "Net Tangible Assets": "75,700", "Working Capital": "42,300", "Invested Capital": "81,900", "Tangible Book Value": "75,700", "Total Debt": "300", "Net Debt": "-", "Share Issued": "14,816", "Ordinary Shares Number": "14,816", "Treasury Shares Number": "-"}, "2/29/1996": {"Duration": "2/29/1996", "Total Assets": "93,700", "Total Liabilities Net Minority Interest": "15,500", "Total Equity Gross Minority Interest": "78,200", "Total Capitalization": "78,500", "Common Stock Equity": "78,200", "Capital Lease Obligations": "-", "Net Tangible Assets": "74,300", "Working Capital": "54,400", "Invested Capital": "78,600", "Tangible Book Value": "74,300", "Total Debt": "400", "Net Debt": "-", "Share Issued": "14,745", "Ordinary Shares Number": "14,745", "Treasury Shares Number": "-"}, "2/28/1995": {"Duration": "2/28/1995", "Total Assets": "85,000", "Total Liabilities Net Minority Interest": "15,700", "Total Equity Gross Minority Interest": "69,300", "Total Capitalization": "69,700", "Common Stock Equity": "69,300", "Capital Lease Obligations": "-", "Net Tangible Assets": "64,900", "Working Capital": "46,300", "Invested Capital": "69,800", "Tangible Book Value": "64,900", "Total Debt": "500", "Net Debt": "-", "Share Issued": "16,440", "Ordinary Shares Number": "16,440", "Treasury Shares Number": "-"}, "2/28/1994": {"Duration": "2/28/1994", "Total Assets": "74,500", "Total Liabilities Net Minority Interest": "15,600", "Total Equity Gross Minority Interest": "58,900", "Total Capitalization": "59,400", "Common Stock Equity": "58,900", "Capital Lease Obligations": "-", "Net Tangible Assets": "54,400", "Working Capital": "36,000", "Invested Capital": "59,500", "Tangible Book Value": "54,400", "Total Debt": "600", "Net Debt": "-", "Share Issued": "16,437", "Ordinary Shares Number": "16,437", "Treasury Shares Number": "-"}, "2/28/1993": {"Duration": "2/28/1993", "Total Assets": "75,900", "Total Liabilities Net Minority Interest": "15,300", "Total Equity Gross Minority Interest": "60,600", "Total Capitalization": "61,100", "Common Stock Equity": "60,600", "Capital Lease Obligations": "-", "Net Tangible Assets": "56,400", "Working Capital": "36,800", "Invested Capital": "63,000", "Tangible Book Value": "56,400", "Total Debt": "2,400", "Net Debt": "-", "Share Issued": "17,199", "Ordinary Shares Number": "17,199", "Treasury Shares Number": "-"}, "2/29/1992": {"Duration": "2/29/1992", "Total Assets": "81,200", "Total Liabilities Net Minority Interest": "14,700", "Total Equity Gross Minority Interest": "66,500", "Total Capitalization": "68,900", "Common Stock Equity": "66,500", "Capital Lease Obligations": "-", "Net Tangible Assets": "62,200", "Working Capital": "41,400", "Invested Capital": "69,700", "Tangible Book Value": "62,200", "Total Debt": "3,200", "Net Debt": "-", "Share Issued": "18,235", "Ordinary Shares Number": "18,235", "Treasury Shares Number": "-"}, "2/28/1991": {"Duration": "2/28/1991", "Total Assets": "73,200", "Total Liabilities Net Minority Interest": "17,400", "Total Equity Gross Minority Interest": "55,800", "Total Capitalization": "59,000", "Common Stock Equity": "55,800", "Capital Lease Obligations": "-", "Net Tangible Assets": "55,800", "Working Capital": "40,700", "Invested Capital": "60,000", "Tangible Book Value": "55,800", "Total Debt": "4,200", "Net Debt": "-", "Share Issued": "18,291", "Ordinary Shares Number": "18,291", "Treasury Shares Number": "-"}, "2/28/1990": {"Duration": "2/28/1990", "Total Assets": "79,200", "Total Liabilities Net Minority Interest": "18,500", "Total Equity Gross Minority Interest": "60,700", "Total Capitalization": "64,900", "Common Stock Equity": "60,700", "Capital Lease Obligations": "-", "Net Tangible Assets": "60,700", "Working Capital": "45,400", "Invested Capital": "65,800", "Tangible Book Value": "60,700", "Total Debt": "5,100", "Net Debt": "-", "Share Issued": "19,582", "Ordinary Shares Number": "19,582", "Treasury Shares Number": "-"}, "2/28/1989": {"Duration": "2/28/1989", "Total Assets": "73,800", "Total Liabilities Net Minority Interest": "20,800", "Total Equity Gross Minority Interest": "53,000", "Total Capitalization": "58,800", "Common Stock Equity": "53,000", "Capital Lease Obligations": "-", "Net Tangible Assets": "53,000", "Working Capital": "36,700", "Invested Capital": "59,800", "Tangible Book Value": "53,000", "Total Debt": "6,800", "Net Debt": "-", "Share Issued": "19,856", "Ordinary Shares Number": "19,856", "Treasury Shares Number": "-"}, "2/29/1988": {"Duration": "2/29/1988", "Total Assets": "74,200", "Total Liabilities Net Minority Interest": "24,600", "Total Equity Gross Minority Interest": "49,600", "Total Capitalization": "56,500", "Common Stock Equity": "49,600", "Capital Lease Obligations": "-", "Net Tangible Assets": "48,800", "Working Capital": "36,100", "Invested Capital": "57,500", "Tangible Book Value": "48,800", "Total Debt": "7,900", "Net Debt": "-", "Share Issued": "20,568", "Ordinary Shares Number": "20,568", "Treasury Shares Number": "-"}, "2/28/1987": {"Duration": "2/28/1987", "Total Assets": "79,400", "Total Liabilities Net Minority Interest": "25,400", "Total Equity Gross Minority Interest": "54,000", "Total Capitalization": "61,900", "Common Stock Equity": "54,000", "Capital Lease Obligations": "-", "Net Tangible Assets": "53,000", "Working Capital": "40,800", "Invested Capital": "62,800", "Tangible Book Value": "53,000", "Total Debt": "8,800", "Net Debt": "-", "Share Issued": "22,201", "Ordinary Shares Number": "22,201", "Treasury Shares Number": "-"}, "2/28/1986": {"Duration": "2/28/1986", "Total Assets": "75,000", "Total Liabilities Net Minority Interest": "24,700", "Total Equity Gross Minority Interest": "50,300", "Total Capitalization": "59,100", "Common Stock Equity": "50,300", "Capital Lease Obligations": "-", "Net Tangible Assets": "49,000", "Working Capital": "36,500", "Invested Capital": "59,800", "Tangible Book Value": "49,000", "Total Debt": "9,500", "Net Debt": "-", "Share Issued": "22,916", "Ordinary Shares Number": "22,916", "Treasury Shares Number": "-"}}, "cf": {"TTM": {"Duration": "TTM", "Operating Cash Flow": "52,817", "Investing Cash Flow": "-21,183", "Financing Cash Flow": "-24,702", "End Cash Position": "75,190", "Income Tax Paid Supplemental Data": "-", "Interest Paid Supplemental Data": "-", "Capital Expenditure": "-3,679", "Issuance of Capital Stock": "-", "Issuance of Debt": "-", "Repayment of Debt": "0", "Repurchase of Capital Stock": "-1,235", "Free Cash Flow": "49,138", "Domestic Sales": "-", "Foreign Sales": "-"}, "2/29/2020": {"Duration": "2/29/2020", "Operating Cash Flow": "57,219", "Investing Cash Flow": "-21,446", "Financing Cash Flow": "-55,957", "End Cash Position": "68,258", "Income Tax Paid Supplemental Data": "-", "Interest Paid Supplemental Data": "-", "Capital Expenditure": "-3,394", "Issuance of Capital Stock": "-", "Issuance of Debt": "-", "Repayment of Debt": "-30,000", "Repurchase of Capital Stock": "-2,471", "Free Cash Flow": "53,825", "Domestic Sales": "-", "Foreign Sales": "-"}, "2/28/2019": {"Duration": "2/28/2019", "Operating Cash Flow": "51,335", "Investing Cash Flow": "-31,770", "Financing Cash Flow": "-27,353", "End Cash Position": "88,442", "Income Tax Paid Supplemental Data": "-", "Interest Paid Supplemental Data": "-", "Capital Expenditure": "-4,824", "Issuance of Capital Stock": "-", "Issuance of Debt": "0", "Repayment of Debt": "-", "Repurchase of Capital Stock": "-4,811", "Free Cash Flow": "46,511", "Domestic Sales": "-", "Foreign Sales": "-"}, "2/28/2021": {"Duration": "2/28/2021", "Operating Cash Flow": "52,817", "Investing Cash Flow": "-21,183", "Financing Cash Flow": "-24,702", "End Cash Position": "75,190", "Income Tax Paid Supplemental Data": "-", "Interest Paid Supplemental Data": "-", "Capital Expenditure": "-3,679", "Issuance of Capital Stock": "-", "Issuance of Debt": "-", "Repayment of Debt": "0", "Repurchase of Capital Stock": "-1,235", "Free Cash Flow": "49,138", "Domestic Sales": "-", "Foreign Sales": "-"}, "2/28/2018": {"Duration": "2/28/2018", "Operating Cash Flow": "45,290", "Investing Cash Flow": "-3,953", "Financing Cash Flow": "-25,573", "End Cash Position": "96,230", "Income Tax Paid Supplemental Data": "-", "Interest Paid Supplemental Data": "-", "Capital Expenditure": "-2,667", "Issuance of Capital Stock": "-", "Issuance of Debt": "-", "Repayment of Debt": "-", "Repurchase of Capital Stock": "-3,313", "Free Cash Flow": "42,623", "Domestic Sales": "-", "Foreign Sales": "-"}, "2/28/2017": {"Duration": "2/28/2017", "Operating Cash Flow": "58,887", "Investing Cash Flow": "86,090", "Financing Cash Flow": "-72,468", "End Cash Position": "80,466", "Income Tax Paid Supplemental Data": "975", "Interest Paid Supplemental Data": "853", "Capital Expenditure": "-3,065", "Issuance of Capital Stock": "-", "Issuance of Debt": "0", "Repayment of Debt": "-10,000", "Repurchase of Capital Stock": "-8,443", "Free Cash Flow": "55,822", "Domestic Sales": "-", "Foreign Sales": "-"}, "2/29/2016": {"Duration": "2/29/2016", "Operating Cash Flow": "87,163", "Investing Cash Flow": "-4,116", "Financing Cash Flow": "-84,590", "End Cash Position": "10,425", "Income Tax Paid Supplemental Data": "20,835", "Interest Paid Supplemental Data": "1,636", "Capital Expenditure": "-4,823", "Issuance of Capital Stock": "-", "Issuance of Debt": "0", "Repayment of Debt": "-66,500", "Repurchase of Capital Stock": "0", "Free Cash Flow": "82,340", "Domestic Sales": "-", "Foreign Sales": "-"}, "2/28/2015": {"Duration": "2/28/2015", "Operating Cash Flow": "65,269", "Investing Cash Flow": "-29,410", "Financing Cash Flow": "-24,277", "End Cash Position": "15,346", "Income Tax Paid Supplemental Data": "19,523", "Interest Paid Supplemental Data": "1,793", "Capital Expenditure": "-2,479", "Issuance of Capital Stock": "-", "Issuance of Debt": "26,000", "Repayment of Debt": "-25,000", "Repurchase of Capital Stock": "-7,034", "Free Cash Flow": "62,790", "Domestic Sales": "-", "Foreign Sales": "-"}, "2/28/2014": {"Duration": "2/28/2014", "Operating Cash Flow": "32,755", "Investing Cash Flow": "-65,511", "Financing Cash Flow": "32,508", "End Cash Position": "5,316", "Income Tax Paid Supplemental Data": "17,799", "Interest Paid Supplemental Data": "1,195", "Capital Expenditure": "-4,646", "Issuance of Capital Stock": "-", "Issuance of Debt": "73,000", "Repayment of Debt": "-25,000", "Repurchase of Capital Stock": "-1,838", "Free Cash Flow": "28,109", "Domestic Sales": "-", "Foreign Sales": "-"}, "2/28/2013": {"Duration": "2/28/2013", "Operating Cash Flow": "49,957", "Investing Cash Flow": "1,195", "Financing Cash Flow": "-55,215", "End Cash Position": "6,232", "Income Tax Paid Supplemental Data": "13,694", "Interest Paid Supplemental Data": "1,456", "Capital Expenditure": "-2,560", "Issuance of Capital Stock": "-", "Issuance of Debt": "5,000", "Repayment of Debt": "-37,500", "Repurchase of Capital Stock": "-2", "Free Cash Flow": "47,397", "Domestic Sales": "-", "Foreign Sales": "-"}, "2/29/2012": {"Duration": "2/29/2012", "Operating Cash Flow": "24,573", "Investing Cash Flow": "-50,810", "Financing Cash Flow": "23,691", "End Cash Position": "10,410", "Income Tax Paid Supplemental Data": "-", "Interest Paid Supplemental Data": "-", "Capital Expenditure": "-5,087", "Issuance of Capital Stock": "-", "Issuance of Debt": "40,000", "Repayment of Debt": "0", "Repurchase of Capital Stock": "-2", "Free Cash Flow": "19,486", "Domestic Sales": "-", "Foreign Sales": "-"}, "2/28/2011": {"Duration": "2/28/2011", "Operating Cash Flow": "32,766", "Investing Cash Flow": "-35,985", "Financing Cash Flow": "-6,005", "End Cash Position": "12,305", "Income Tax Paid Supplemental Data": "-", "Interest Paid Supplemental Data": "-", "Capital Expenditure": "-33,753", "Issuance of Capital Stock": "-", "Issuance of Debt": "10,000", "Repayment of Debt": "0", "Repurchase of Capital Stock": "-2", "Free Cash Flow": "-987", "Domestic Sales": "-", "Foreign Sales": "-"}, "2/28/2010": {"Duration": "2/28/2010", "Operating Cash Flow": "82,567", "Investing Cash Flow": "-20,244", "Financing Cash Flow": "-50,488", "End Cash Position": "21,063", "Income Tax Paid Supplemental Data": "-", "Interest Paid Supplemental Data": "-", "Capital Expenditure": "-20,280", "Issuance of Capital Stock": "-", "Issuance of Debt": "-", "Repayment of Debt": "-34,210", "Repurchase of Capital Stock": "-486", "Free Cash Flow": "62,287", "Domestic Sales": "499,750", "Foreign Sales": "17,988"}, "2/28/2009": {"Duration": "2/28/2009", "Operating Cash Flow": "44,216", "Investing Cash Flow": "-5,350", "Financing Cash Flow": "-32,464", "End Cash Position": "9,286", "Income Tax Paid Supplemental Data": "-", "Interest Paid Supplemental Data": "-", "Capital Expenditure": "-6,399", "Issuance of Capital Stock": "-", "Issuance of Debt": "5,000", "Repayment of Debt": "-21,755", "Repurchase of Capital Stock": "-599", "Free Cash Flow": "37,817", "Domestic Sales": "-", "Foreign Sales": "-"}, "2/29/2008": {"Duration": "2/29/2008", "Operating Cash Flow": "30,444", "Investing Cash Flow": "-17,285", "Financing Cash Flow": "-13,516", "End Cash Position": "3,393", "Income Tax Paid Supplemental Data": "-", "Interest Paid Supplemental Data": "-", "Capital Expenditure": "-4,294", "Issuance of Capital Stock": "673", "Issuance of Debt": "-", "Repayment of Debt": "-", "Repurchase of Capital Stock": "-", "Free Cash Flow": "26,150", "Domestic Sales": "-", "Foreign Sales": "-"}, "2/28/2007": {"Duration": "2/28/2007", "Operating Cash Flow": "49,517", "Investing Cash Flow": "-19,825", "Financing Cash Flow": "-39,978", "End Cash Position": "3,582", "Income Tax Paid Supplemental Data": "-", "Interest Paid Supplemental Data": "-", "Capital Expenditure": "-4,999", "Issuance of Capital Stock": "661", "Issuance of Debt": "-", "Repayment of Debt": "-", "Repurchase of Capital Stock": "-", "Free Cash Flow": "44,518", "Domestic Sales": "-", "Foreign Sales": "-"}, "2/28/2006": {"Duration": "2/28/2006", "Operating Cash Flow": "47,427", "Investing Cash Flow": "-9,942", "Financing Cash Flow": "-34,895", "End Cash Position": "13,860", "Income Tax Paid Supplemental Data": "-", "Interest Paid Supplemental Data": "-", "Capital Expenditure": "-10,236", "Issuance of Capital Stock": "393", "Issuance of Debt": "-", "Repayment of Debt": "-", "Repurchase of Capital Stock": "-", "Free Cash Flow": "37,191", "Domestic Sales": "-", "Foreign Sales": "-"}, "2/28/2005": {"Duration": "2/28/2005", "Operating Cash Flow": "20,046", "Investing Cash Flow": "-121,091", "Financing Cash Flow": "96,672", "End Cash Position": "10,694", "Income Tax Paid Supplemental Data": "-", "Interest Paid Supplemental Data": "-", "Capital Expenditure": "-6,143", "Issuance of Capital Stock": "423", "Issuance of Debt": "-", "Repayment of Debt": "-", "Repurchase of Capital Stock": "-2", "Free Cash Flow": "13,903", "Domestic Sales": "-", "Foreign Sales": "-"}, "2/29/2004": {"Duration": "2/29/2004", "Operating Cash Flow": "26,249", "Investing Cash Flow": "-4,546", "Financing Cash Flow": "-20,496", "End Cash Position": "15,067", "Income Tax Paid Supplemental Data": "-", "Interest Paid Supplemental Data": "-", "Capital Expenditure": "-4,543", "Issuance of Capital Stock": "695", "Issuance of Debt": "-", "Repayment of Debt": "-", "Repurchase of Capital Stock": "-7", "Free Cash Flow": "21,706", "Domestic Sales": "-", "Foreign Sales": "-"}, "2/28/2003": {"Duration": "2/28/2003", "Operating Cash Flow": "22,616", "Investing Cash Flow": "-22,345", "Financing Cash Flow": "-2,591", "End Cash Position": "13,860", "Income Tax Paid Supplemental Data": "-", "Interest Paid Supplemental Data": "-", "Capital Expenditure": "-3,763", "Issuance of Capital Stock": "593", "Issuance of Debt": "-", "Repayment of Debt": "-", "Repurchase of Capital Stock": "-55", "Free Cash Flow": "18,853", "Domestic Sales": "-", "Foreign Sales": "-"}, "2/28/2002": {"Duration": "2/28/2002", "Operating Cash Flow": "27,593", "Investing Cash Flow": "-781", "Financing Cash Flow": "-19,596", "End Cash Position": "16,180", "Income Tax Paid Supplemental Data": "-", "Interest Paid Supplemental Data": "-", "Capital Expenditure": "-2,254", "Issuance of Capital Stock": "22", "Issuance of Debt": "-", "Repayment of Debt": "-", "Repurchase of Capital Stock": "-3", "Free Cash Flow": "25,339", "Domestic Sales": "-", "Foreign Sales": "-"}, "2/28/2001": {"Duration": "2/28/2001", "Operating Cash Flow": "22,757", "Investing Cash Flow": "-30,939", "Financing Cash Flow": "15,109", "End Cash Position": "8,964", "Income Tax Paid Supplemental Data": "-", "Interest Paid Supplemental Data": "-", "Capital Expenditure": "-3,594", "Issuance of Capital Stock": "173", "Issuance of Debt": "-", "Repayment of Debt": "-", "Repurchase of Capital Stock": "-2", "Free Cash Flow": "19,163", "Domestic Sales": "-", "Foreign Sales": "-"}, "2/29/2000": {"Duration": "2/29/2000", "Operating Cash Flow": "20,077", "Investing Cash Flow": "-27,339", "Financing Cash Flow": "-11,392", "End Cash Position": "2,037", "Income Tax Paid Supplemental Data": "-", "Interest Paid Supplemental Data": "-", "Capital Expenditure": "-20,307", "Issuance of Capital Stock": "-", "Issuance of Debt": "-", "Repayment of Debt": "-", "Repurchase of Capital Stock": "-1,537", "Free Cash Flow": "-230", "Domestic Sales": "-", "Foreign Sales": "-"}, "2/28/1999": {"Duration": "2/28/1999", "Operating Cash Flow": "17,100", "Investing Cash Flow": "-5,500", "Financing Cash Flow": "-13,600", "End Cash Position": "0", "Income Tax Paid Supplemental Data": "-", "Interest Paid Supplemental Data": "-", "Capital Expenditure": "-3,700", "Issuance of Capital Stock": "-", "Issuance of Debt": "-", "Repayment of Debt": "-", "Repurchase of Capital Stock": "-3,300", "Free Cash Flow": "13,400", "Domestic Sales": "-", "Foreign Sales": "-"}, "2/28/1998": {"Duration": "2/28/1998", "Operating Cash Flow": "21,700", "Investing Cash Flow": "-7,400", "Financing Cash Flow": "-10,100", "End Cash Position": "0", "Income Tax Paid Supplemental Data": "-", "Interest Paid Supplemental Data": "-", "Capital Expenditure": "-9,600", "Issuance of Capital Stock": "-", "Issuance of Debt": "-", "Repayment of Debt": "-", "Repurchase of Capital Stock": "-", "Free Cash Flow": "12,100", "Domestic Sales": "-", "Foreign Sales": "-"}, "2/28/1997": {"Duration": "2/28/1997", "Operating Cash Flow": "11,000", "Investing Cash Flow": "-20,900", "Financing Cash Flow": "-10,200", "End Cash Position": "0", "Income Tax Paid Supplemental Data": "-", "Interest Paid Supplemental Data": "-", "Capital Expenditure": "-13,600", "Issuance of Capital Stock": "-", "Issuance of Debt": "-", "Repayment of Debt": "-", "Repurchase of Capital Stock": "-", "Free Cash Flow": "-2,600", "Domestic Sales": "-", "Foreign Sales": "-"}, "2/29/1996": {"Duration": "2/29/1996", "Operating Cash Flow": "26,300", "Investing Cash Flow": "11,600", "Financing Cash Flow": "-9,900", "End Cash Position": "0", "Income Tax Paid Supplemental Data": "-", "Interest Paid Supplemental Data": "-", "Capital Expenditure": "-6,100", "Issuance of Capital Stock": "-", "Issuance of Debt": "-", "Repayment of Debt": "-", "Repurchase of Capital Stock": "-", "Free Cash Flow": "20,200", "Domestic Sales": "-", "Foreign Sales": "-"}, "2/28/1995": {"Duration": "2/28/1995", "Operating Cash Flow": "19,700", "Investing Cash Flow": "-21,200", "Financing Cash Flow": "-9,500", "End Cash Position": "0", "Income Tax Paid Supplemental Data": "-", "Interest Paid Supplemental Data": "-", "Capital Expenditure": "-4,000", "Issuance of Capital Stock": "-", "Issuance of Debt": "-", "Repayment of Debt": "-", "Repurchase of Capital Stock": "-", "Free Cash Flow": "15,700", "Domestic Sales": "-", "Foreign Sales": "-"}, "2/28/1994": {"Duration": "2/28/1994", "Operating Cash Flow": "25,200", "Investing Cash Flow": "-3,200", "Financing Cash Flow": "-23,000", "End Cash Position": "0", "Income Tax Paid Supplemental Data": "-", "Interest Paid Supplemental Data": "-", "Capital Expenditure": "-2,200", "Issuance of Capital Stock": "-", "Issuance of Debt": "-", "Repayment of Debt": "-", "Repurchase of Capital Stock": "-11,900", "Free Cash Flow": "23,000", "Domestic Sales": "-", "Foreign Sales": "-"}, "2/28/1993": {"Duration": "2/28/1993", "Operating Cash Flow": "25,200", "Investing Cash Flow": "300", "Financing Cash Flow": "-28,000", "End Cash Position": "0", "Income Tax Paid Supplemental Data": "-", "Interest Paid Supplemental Data": "-", "Capital Expenditure": "-1,300", "Issuance of Capital Stock": "200", "Issuance of Debt": "-", "Repayment of Debt": "-", "Repurchase of Capital Stock": "-17,900", "Free Cash Flow": "23,900", "Domestic Sales": "-", "Foreign Sales": "-"}, "2/29/1992": {"Duration": "2/29/1992", "Operating Cash Flow": "27,400", "Investing Cash Flow": "-14,800", "Financing Cash Flow": "-11,900", "End Cash Position": "0", "Income Tax Paid Supplemental Data": "-", "Interest Paid Supplemental Data": "-", "Capital Expenditure": "-2,500", "Issuance of Capital Stock": "200", "Issuance of Debt": "-", "Repayment of Debt": "-", "Repurchase of Capital Stock": "-1,700", "Free Cash Flow": "24,900", "Domestic Sales": "-", "Foreign Sales": "-"}, "2/28/1991": {"Duration": "2/28/1991", "Operating Cash Flow": "29,200", "Investing Cash Flow": "15,200", "Financing Cash Flow": "-27,800", "End Cash Position": "0", "Income Tax Paid Supplemental Data": "-", "Interest Paid Supplemental Data": "-", "Capital Expenditure": "-3,700", "Issuance of Capital Stock": "100", "Issuance of Debt": "-", "Repayment of Debt": "-", "Repurchase of Capital Stock": "-18,100", "Free Cash Flow": "25,500", "Domestic Sales": "-", "Foreign Sales": "-"}, "2/28/1990": {"Duration": "2/28/1990", "Operating Cash Flow": "27,800", "Investing Cash Flow": "-13,400", "Financing Cash Flow": "-15,800", "End Cash Position": "0", "Income Tax Paid Supplemental Data": "-", "Interest Paid Supplemental Data": "-", "Capital Expenditure": "-3,600", "Issuance of Capital Stock": "200", "Issuance of Debt": "-", "Repayment of Debt": "-", "Repurchase of Capital Stock": "-6,500", "Free Cash Flow": "24,200", "Domestic Sales": "-", "Foreign Sales": "-"}}, "ks": {"Current": {"Duration": "Current", "Market Cap (intraday) 5": "565.40M", "Enterprise Value 3": "509.11M", "Trailing P/E ": "23.29", "Forward P/E 1": "N/A", "PEG Ratio (5 yr expected) 1": "N/A", "Price/Sales (ttm)": "1.57", "Price/Book (mrq)": "1.88", "Enterprise Value/Revenue 3": "1.42", "Enterprise Value/EBITDA 7": "9.92"}, "2/28/2021": {"Duration": "2/28/2021", "Market Cap (intraday) 5": "516.70M", "Enterprise Value 3": "443.18M", "Trailing P/E ": "18.70", "Forward P/E 1": "N/A", "PEG Ratio (5 yr expected) 1": "N/A", "Price/Sales (ttm)": "1.37", "Price/Book (mrq)": "1.73", "Enterprise Value/Revenue 3": "4.93", "Enterprise Value/EBITDA 7": "35.67"}, "11/30/2020": {"Duration": "11/30/2020", "Market Cap (intraday) 5": "427.16M", "Enterprise Value 3": "360.36M", "Trailing P/E ": "14.36", "Forward P/E 1": "N/A", "PEG Ratio (5 yr expected) 1": "N/A", "Price/Sales (ttm)": "1.07", "Price/Book (mrq)": "1.44", "Enterprise Value/Revenue 3": "3.90", "Enterprise Value/EBITDA 7": "22.88"}, "8/31/2020": {"Duration": "8/31/2020", "Market Cap (intraday) 5": "477.92M", "Enterprise Value 3": "420.52M", "Trailing P/E ": "14.55", "Forward P/E 1": "N/A", "PEG Ratio (5 yr expected) 1": "N/A", "Price/Sales (ttm)": "1.14", "Price/Book (mrq)": "1.62", "Enterprise Value/Revenue 3": "4.86", "Enterprise Value/EBITDA 7": "32.14"}, "5/31/2020": {"Duration": "5/31/2020", "Market Cap (intraday) 5": "464.56M", "Enterprise Value 3": "416.17M", "Trailing P/E ": "12.11", "Forward P/E 1": "N/A", "PEG Ratio (5 yr expected) 1": "N/A", "Price/Sales (ttm)": "1.06", "Price/Book (mrq)": "1.57", "Enterprise Value/Revenue 3": "4.68", "Enterprise Value/EBITDA 7": "41.31"}, "2/29/2020": {"Duration": "2/29/2020", "Market Cap (intraday) 5": "523.83M", "Enterprise Value 3": "483.15M", "Trailing P/E ": "13.86", "Forward P/E 1": "N/A", "PEG Ratio (5 yr expected) 1": "N/A", "Price/Sales (ttm)": "1.21", "Price/Book (mrq)": "1.73", "Enterprise Value/Revenue 3": "4.53", "Enterprise Value/EBITDA 7": "30.86"}, "11/30/2019": {"Duration": "11/30/2019", "Market Cap (intraday) 5": "538.77M", "Enterprise Value 3": "506.82M", "Trailing P/E ": "14.23", "Forward P/E 1": "N/A", "PEG Ratio (5 yr expected) 1": "N/A", "Price/Sales (ttm)": "1.27", "Price/Book (mrq)": "1.81", "Enterprise Value/Revenue 3": "4.41", "Enterprise Value/EBITDA 7": "26.64"}, "8/31/2019": {"Duration": "8/31/2019", "Market Cap (intraday) 5": "525.15M", "Enterprise Value 3": "486.15M", "Trailing P/E ": "13.87", "Forward P/E 1": "N/A", "PEG Ratio (5 yr expected) 1": "N/A", "Price/Sales (ttm)": "1.26", "Price/Book (mrq)": "1.79", "Enterprise Value/Revenue 3": "4.47", "Enterprise Value/EBITDA 7": "27.53"}, "5/31/2019": {"Duration": "5/31/2019", "Market Cap (intraday) 5": "484.41M", "Enterprise Value 3": "425.97M", "Trailing P/E ": "12.77", "Forward P/E 1": "N/A", "PEG Ratio (5 yr expected) 1": "N/A", "Price/Sales (ttm)": "1.19", "Price/Book (mrq)": "1.66", "Enterprise Value/Revenue 3": "3.94", "Enterprise Value/EBITDA 7": "24.05"}, "2/28/2019": {"Duration": "2/28/2019", "Market Cap (intraday) 5": "553.84M", "Enterprise Value 3": "503.02M", "Trailing P/E ": "14.52", "Forward P/E 1": "N/A", "PEG Ratio (5 yr expected) 1": "N/A", "Price/Sales (ttm)": "1.41", "Price/Book (mrq)": "1.91", "Enterprise Value/Revenue 3": "5.00", "Enterprise Value/EBITDA 7": "32.70"}, "11/30/2018": {"Duration": "11/30/2018", "Market Cap (intraday) 5": "514.06M", "Enterprise Value 3": "464.57M", "Trailing P/E ": "14.05", "Forward P/E 1": "N/A", "PEG Ratio (5 yr expected) 1": "N/A", "Price/Sales (ttm)": "1.33", "Price/Book (mrq)": "1.77", "Enterprise Value/Revenue 3": "4.30", "Enterprise Value/EBITDA 7": "24.41"}, "8/31/2018": {"Duration": "8/31/2018", "Market Cap (intraday) 5": "573.03M", "Enterprise Value 3": "506.61M", "Trailing P/E ": "16.27", "Forward P/E 1": "N/A", "PEG Ratio (5 yr expected) 1": "N/A", "Price/Sales (ttm)": "1.50", "Price/Book (mrq)": "2.15", "Enterprise Value/Revenue 3": "5.14", "Enterprise Value/EBITDA 7": "30.12"}, "5/31/2018": {"Duration": "5/31/2018", "Market Cap (intraday) 5": "464.49M", "Enterprise Value 3": "398.26M", "Trailing P/E ": "14.15", "Forward P/E 1": "N/A", "PEG Ratio (5 yr expected) 1": "N/A", "Price/Sales (ttm)": "1.25", "Price/Book (mrq)": "1.76", "Enterprise Value/Revenue 3": "4.26", "Enterprise Value/EBITDA 7": "24.83"}, "2/28/2018": {"Duration": "2/28/2018", "Market Cap (intraday) 5": "495.63M", "Enterprise Value 3": "432.70M", "Trailing P/E ": "15.48", "Forward P/E 1": "N/A", "PEG Ratio (5 yr expected) 1": "N/A", "Price/Sales (ttm)": "1.34", "Price/Book (mrq)": "1.90", "Enterprise Value/Revenue 3": "4.97", "Enterprise Value/EBITDA 7": "37.32"}, "11/30/2017": {"Duration": "11/30/2017", "Market Cap (intraday) 5": "537.57M", "Enterprise Value 3": "483.71M", "Trailing P/E ": "18.39", "Forward P/E 1": "N/A", "PEG Ratio (5 yr expected) 1": "N/A", "Price/Sales (ttm)": "1.48", "Price/Book (mrq)": "2.09", "Enterprise Value/Revenue 3": "5.17", "Enterprise Value/EBITDA 7": "28.78"}, "8/31/2017": {"Duration": "8/31/2017", "Market Cap (intraday) 5": "485.47M", "Enterprise Value 3": "431.14M", "Trailing P/E ": "17.69", "Forward P/E 1": "N/A", "PEG Ratio (5 yr expected) 1": "N/A", "Price/Sales (ttm)": "1.36", "Price/Book (mrq)": "1.92", "Enterprise Value/Revenue 3": "4.54", "Enterprise Value/EBITDA 7": "24.90"}, "5/31/2017": {"Duration": "5/31/2017", "Market Cap (intraday) 5": "405.44M", "Enterprise Value 3": "354.97M", "Trailing P/E ": "15.58", "Forward P/E 1": "N/A", "PEG Ratio (5 yr expected) 1": "N/A", "Price/Sales (ttm)": "1.16", "Price/Book (mrq)": "1.61", "Enterprise Value/Revenue 3": "3.75", "Enterprise Value/EBITDA 7": "22.09"}, "2/28/2017": {"Duration": "2/28/2017", "Market Cap (intraday) 5": "414.74M", "Enterprise Value 3": "356.88M", "Trailing P/E ": "15.14", "Forward P/E 1": "N/A", "PEG Ratio (5 yr expected) 1": "N/A", "Price/Sales (ttm)": "0.78", "Price/Book (mrq)": "1.67", "Enterprise Value/Revenue 3": "4.12", "Enterprise Value/EBITDA 7": "27.61"}, "11/30/2016": {"Duration": "11/30/2016", "Market Cap (intraday) 5": "410.34M", "Enterprise Value 3": "355.12M", "Trailing P/E ": "13.57", "Forward P/E 1": "N/A", "PEG Ratio (5 yr expected) 1": "N/A", "Price/Sales (ttm)": "0.75", "Price/Book (mrq)": "1.63", "Enterprise Value/Revenue 3": "4.01", "Enterprise Value/EBITDA 7": "28.64"}, "8/31/2016": {"Duration": "8/31/2016", "Market Cap (intraday) 5": "427.69M", "Enterprise Value 3": "340.27M", "Trailing P/E ": "12.66", "Forward P/E 1": "N/A", "PEG Ratio (5 yr expected) 1": "N/A", "Price/Sales (ttm)": "0.76", "Price/Book (mrq)": "1.47", "Enterprise Value/Revenue 3": "3.73", "Enterprise Value/EBITDA 7": "24.00"}, "5/31/2016": {"Duration": "5/31/2016", "Market Cap (intraday) 5": "472.92M", "Enterprise Value 3": "502.50M", "Trailing P/E ": "13.14", "Forward P/E 1": "N/A", "PEG Ratio (5 yr expected) 1": "N/A", "Price/Sales (ttm)": "0.83", "Price/Book (mrq)": "1.58", "Enterprise Value/Revenue 3": "5.56", "Enterprise Value/EBITDA 7": "36.54"}, "2/29/2016": {"Duration": "2/29/2016", "Market Cap (intraday) 5": "505.67M", "Enterprise Value 3": "536.96M", "Trailing P/E ": "12.90", "Forward P/E 1": "N/A", "PEG Ratio (5 yr expected) 1": "N/A", "Price/Sales (ttm)": "0.87", "Price/Book (mrq)": "1.69", "Enterprise Value/Revenue 3": "4.19", "Enterprise Value/EBITDA 7": "44.13"}, "11/30/2015": {"Duration": "11/30/2015", "Market Cap (intraday) 5": "512.07M", "Enterprise Value 3": "556.22M", "Trailing P/E ": "N/A", "Forward P/E 1": "N/A", "PEG Ratio (5 yr expected) 1": "N/A", "Price/Sales (ttm)": "0.87", "Price/Book (mrq)": "1.75", "Enterprise Value/Revenue 3": "3.99", "Enterprise Value/EBITDA 7": "25.78"}, "8/31/2015": {"Duration": "8/31/2015", "Market Cap (intraday) 5": "418.32M", "Enterprise Value 3": "484.77M", "Trailing P/E ": "N/A", "Forward P/E 1": "N/A", "PEG Ratio (5 yr expected) 1": "N/A", "Price/Sales (ttm)": "0.71", "Price/Book (mrq)": "1.45", "Enterprise Value/Revenue 3": "3.22", "Enterprise Value/EBITDA 7": "21.75"}, "5/31/2015": {"Duration": "5/31/2015", "Market Cap (intraday) 5": "434.14M", "Enterprise Value 3": "525.30M", "Trailing P/E ": "N/A", "Forward P/E 1": "12.45", "PEG Ratio (5 yr expected) 1": "0.73", "Price/Sales (ttm)": "0.75", "Price/Book (mrq)": "1.51", "Enterprise Value/Revenue 3": "3.49", "Enterprise Value/EBITDA 7": "27.29"}, "2/28/2015": {"Duration": "2/28/2015", "Market Cap (intraday) 5": "359.17M", "Enterprise Value 3": "446.00M", "Trailing P/E ": "N/A", "Forward P/E 1": "N/A", "PEG Ratio (5 yr expected) 1": "N/A", "Price/Sales (ttm)": "0.63", "Price/Book (mrq)": "1.23", "Enterprise Value/Revenue 3": "3.18", "Enterprise Value/EBITDA 7": "25.20"}, "11/30/2014": {"Duration": "11/30/2014", "Market Cap (intraday) 5": "346.88M", "Enterprise Value 3": "437.10M", "Trailing P/E ": "27.16", "Forward P/E 1": "N/A", "PEG Ratio (5 yr expected) 1": "N/A", "Price/Sales (ttm)": "0.62", "Price/Book (mrq)": "0.92", "Enterprise Value/Revenue 3": "2.97", "Enterprise Value/EBITDA 7": "-5.73"}, "8/31/2014": {"Duration": "8/31/2014", "Market Cap (intraday) 5": "377.23M", "Enterprise Value 3": "469.46M", "Trailing P/E ": "30.06", "Forward P/E 1": "N/A", "PEG Ratio (5 yr expected) 1": "N/A", "Price/Sales (ttm)": "0.69", "Price/Book (mrq)": "1.02", "Enterprise Value/Revenue 3": "3.09", "Enterprise Value/EBITDA 7": "22.92"}, "5/31/2014": {"Duration": "5/31/2014", "Market Cap (intraday) 5": "396.05M", "Enterprise Value 3": "496.24M", "Trailing P/E ": "30.30", "Forward P/E 1": "8.26", "PEG Ratio (5 yr expected) 1": "0.49", "Price/Sales (ttm)": "0.73", "Price/Book (mrq)": "1.08", "Enterprise Value/Revenue 3": "3.51", "Enterprise Value/EBITDA 7": "28.77"}, "2/28/2014": {"Duration": "2/28/2014", "Market Cap (intraday) 5": "409.57M", "Enterprise Value 3": "496.55M", "Trailing P/E ": "11.88", "Forward P/E 1": "8.61", "PEG Ratio (5 yr expected) 1": "0.51", "Price/Sales (ttm)": "0.77", "Price/Book (mrq)": "1.08", "Enterprise Value/Revenue 3": "3.76", "Enterprise Value/EBITDA 7": "-64.85"}, "11/30/2013": {"Duration": "11/30/2013", "Market Cap (intraday) 5": "486.15M", "Enterprise Value 3": "503.47M", "Trailing P/E ": "15.32", "Forward P/E 1": "10.60", "PEG Ratio (5 yr expected) 1": "0.62", "Price/Sales (ttm)": "0.92", "Price/Book (mrq)": "1.29", "Enterprise Value/Revenue 3": "3.69", "Enterprise Value/EBITDA 7": "26.61"}, "8/31/2013": {"Duration": "8/31/2013", "Market Cap (intraday) 5": "466.92M", "Enterprise Value 3": "497.52M", "Trailing P/E ": "15.76", "Forward P/E 1": "10.60", "PEG Ratio (5 yr expected) 1": "0.62", "Price/Sales (ttm)": "0.88", "Price/Book (mrq)": "1.25", "Enterprise Value/Revenue 3": "3.68", "Enterprise Value/EBITDA 7": "26.28"}, "5/31/2013": {"Duration": "5/31/2013", "Market Cap (intraday) 5": "445.27M", "Enterprise Value 3": "496.54M", "Trailing P/E ": "18.01", "Forward P/E 1": "11.35", "PEG Ratio (5 yr expected) 1": "0.67", "Price/Sales (ttm)": "0.84", "Price/Book (mrq)": "1.23", "Enterprise Value/Revenue 3": "3.59", "Enterprise Value/EBITDA 7": "29.32"}, "2/28/2013": {"Duration": "2/28/2013", "Market Cap (intraday) 5": "406.67M", "Enterprise Value 3": "457.44M", "Trailing P/E ": "19.33", "Forward P/E 1": "12.27", "PEG Ratio (5 yr expected) 1": "0.72", "Price/Sales (ttm)": "0.76", "Price/Book (mrq)": "1.12", "Enterprise Value/Revenue 3": "3.70", "Enterprise Value/EBITDA 7": "31.31"}, "11/30/2012": {"Duration": "11/30/2012", "Market Cap (intraday) 5": "395.17M", "Enterprise Value 3": "445.94M", "Trailing P/E ": "18.79", "Forward P/E 1": "11.39", "PEG Ratio (5 yr expected) 1": "0.67", "Price/Sales (ttm)": "0.74", "Price/Book (mrq)": "1.08", "Enterprise Value/Revenue 3": "3.46", "Enterprise Value/EBITDA 7": "33.97"}, "8/31/2012": {"Duration": "8/31/2012", "Market Cap (intraday) 5": "378.80M", "Enterprise Value 3": "435.60M", "Trailing P/E ": "17.58", "Forward P/E 1": "10.24", "PEG Ratio (5 yr expected) 1": "0.60", "Price/Sales (ttm)": "0.72", "Price/Book (mrq)": "1.05", "Enterprise Value/Revenue 3": "3.15", "Enterprise Value/EBITDA 7": "27.81"}, "5/31/2012": {"Duration": "5/31/2012", "Market Cap (intraday) 5": "369.07M", "Enterprise Value 3": "439.10M", "Trailing P/E ": "15.46", "Forward P/E 1": "6.32", "PEG Ratio (5 yr expected) 1": "0.37", "Price/Sales (ttm)": "0.71", "Price/Book (mrq)": "1.03", "Enterprise Value/Revenue 3": "3.08", "Enterprise Value/EBITDA 7": "43.99"}, "2/29/2012": {"Duration": "2/29/2012", "Market Cap (intraday) 5": "434.48M", "Enterprise Value 3": "514.07M", "Trailing P/E ": "13.85", "Forward P/E 1": "10.54", "PEG Ratio (5 yr expected) 1": "0.62", "Price/Sales (ttm)": "0.84", "Price/Book (mrq)": "1.21", "Enterprise Value/Revenue 3": "4.23", "Enterprise Value/EBITDA 7": "59.64"}, "11/30/2011": {"Duration": "11/30/2011", "Market Cap (intraday) 5": "384.91M", "Enterprise Value 3": "418.15M", "Trailing P/E ": "10.17", "Forward P/E 1": "N/A", "PEG Ratio (5 yr expected) 1": "N/A", "Price/Sales (ttm)": "0.73", "Price/Book (mrq)": "1.06", "Enterprise Value/Revenue 3": "3.43", "Enterprise Value/EBITDA 7": "29.16"}, "8/31/2011": {"Duration": "8/31/2011", "Market Cap (intraday) 5": "411.35M", "Enterprise Value 3": "447.04M", "Trailing P/E ": "10.17", "Forward P/E 1": "N/A", "PEG Ratio (5 yr expected) 1": "N/A", "Price/Sales (ttm)": "0.76", "Price/Book (mrq)": "1.14", "Enterprise Value/Revenue 3": "3.43", "Enterprise Value/EBITDA 7": "23.66"}, "5/31/2011": {"Duration": "5/31/2011", "Market Cap (intraday) 5": "494.50M", "Enterprise Value 3": "526.88M", "Trailing P/E ": "11.50", "Forward P/E 1": "9.27", "PEG Ratio (5 yr expected) 1": "0.71", "Price/Sales (ttm)": "0.90", "Price/Book (mrq)": "1.39", "Enterprise Value/Revenue 3": "3.68", "Enterprise Value/EBITDA 7": "24.21"}, "2/28/2011": {"Duration": "2/28/2011", "Market Cap (intraday) 5": "420.16M", "Enterprise Value 3": "458.44M", "Trailing P/E ": "9.45", "Forward P/E 1": "8.69", "PEG Ratio (5 yr expected) 1": "0.67", "Price/Sales (ttm)": "0.77", "Price/Book (mrq)": "1.21", "Enterprise Value/Revenue 3": "3.49", "Enterprise Value/EBITDA 7": "23.94"}, "11/30/2010": {"Duration": "11/30/2010", "Market Cap (intraday) 5": "440.96M", "Enterprise Value 3": "473.56M", "Trailing P/E ": "9.92", "Forward P/E 1": "9.13", "PEG Ratio (5 yr expected) 1": "0.70", "Price/Sales (ttm)": "0.82", "Price/Book (mrq)": "1.31", "Enterprise Value/Revenue 3": "3.51", "Enterprise Value/EBITDA 7": "27.18"}, "8/31/2010": {"Duration": "8/31/2010", "Market Cap (intraday) 5": "397.51M", "Enterprise Value 3": "421.79M", "Trailing P/E ": "9.05", "Forward P/E 1": "N/A", "PEG Ratio (5 yr expected) 1": "N/A", "Price/Sales (ttm)": "1.59", "Price/Book (mrq)": "1.20k", "Enterprise Value/Revenue 3": "2.95", "Enterprise Value/EBITDA 7": "19.61"}, "5/31/2010": {"Duration": "5/31/2010", "Market Cap (intraday) 5": "454.15M", "Enterprise Value 3": "482.08M", "Trailing P/E ": "12.93", "Forward P/E 1": "N/A", "PEG Ratio (5 yr expected) 1": "N/A", "Price/Sales (ttm)": "0.88", "Price/Book (mrq)": "1.45", "Enterprise Value/Revenue 3": "3.43", "Enterprise Value/EBITDA 7": "20.92"}, "2/28/2010": {"Duration": "2/28/2010", "Market Cap (intraday) 5": "396.88M", "Enterprise Value 3": "416.39M", "Trailing P/E ": "N/A", "Forward P/E 1": "10.46", "PEG Ratio (5 yr expected) 1": "0.80", "Price/Sales (ttm)": "3.36", "Price/Book (mrq)": "1.29k", "Enterprise Value/Revenue 3": "3.43", "Enterprise Value/EBITDA 7": "20.32"}, "11/30/2009": {"Duration": "11/30/2009", "Market Cap (intraday) 5": "372.83M", "Enterprise Value 3": "392.34M", "Trailing P/E ": "N/A", "Forward P/E 1": "N/A", "PEG Ratio (5 yr expected) 1": "N/A", "Price/Sales (ttm)": "3.17", "Price/Book (mrq)": "1.21k", "Enterprise Value/Revenue 3": "3.07", "Enterprise Value/EBITDA 7": "24.11"}, "8/31/2009": {"Duration": "8/31/2009", "Market Cap (intraday) 5": "350.70M", "Enterprise Value 3": "381.67M", "Trailing P/E ": "N/A", "Forward P/E 1": "N/A", "PEG Ratio (5 yr expected) 1": "N/A", "Price/Sales (ttm)": "1.35", "Price/Book (mrq)": "1.16k", "Enterprise Value/Revenue 3": "2.77", "Enterprise Value/EBITDA 7": "20.38"}, "5/31/2009": {"Duration": "5/31/2009", "Market Cap (intraday) 5": "279.53M", "Enterprise Value 3": "346.64M", "Trailing P/E ": "N/A", "Forward P/E 1": "N/A", "PEG Ratio (5 yr expected) 1": "N/A", "Price/Sales (ttm)": "0.48", "Price/Book (mrq)": "0.96", "Enterprise Value/Revenue 3": "2.65", "Enterprise Value/EBITDA 7": "24.44"}, "2/28/2009": {"Duration": "2/28/2009", "Market Cap (intraday) 5": "211.48M", "Enterprise Value 3": "279.59M", "Trailing P/E ": "5.14", "Forward P/E 1": "N/A", "PEG Ratio (5 yr expected) 1": "N/A", "Price/Sales (ttm)": "0.34", "Price/Book (mrq)": "0.58", "Enterprise Value/Revenue 3": "2.38", "Enterprise Value/EBITDA 7": "-4.94"}, "11/30/2008": {"Duration": "11/30/2008", "Market Cap (intraday) 5": "262.40M", "Enterprise Value 3": "329.52M", "Trailing P/E ": "6.13", "Forward P/E 1": "N/A", "PEG Ratio (5 yr expected) 1": "N/A", "Price/Sales (ttm)": "0.42", "Price/Book (mrq)": "0.73", "Enterprise Value/Revenue 3": "2.31", "Enterprise Value/EBITDA 7": "17.04"}, "8/31/2008": {"Duration": "8/31/2008", "Market Cap (intraday) 5": "424.25M", "Enterprise Value 3": "500.83M", "Trailing P/E ": "9.60", "Forward P/E 1": "N/A", "PEG Ratio (5 yr expected) 1": "N/A", "Price/Sales (ttm)": "0.69", "Price/Book (mrq)": "1.19", "Enterprise Value/Revenue 3": "3.11", "Enterprise Value/EBITDA 7": "26.81"}, "5/31/2008": {"Duration": "5/31/2008", "Market Cap (intraday) 5": "485.02M", "Enterprise Value 3": "572.59M", "Trailing P/E ": "10.98", "Forward P/E 1": "N/A", "PEG Ratio (5 yr expected) 1": "N/A", "Price/Sales (ttm)": "0.80", "Price/Book (mrq)": "1.39", "Enterprise Value/Revenue 3": "3.51", "Enterprise Value/EBITDA 7": "26.37"}, "2/29/2008": {"Duration": "2/29/2008", "Market Cap (intraday) 5": "409.57M", "Enterprise Value 3": "497.14M", "Trailing P/E ": "9.28", "Forward P/E 1": "N/A", "PEG Ratio (5 yr expected) 1": "N/A", "Price/Sales (ttm)": "0.68", "Price/Book (mrq)": "1.18", "Enterprise Value/Revenue 3": "3.32", "Enterprise Value/EBITDA 7": "24.98"}, "11/30/2007": {"Duration": "11/30/2007", "Market Cap (intraday) 5": "470.99M", "Enterprise Value 3": "566.40M", "Trailing P/E ": "11.40", "Forward P/E 1": "N/A", "PEG Ratio (5 yr expected) 1": "N/A", "Price/Sales (ttm)": "0.79", "Price/Book (mrq)": "1.39", "Enterprise Value/Revenue 3": "3.58", "Enterprise Value/EBITDA 7": "24.04"}, "8/31/2007": {"Duration": "8/31/2007", "Market Cap (intraday) 5": "557.95M", "Enterprise Value 3": "635.15M", "Trailing P/E ": "13.77", "Forward P/E 1": "N/A", "PEG Ratio (5 yr expected) 1": "N/A", "Price/Sales (ttm)": "0.95", "Price/Book (mrq)": "1.68", "Enterprise Value/Revenue 3": "4.23", "Enterprise Value/EBITDA 7": "26.94"}, "5/31/2007": {"Duration": "5/31/2007", "Market Cap (intraday) 5": "611.50M", "Enterprise Value 3": "692.87M", "Trailing P/E ": "14.94", "Forward P/E 1": "N/A", "PEG Ratio (5 yr expected) 1": "N/A", "Price/Sales (ttm)": "1.04", "Price/Book (mrq)": "1.89", "Enterprise Value/Revenue 3": "4.54", "Enterprise Value/EBITDA 7": "29.54"}, "2/28/2007": {"Duration": "2/28/2007", "Market Cap (intraday) 5": "660.10M", "Enterprise Value 3": "746.15M", "Trailing P/E ": "15.93", "Forward P/E 1": "N/A", "PEG Ratio (5 yr expected) 1": "N/A", "Price/Sales (ttm)": "1.14", "Price/Book (mrq)": "2.09", "Enterprise Value/Revenue 3": "5.48", "Enterprise Value/EBITDA 7": "40.98"}, "11/30/2006": {"Duration": "11/30/2006", "Market Cap (intraday) 5": "582.94M", "Enterprise Value 3": "676.07M", "Trailing P/E ": "13.58", "Forward P/E 1": "N/A", "PEG Ratio (5 yr expected) 1": "N/A", "Price/Sales (ttm)": "1.01", "Price/Book (mrq)": "1.82", "Enterprise Value/Revenue 3": "4.46", "Enterprise Value/EBITDA 7": "28.42"}, "8/31/2006": {"Duration": "8/31/2006", "Market Cap (intraday) 5": "527.70M", "Enterprise Value 3": "627.97M", "Trailing P/E ": "12.52", "Forward P/E 1": "N/A", "PEG Ratio (5 yr expected) 1": "N/A", "Price/Sales (ttm)": "0.95", "Price/Book (mrq)": "1.69", "Enterprise Value/Revenue 3": "4.14", "Enterprise Value/EBITDA 7": "25.93"}, "5/31/2006": {"Duration": "5/31/2006", "Market Cap (intraday) 5": "497.38M", "Enterprise Value 3": "595.13M", "Trailing P/E ": "12.12", "Forward P/E 1": "N/A", "PEG Ratio (5 yr expected) 1": "N/A", "Price/Sales (ttm)": "0.91", "Price/Book (mrq)": "1.63", "Enterprise Value/Revenue 3": "4.10", "Enterprise Value/EBITDA 7": "24.57"}, "2/28/2006": {"Duration": "2/28/2006", "Market Cap (intraday) 5": "502.45M", "Enterprise Value 3": "603.12M", "Trailing P/E ": "12.48", "Forward P/E 1": "N/A", "PEG Ratio (5 yr expected) 1": "N/A", "Price/Sales (ttm)": "0.91", "Price/Book (mrq)": "1.69", "Enterprise Value/Revenue 3": "4.62", "Enterprise Value/EBITDA 7": "25.41"}, "11/30/2005": {"Duration": "11/30/2005", "Market Cap (intraday) 5": "451.99M", "Enterprise Value 3": "558.03M", "Trailing P/E ": "12.24", "Forward P/E 1": "N/A", "PEG Ratio (5 yr expected) 1": "N/A", "Price/Sales (ttm)": "0.81", "Price/Book (mrq)": "1.55", "Enterprise Value/Revenue 3": "4.24", "Enterprise Value/EBITDA 7": "25.18"}, "8/31/2005": {"Duration": "8/31/2005", "Market Cap (intraday) 5": "442.91M", "Enterprise Value 3": "561.65M", "Trailing P/E ": "12.25", "Forward P/E 1": "N/A", "PEG Ratio (5 yr expected) 1": "N/A", "Price/Sales (ttm)": "0.79", "Price/Book (mrq)": "1.55", "Enterprise Value/Revenue 3": "3.79", "Enterprise Value/EBITDA 7": "23.51"}, "5/31/2005": {"Duration": "5/31/2005", "Market Cap (intraday) 5": "404.43M", "Enterprise Value 3": "517.54M", "Trailing P/E ": "11.95", "Forward P/E 1": "N/A", "PEG Ratio (5 yr expected) 1": "N/A", "Price/Sales (ttm)": "0.76", "Price/Book (mrq)": "1.45", "Enterprise Value/Revenue 3": "3.47", "Enterprise Value/EBITDA 7": "21.54"}, "2/28/2005": {"Duration": "2/28/2005", "Market Cap (intraday) 5": "434.14M", "Enterprise Value 3": "557.49M", "Trailing P/E ": "14.35", "Forward P/E 1": "N/A", "PEG Ratio (5 yr expected) 1": "N/A", "Price/Sales (ttm)": "0.90", "Price/Book (mrq)": "1.60", "Enterprise Value/Revenue 3": "4.15", "Enterprise Value/EBITDA 7": "31.45"}, "11/30/2004": {"Duration": "11/30/2004", "Market Cap (intraday) 5": "504.45M", "Enterprise Value 3": "622.21M", "Trailing P/E ": "16.01", "Forward P/E 1": "N/A", "PEG Ratio (5 yr expected) 1": "N/A", "Price/Sales (ttm)": "1.14", "Price/Book (mrq)": "1.88", "Enterprise Value/Revenue 3": "6.78", "Enterprise Value/EBITDA 7": "50.55"}, "8/31/2004": {"Duration": "8/31/2004", "Market Cap (intraday) 5": "306.93M", "Enterprise Value 3": "320.63M", "Trailing P/E ": "16.24", "Forward P/E 1": "N/A", "PEG Ratio (5 yr expected) 1": "N/A", "Price/Sales (ttm)": "1.16", "Price/Book (mrq)": "2.65", "Enterprise Value/Revenue 3": "4.37", "Enterprise Value/EBITDA 7": "29.91"}, "5/31/2004": {"Duration": "5/31/2004", "Market Cap (intraday) 5": "253.70M", "Enterprise Value 3": "245.48M", "Trailing P/E ": "14.31", "Forward P/E 1": "N/A", "PEG Ratio (5 yr expected) 1": "N/A", "Price/Sales (ttm)": "0.99", "Price/Book (mrq)": "2.29", "Enterprise Value/Revenue 3": "3.73", "Enterprise Value/EBITDA 7": "24.76"}, "2/29/2004": {"Duration": "2/29/2004", "Market Cap (intraday) 5": "275.90M", "Enterprise Value 3": "271.72M", "Trailing P/E ": "15.73", "Forward P/E 1": "N/A", "PEG Ratio (5 yr expected) 1": "N/A", "Price/Sales (ttm)": "1.06", "Price/Book (mrq)": "2.68", "Enterprise Value/Revenue 3": "4.31", "Enterprise Value/EBITDA 7": "26.80"}, "11/30/2003": {"Duration": "11/30/2003", "Market Cap (intraday) 5": "241.85M", "Enterprise Value 3": "242.11M", "Trailing P/E ": "14.49", "Forward P/E 1": "N/A", "PEG Ratio (5 yr expected) 1": "N/A", "Price/Sales (ttm)": "0.95", "Price/Book (mrq)": "2.40", "Enterprise Value/Revenue 3": "3.65", "Enterprise Value/EBITDA 7": "24.40"}, "8/31/2003": {"Duration": "8/31/2003", "Market Cap (intraday) 5": "241.84M", "Enterprise Value 3": "247.29M", "Trailing P/E ": "15.08", "Forward P/E 1": "N/A", "PEG Ratio (5 yr expected) 1": "N/A", "Price/Sales (ttm)": "0.98", "Price/Book (mrq)": "2.46", "Enterprise Value/Revenue 3": "3.80", "Enterprise Value/EBITDA 7": "24.71"}, "5/31/2003": {"Duration": "5/31/2003", "Market Cap (intraday) 5": "222.28M", "Enterprise Value 3": "233.60M", "Trailing P/E ": "14.63", "Forward P/E 1": "N/A", "PEG Ratio (5 yr expected) 1": "N/A", "Price/Sales (ttm)": "0.93", "Price/Book (mrq)": "2.29", "Enterprise Value/Revenue 3": "3.60", "Enterprise Value/EBITDA 7": "25.10"}, "2/28/2003": {"Duration": "2/28/2003", "Market Cap (intraday) 5": "184.89M", "Enterprise Value 3": "196.20M", "Trailing P/E ": "12.17", "Forward P/E 1": "N/A", "PEG Ratio (5 yr expected) 1": "N/A", "Price/Sales (ttm)": "0.77", "Price/Book (mrq)": "1.91", "Enterprise Value/Revenue 3": "2.92", "Enterprise Value/EBITDA 7": "20.45"}, "11/30/2002": {"Duration": "11/30/2002", "Market Cap (intraday) 5": "201.21M", "Enterprise Value 3": "196.53M", "Trailing P/E ": "13.89", "Forward P/E 1": "N/A", "PEG Ratio (5 yr expected) 1": "N/A", "Price/Sales (ttm)": "0.87", "Price/Book (mrq)": "2.05", "Enterprise Value/Revenue 3": "3.32", "Enterprise Value/EBITDA 7": "23.21"}, "8/31/2002": {"Duration": "8/31/2002", "Market Cap (intraday) 5": "193.86M", "Enterprise Value 3": "189.96M", "Trailing P/E ": "13.09", "Forward P/E 1": "N/A", "PEG Ratio (5 yr expected) 1": "N/A", "Price/Sales (ttm)": "0.83", "Price/Book (mrq)": "2.00", "Enterprise Value/Revenue 3": "3.35", "Enterprise Value/EBITDA 7": "21.23"}, "5/31/2002": {"Duration": "5/31/2002", "Market Cap (intraday) 5": "227.82M", "Enterprise Value 3": "223.92M", "Trailing P/E ": "15.38", "Forward P/E 1": "N/A", "PEG Ratio (5 yr expected) 1": "N/A", "Price/Sales (ttm)": "0.98", "Price/Book (mrq)": "2.35", "Enterprise Value/Revenue 3": "3.88", "Enterprise Value/EBITDA 7": "28.34"}, "2/28/2002": {"Duration": "2/28/2002", "Market Cap (intraday) 5": "172.66M", "Enterprise Value 3": "172.88M", "Trailing P/E ": "11.53", "Forward P/E 1": "N/A", "PEG Ratio (5 yr expected) 1": "N/A", "Price/Sales (ttm)": "0.73", "Price/Book (mrq)": "1.80", "Enterprise Value/Revenue 3": "2.93", "Enterprise Value/EBITDA 7": "19.71"}, "11/30/2001": {"Duration": "11/30/2001", "Market Cap (intraday) 5": "155.24M", "Enterprise Value 3": "158.41M", "Trailing P/E ": "12.08", "Forward P/E 1": "N/A", "PEG Ratio (5 yr expected) 1": "N/A", "Price/Sales (ttm)": "0.65", "Price/Book (mrq)": "1.64", "Enterprise Value/Revenue 3": "2.66", "Enterprise Value/EBITDA 7": "17.34"}, "8/31/2001": {"Duration": "8/31/2001", "Market Cap (intraday) 5": "146.30M", "Enterprise Value 3": "151.97M", "Trailing P/E ": "11.24", "Forward P/E 1": "N/A", "PEG Ratio (5 yr expected) 1": "N/A", "Price/Sales (ttm)": "0.61", "Price/Book (mrq)": "1.56", "Enterprise Value/Revenue 3": "2.59", "Enterprise Value/EBITDA 7": "15.93"}, "5/31/2001": {"Duration": "5/31/2001", "Market Cap (intraday) 5": "141.72M", "Enterprise Value 3": "153.09M", "Trailing P/E ": "11.17", "Forward P/E 1": "N/A", "PEG Ratio (5 yr expected) 1": "N/A", "Price/Sales (ttm)": "0.59", "Price/Book (mrq)": "1.55", "Enterprise Value/Revenue 3": "2.56", "Enterprise Value/EBITDA 7": "17.32"}, "2/28/2001": {"Duration": "2/28/2001", "Market Cap (intraday) 5": "137.33M", "Enterprise Value 3": "155.11M", "Trailing P/E ": "10.42", "Forward P/E 1": "N/A", "PEG Ratio (5 yr expected) 1": "N/A", "Price/Sales (ttm)": "0.60", "Price/Book (mrq)": "1.50", "Enterprise Value/Revenue 3": "2.23", "Enterprise Value/EBITDA 7": "27.08"}, "11/30/2000": {"Duration": "11/30/2000", "Market Cap (intraday) 5": "117.96M", "Enterprise Value 3": "138.38M", "Trailing P/E ": "7.47", "Forward P/E 1": "N/A", "PEG Ratio (5 yr expected) 1": "N/A", "Price/Sales (ttm)": "0.57", "Price/Book (mrq)": "1.27", "Enterprise Value/Revenue 3": "2.40", "Enterprise Value/EBITDA 7": "14.95"}, "8/31/2000": {"Duration": "8/31/2000", "Market Cap (intraday) 5": "128.00M", "Enterprise Value 3": "155.68M", "Trailing P/E ": "8.20", "Forward P/E 1": "N/A", "PEG Ratio (5 yr expected) 1": "N/A", "Price/Sales (ttm)": "0.67", "Price/Book (mrq)": "1.41", "Enterprise Value/Revenue 3": "2.82", "Enterprise Value/EBITDA 7": "16.43"}, "5/31/2000": {"Duration": "5/31/2000", "Market Cap (intraday) 5": "119.41M", "Enterprise Value 3": "112.31M", "Trailing P/E ": "7.60", "Forward P/E 1": "N/A", "PEG Ratio (5 yr expected) 1": "N/A", "Price/Sales (ttm)": "0.69", "Price/Book (mrq)": "1.33", "Enterprise Value/Revenue 3": "2.40", "Enterprise Value/EBITDA 7": "14.46"}, "2/29/2000": {"Duration": "2/29/2000", "Market Cap (intraday) 5": "118.41M", "Enterprise Value 3": "115.70M", "Trailing P/E ": "7.86", "Forward P/E 1": "N/A", "PEG Ratio (5 yr expected) 1": "N/A", "Price/Sales (ttm)": "0.71", "Price/Book (mrq)": "1.34", "Enterprise Value/Revenue 3": "2.43", "Enterprise Value/EBITDA 7": "16.29"}, "11/30/1999": {"Duration": "11/30/1999", "Market Cap (intraday) 5": "146.51M", "Enterprise Value 3": "142.91M", "Trailing P/E ": "9.41", "Forward P/E 1": "N/A", "PEG Ratio (5 yr expected) 1": "N/A", "Price/Sales (ttm)": "0.92", "Price/Book (mrq)": "1.66", "Enterprise Value/Revenue 3": "3.47", "Enterprise Value/EBITDA 7": "18.80"}, "8/31/1999": {"Duration": "8/31/1999", "Market Cap (intraday) 5": "144.25M", "Enterprise Value 3": "116.25M", "Trailing P/E ": "9.75", "Forward P/E 1": "N/A", "PEG Ratio (5 yr expected) 1": "N/A", "Price/Sales (ttm)": "0.93", "Price/Book (mrq)": "1.69", "Enterprise Value/Revenue 3": "3.04", "Enterprise Value/EBITDA 7": "17.35"}, "5/31/1999": {"Duration": "5/31/1999", "Market Cap (intraday) 5": "140.18M", "Enterprise Value 3": "115.58M", "Trailing P/E ": "9.91", "Forward P/E 1": "N/A", "PEG Ratio (5 yr expected) 1": "N/A", "Price/Sales (ttm)": "0.94", "Price/Book (mrq)": "1.68", "Enterprise Value/Revenue 3": "2.91", "Enterprise Value/EBITDA 7": "18.06"}, "2/28/1999": {"Duration": "2/28/1999", "Market Cap (intraday) 5": "145.27M", "Enterprise Value 3": "122.17M", "Trailing P/E ": "10.52", "Forward P/E 1": "N/A", "PEG Ratio (5 yr expected) 1": "N/A", "Price/Sales (ttm)": "0.98", "Price/Book (mrq)": "1.78", "Enterprise Value/Revenue 3": "3.14", "Enterprise Value/EBITDA 7": "14.72"}, "11/30/1998": {"Duration": "11/30/1998", "Market Cap (intraday) 5": "170.66M", "Enterprise Value 3": "147.56M", "Trailing P/E ": "12.35", "Forward P/E 1": "N/A", "PEG Ratio (5 yr expected) 1": "N/A", "Price/Sales (ttm)": "1.16", "Price/Book (mrq)": "2.09", "Enterprise Value/Revenue 3": "3.80", "Enterprise Value/EBITDA 7": "23.80"}, "8/31/1998": {"Duration": "8/31/1998", "Market Cap (intraday) 5": "162.40M", "Enterprise Value 3": "136.90M", "Trailing P/E ": "13.98", "Forward P/E 1": "N/A", "PEG Ratio (5 yr expected) 1": "N/A", "Price/Sales (ttm)": "1.09", "Price/Book (mrq)": "2.03", "Enterprise Value/Revenue 3": "3.71", "Enterprise Value/EBITDA 7": "21.73"}, "5/31/1998": {"Duration": "5/31/1998", "Market Cap (intraday) 5": "180.82M", "Enterprise Value 3": "158.52M", "Trailing P/E ": "17.74", "Forward P/E 1": "N/A", "PEG Ratio (5 yr expected) 1": "N/A", "Price/Sales (ttm)": "1.18", "Price/Book (mrq)": "2.21", "Enterprise Value/Revenue 3": "4.37", "Enterprise Value/EBITDA 7": "25.99"}, "2/28/1998": {"Duration": "2/28/1998", "Market Cap (intraday) 5": "174.65M", "Enterprise Value 3": "155.25M", "Trailing P/E ": "20.43", "Forward P/E 1": "N/A", "PEG Ratio (5 yr expected) 1": "N/A", "Price/Sales (ttm)": "1.14", "Price/Book (mrq)": "2.18", "Enterprise Value/Revenue 3": "4.11", "Enterprise Value/EBITDA 7": "21.56"}, "11/30/1997": {"Duration": "11/30/1997", "Market Cap (intraday) 5": "163.36M", "Enterprise Value 3": "143.76M", "Trailing P/E ": "15.53", "Forward P/E 1": "N/A", "PEG Ratio (5 yr expected) 1": "N/A", "Price/Sales (ttm)": "1.07", "Price/Book (mrq)": "2.00", "Enterprise Value/Revenue 3": "3.57", "Enterprise Value/EBITDA 7": "22.82"}, "8/31/1997": {"Duration": "8/31/1997", "Market Cap (intraday) 5": "178.76M", "Enterprise Value 3": "161.36M", "Trailing P/E ": "15.54", "Forward P/E 1": "N/A", "PEG Ratio (5 yr expected) 1": "N/A", "Price/Sales (ttm)": "1.16", "Price/Book (mrq)": "2.20", "Enterprise Value/Revenue 3": "4.21", "Enterprise Value/EBITDA 7": "29.34"}, "5/31/1997": {"Duration": "5/31/1997", "Market Cap (intraday) 5": "162.33M", "Enterprise Value 3": "144.13M", "Trailing P/E ": "12.04", "Forward P/E 1": "N/A", "PEG Ratio (5 yr expected) 1": "N/A", "Price/Sales (ttm)": "1.06", "Price/Book (mrq)": "1.99", "Enterprise Value/Revenue 3": "3.80", "Enterprise Value/EBITDA 7": "29.41"}, "2/28/1997": {"Duration": "2/28/1997", "Market Cap (intraday) 5": "162.19M", "Enterprise Value 3": "143.99M", "Trailing P/E ": "13.41", "Forward P/E 1": "N/A", "PEG Ratio (5 yr expected) 1": "N/A", "Price/Sales (ttm)": "1.18", "Price/Book (mrq)": "1.99", "Enterprise Value/Revenue 3": "3.80", "Enterprise Value/EBITDA 7": "28.23"}, "11/30/1996": {"Duration": "11/30/1996", "Market Cap (intraday) 5": "149.29M", "Enterprise Value 3": "124.69M", "Trailing P/E ": "9.64", "Forward P/E 1": "N/A", "PEG Ratio (5 yr expected) 1": "N/A", "Price/Sales (ttm)": "1.14", "Price/Book (mrq)": "1.84", "Enterprise Value/Revenue 3": "3.10", "Enterprise Value/EBITDA 7": "21.13"}, "8/31/1996": {"Duration": "8/31/1996", "Market Cap (intraday) 5": "158.50M", "Enterprise Value 3": "128.80M", "Trailing P/E ": "9.60", "Forward P/E 1": "N/A", "PEG Ratio (5 yr expected) 1": "N/A", "Price/Sales (ttm)": "1.22", "Price/Book (mrq)": "1.98", "Enterprise Value/Revenue 3": "3.33", "Enterprise Value/EBITDA 7": "19.22"}, "5/31/1996": {"Duration": "5/31/1996", "Market Cap (intraday) 5": "160.35M", "Enterprise Value 3": "130.65M", "Trailing P/E ": "9.71", "Forward P/E 1": "N/A", "PEG Ratio (5 yr expected) 1": "N/A", "Price/Sales (ttm)": "1.24", "Price/Book (mrq)": "2.01", "Enterprise Value/Revenue 3": "3.54", "Enterprise Value/EBITDA 7": "17.90"}, "2/29/1996": {"Duration": "2/29/1996", "Market Cap (intraday) 5": "166.29M", "Enterprise Value 3": "128.09M", "Trailing P/E ": "9.96", "Forward P/E 1": "N/A", "PEG Ratio (5 yr expected) 1": "N/A", "Price/Sales (ttm)": "1.30", "Price/Book (mrq)": "2.13", "Enterprise Value/Revenue 3": "3.71", "Enterprise Value/EBITDA 7": "14.23"}, "11/30/1995": {"Duration": "11/30/1995", "Market Cap (intraday) 5": "184.77M", "Enterprise Value 3": "151.87M", "Trailing P/E ": "10.59", "Forward P/E 1": "N/A", "PEG Ratio (5 yr expected) 1": "N/A", "Price/Sales (ttm)": "1.43", "Price/Book (mrq)": "2.43", "Enterprise Value/Revenue 3": "4.13", "Enterprise Value/EBITDA 7": "18.30"}, "8/31/1995": {"Duration": "8/31/1995", "Market Cap (intraday) 5": "192.16M", "Enterprise Value 3": "174.66M", "Trailing P/E ": "11.02", "Forward P/E 1": "N/A", "PEG Ratio (5 yr expected) 1": "N/A", "Price/Sales (ttm)": "1.50", "Price/Book (mrq)": "2.61", "Enterprise Value/Revenue 3": "4.89", "Enterprise Value/EBITDA 7": "22.11"}, "5/31/1995": {"Duration": "5/31/1995", "Market Cap (intraday) 5": "195.85M", "Enterprise Value 3": "185.55M", "Trailing P/E ": "11.13", "Forward P/E 1": "N/A", "PEG Ratio (5 yr expected) 1": "N/A", "Price/Sales (ttm)": "1.55", "Price/Book (mrq)": "2.74", "Enterprise Value/Revenue 3": "5.29", "Enterprise Value/EBITDA 7": "24.41"}, "2/28/1995": {"Duration": "2/28/1995", "Market Cap (intraday) 5": "226.05M", "Enterprise Value 3": "216.05M", "Trailing P/E ": "11.27", "Forward P/E 1": "N/A", "PEG Ratio (5 yr expected) 1": "N/A", "Price/Sales (ttm)": "1.62", "Price/Book (mrq)": "3.26", "Enterprise Value/Revenue 3": "5.97", "Enterprise Value/EBITDA 7": "23.74"}, "11/30/1994": {"Duration": "11/30/1994", "Market Cap (intraday) 5": "217.83M", "Enterprise Value 3": "202.93M", "Trailing P/E ": "10.86", "Forward P/E 1": "N/A", "PEG Ratio (5 yr expected) 1": "N/A", "Price/Sales (ttm)": "1.60", "Price/Book (mrq)": "3.28", "Enterprise Value/Revenue 3": "5.77", "Enterprise Value/EBITDA 7": "24.75"}, "8/31/1994": {"Duration": "8/31/1994", "Market Cap (intraday) 5": "234.28M", "Enterprise Value 3": "211.28M", "Trailing P/E ": "11.68", "Forward P/E 1": "N/A", "PEG Ratio (5 yr expected) 1": "N/A", "Price/Sales (ttm)": "1.74", "Price/Book (mrq)": "3.65", "Enterprise Value/Revenue 3": "6.11", "Enterprise Value/EBITDA 7": "24.86"}, "5/31/1994": {"Duration": "5/31/1994", "Market Cap (intraday) 5": "228.12M", "Enterprise Value 3": "204.62M", "Trailing P/E ": "11.66", "Forward P/E 1": "N/A", "PEG Ratio (5 yr expected) 1": "N/A", "Price/Sales (ttm)": "1.71", "Price/Book (mrq)": "3.70", "Enterprise Value/Revenue 3": "6.02", "Enterprise Value/EBITDA 7": "24.36"}, "2/28/1994": {"Duration": "2/28/1994", "Market Cap (intraday) 5": "254.77M", "Enterprise Value 3": "233.77M", "Trailing P/E ": "13.36", "Forward P/E 1": "N/A", "PEG Ratio (5 yr expected) 1": "N/A", "Price/Sales (ttm)": "1.96", "Price/Book (mrq)": "4.33", "Enterprise Value/Revenue 3": "7.04", "Enterprise Value/EBITDA 7": "23.85"}, "11/30/1993": {"Duration": "11/30/1993", "Market Cap (intraday) 5": "224.15M", "Enterprise Value 3": "208.85M", "Trailing P/E ": "11.15", "Forward P/E 1": "N/A", "PEG Ratio (5 yr expected) 1": "N/A", "Price/Sales (ttm)": "1.69", "Price/Book (mrq)": "4.02", "Enterprise Value/Revenue 3": "6.04", "Enterprise Value/EBITDA 7": "23.73"}, "8/31/1993": {"Duration": "8/31/1993", "Market Cap (intraday) 5": "263.95M", "Enterprise Value 3": "248.25M", "Trailing P/E ": "13.12", "Forward P/E 1": "N/A", "PEG Ratio (5 yr expected) 1": "N/A", "Price/Sales (ttm)": "2.01", "Price/Book (mrq)": "4.54", "Enterprise Value/Revenue 3": "7.34", "Enterprise Value/EBITDA 7": "30.27"}, "5/31/1993": {"Duration": "5/31/1993", "Market Cap (intraday) 5": "260.38M", "Enterprise Value 3": "241.08M", "Trailing P/E ": "12.81", "Forward P/E 1": "N/A", "PEG Ratio (5 yr expected) 1": "N/A", "Price/Sales (ttm)": "2.06", "Price/Book (mrq)": "4.30", "Enterprise Value/Revenue 3": "7.70", "Enterprise Value/EBITDA 7": "29.05"}, "2/28/1993": {"Duration": "2/28/1993", "Market Cap (intraday) 5": "305.28M", "Enterprise Value 3": "289.78M", "Trailing P/E ": "14.92", "Forward P/E 1": "N/A", "PEG Ratio (5 yr expected) 1": "N/A", "Price/Sales (ttm)": "2.49", "Price/Book (mrq)": "5.36", "Enterprise Value/Revenue 3": "9.32", "Enterprise Value/EBITDA 7": "28.98"}, "11/30/1992": {"Duration": "11/30/1992", "Market Cap (intraday) 5": "294.38M", "Enterprise Value 3": "278.88M", "Trailing P/E ": "14.39", "Forward P/E 1": "N/A", "PEG Ratio (5 yr expected) 1": "N/A", "Price/Sales (ttm)": "2.40", "Price/Book (mrq)": "5.16", "Enterprise Value/Revenue 3": "8.25", "Enterprise Value/EBITDA 7": "30.99"}, "8/31/1992": {"Duration": "8/31/1992", "Market Cap (intraday) 5": "283.60M", "Enterprise Value 3": "272.00M", "Trailing P/E ": "14.00", "Forward P/E 1": "N/A", "PEG Ratio (5 yr expected) 1": "N/A", "Price/Sales (ttm)": "2.29", "Price/Book (mrq)": "5.02", "Enterprise Value/Revenue 3": "8.19", "Enterprise Value/EBITDA 7": "29.25"}, "5/31/1992": {"Duration": "5/31/1992", "Market Cap (intraday) 5": "326.25M", "Enterprise Value 3": "304.35M", "Trailing P/E ": "15.62", "Forward P/E 1": "N/A", "PEG Ratio (5 yr expected) 1": "N/A", "Price/Sales (ttm)": "2.47", "Price/Book (mrq)": "4.91", "Enterprise Value/Revenue 3": "9.75", "Enterprise Value/EBITDA 7": "37.57"}, "2/29/1992": {"Duration": "2/29/1992", "Market Cap (intraday) 5": "355.58M", "Enterprise Value 3": "337.68M", "Trailing P/E ": "18.69", "Forward P/E 1": "N/A", "PEG Ratio (5 yr expected) 1": "N/A", "Price/Sales (ttm)": "2.65", "Price/Book (mrq)": "5.69", "Enterprise Value/Revenue 3": "12.28", "Enterprise Value/EBITDA 7": "34.81"}, "11/30/1991": {"Duration": "11/30/1991", "Market Cap (intraday) 5": "346.27M", "Enterprise Value 3": "335.18M", "Trailing P/E ": "20.07", "Forward P/E 1": "N/A", "PEG Ratio (5 yr expected) 1": "N/A", "Price/Sales (ttm)": "2.65", "Price/Book (mrq)": "5.77", "Enterprise Value/Revenue 3": "9.36", "Enterprise Value/EBITDA 7": "38.09"}, "8/31/1991": {"Duration": "8/31/1991", "Market Cap (intraday) 5": "332.61M", "Enterprise Value 3": "322.31M", "Trailing P/E ": "24.44", "Forward P/E 1": "N/A", "PEG Ratio (5 yr expected) 1": "N/A", "Price/Sales (ttm)": "2.60", "Price/Book (mrq)": "5.82", "Enterprise Value/Revenue 3": "9.13", "Enterprise Value/EBITDA 7": "34.29"}, "5/31/1991": {"Duration": "5/31/1991", "Market Cap (intraday) 5": "306.33M", "Enterprise Value 3": "296.03M", "Trailing P/E ": "22.54", "Forward P/E 1": "N/A", "PEG Ratio (5 yr expected) 1": "N/A", "Price/Sales (ttm)": "2.40", "Price/Book (mrq)": "5.36", "Enterprise Value/Revenue 3": "8.92", "Enterprise Value/EBITDA 7": "36.10"}, "2/28/1991": {"Duration": "2/28/1991", "Market Cap (intraday) 5": "262.17M", "Enterprise Value 3": "242.07M", "Trailing P/E ": "19.20", "Forward P/E 1": "N/A", "PEG Ratio (5 yr expected) 1": "N/A", "Price/Sales (ttm)": "2.08", "Price/Book (mrq)": "4.70", "Enterprise Value/Revenue 3": "8.07", "Enterprise Value/EBITDA 7": "23.50"}, "11/30/1990": {"Duration": "11/30/1990", "Market Cap (intraday) 5": "213.83M", "Enterprise Value 3": "208.93M", "Trailing P/E ": "16.06", "Forward P/E 1": "N/A", "PEG Ratio (5 yr expected) 1": "N/A", "Price/Sales (ttm)": "1.67", "Price/Book (mrq)": "4.10", "Enterprise Value/Revenue 3": "6.55", "Enterprise Value/EBITDA 7": "25.79"}, "8/31/1990": {"Duration": "8/31/1990", "Market Cap (intraday) 5": "233.04M", "Enterprise Value 3": "223.74M", "Trailing P/E ": "17.13", "Forward P/E 1": "N/A", "PEG Ratio (5 yr expected) 1": "N/A", "Price/Sales (ttm)": "1.81", "Price/Book (mrq)": "4.16", "Enterprise Value/Revenue 3": "6.91", "Enterprise Value/EBITDA 7": "26.64"}, "5/31/1990": {"Duration": "5/31/1990", "Market Cap (intraday) 5": "283.64M", "Enterprise Value 3": "273.94M", "Trailing P/E ": "19.34", "Forward P/E 1": "N/A", "PEG Ratio (5 yr expected) 1": "N/A", "Price/Sales (ttm)": "2.19", "Price/Book (mrq)": "5.17", "Enterprise Value/Revenue 3": "8.59", "Enterprise Value/EBITDA 7": "33.00"}, "2/28/1990": {"Duration": "2/28/1990", "Market Cap (intraday) 5": "303.52M", "Enterprise Value 3": "300.92M", "Trailing P/E ": "21.93", "Forward P/E 1": "N/A", "PEG Ratio (5 yr expected) 1": "N/A", "Price/Sales (ttm)": "2.34", "Price/Book (mrq)": "5.00", "Enterprise Value/Revenue 3": "9.40", "Enterprise Value/EBITDA 7": "30.71"}, "11/30/1989": {"Duration": "11/30/1989", "Market Cap (intraday) 5": "292.42M", "Enterprise Value 3": "277.72M", "Trailing P/E ": "23.91", "Forward P/E 1": "N/A", "PEG Ratio (5 yr expected) 1": "N/A", "Price/Sales (ttm)": "2.24", "Price/Book (mrq)": "4.71", "Enterprise Value/Revenue 3": "8.55", "Enterprise Value/EBITDA 7": "33.06"}, "8/31/1989": {"Duration": "8/31/1989", "Market Cap (intraday) 5": "350.00M", "Enterprise Value 3": "340.50M", "Trailing P/E ": "26.63", "Forward P/E 1": "N/A", "PEG Ratio (5 yr expected) 1": "N/A", "Price/Sales (ttm)": "2.69", "Price/Book (mrq)": "6.16", "Enterprise Value/Revenue 3": "10.35", "Enterprise Value/EBITDA 7": "10.35"}, "5/31/1989": {"Duration": "5/31/1989", "Market Cap (intraday) 5": "273.60M", "Enterprise Value 3": "264.10M", "Trailing P/E ": "32.85", "Forward P/E 1": "N/A", "PEG Ratio (5 yr expected) 1": "N/A", "Price/Sales (ttm)": "2.11", "Price/Book (mrq)": "4.82", "Enterprise Value/Revenue 3": "8.20", "Enterprise Value/EBITDA 7": "34.30"}, "2/28/1989": {"Duration": "2/28/1989", "Market Cap (intraday) 5": "251.38M", "Enterprise Value 3": "242.18M", "Trailing P/E ": "30.96", "Forward P/E 1": "N/A", "PEG Ratio (5 yr expected) 1": "N/A", "Price/Sales (ttm)": "1.96", "Price/Book (mrq)": "4.74", "Enterprise Value/Revenue 3": "7.41", "Enterprise Value/EBITDA 7": "-3.61"}, "11/30/1988": {"Duration": "11/30/1988", "Market Cap (intraday) 5": "239.58M", "Enterprise Value 3": "227.98M", "Trailing P/E ": "30.87", "Forward P/E 1": "N/A", "PEG Ratio (5 yr expected) 1": "N/A", "Price/Sales (ttm)": "1.91", "Price/Book (mrq)": "4.83", "Enterprise Value/Revenue 3": "7.06", "Enterprise Value/EBITDA 7": "7.06"}, "8/31/1988": {"Duration": "8/31/1988", "Market Cap (intraday) 5": "227.42M", "Enterprise Value 3": "215.82M", "Trailing P/E ": "30.71", "Forward P/E 1": "N/A", "PEG Ratio (5 yr expected) 1": "N/A", "Price/Sales (ttm)": "1.85", "Price/Book (mrq)": "4.59", "Enterprise Value/Revenue 3": "6.68", "Enterprise Value/EBITDA 7": "6.68"}, "5/31/1988": {"Duration": "5/31/1988", "Market Cap (intraday) 5": "212.48M", "Enterprise Value 3": "200.88M", "Trailing P/E ": "29.79", "Forward P/E 1": "N/A", "PEG Ratio (5 yr expected) 1": "N/A", "Price/Sales (ttm)": "1.78", "Price/Book (mrq)": "4.28", "Enterprise Value/Revenue 3": "6.50", "Enterprise Value/EBITDA 7": "6.50"}, "2/29/1988": {"Duration": "2/29/1988", "Market Cap (intraday) 5": "241.13M", "Enterprise Value 3": "229.53M", "Trailing P/E ": "35.65", "Forward P/E 1": "N/A", "PEG Ratio (5 yr expected) 1": "N/A", "Price/Sales (ttm)": "2.05", "Price/Book (mrq)": "4.86", "Enterprise Value/Revenue 3": "7.73", "Enterprise Value/EBITDA 7": "-3.70"}, "11/30/1987": {"Duration": "11/30/1987", "Market Cap (intraday) 5": "217.28M", "Enterprise Value 3": "200.78M", "Trailing P/E ": "34.05", "Forward P/E 1": "N/A", "PEG Ratio (5 yr expected) 1": "N/A", "Price/Sales (ttm)": "1.88", "Price/Book (mrq)": "4.02", "Enterprise Value/Revenue 3": "6.67", "Enterprise Value/EBITDA 7": "6.67"}, "8/31/1987": {"Duration": "8/31/1987", "Market Cap (intraday) 5": "272.75M", "Enterprise Value 3": "256.25M", "Trailing P/E ": "49.96", "Forward P/E 1": "N/A", "PEG Ratio (5 yr expected) 1": "N/A", "Price/Sales (ttm)": "2.37", "Price/Book (mrq)": "5.05", "Enterprise Value/Revenue 3": "8.90", "Enterprise Value/EBITDA 7": "8.90"}, "5/31/1987": {"Duration": "5/31/1987", "Market Cap (intraday) 5": "193.08M", "Enterprise Value 3": "176.58M", "Trailing P/E ": "52.52", "Forward P/E 1": "N/A", "PEG Ratio (5 yr expected) 1": "N/A", "Price/Sales (ttm)": "1.70", "Price/Book (mrq)": "3.58", "Enterprise Value/Revenue 3": "6.09", "Enterprise Value/EBITDA 7": "6.09"}, "2/28/1987": {"Duration": "2/28/1987", "Market Cap (intraday) 5": "205.62M", "Enterprise Value 3": "194.12M", "Trailing P/E ": "57.88", "Forward P/E 1": "N/A", "PEG Ratio (5 yr expected) 1": "N/A", "Price/Sales (ttm)": "1.88", "Price/Book (mrq)": "4.09", "Enterprise Value/Revenue 3": "6.96", "Enterprise Value/EBITDA 7": "-3.10"}, "11/30/1986": {"Duration": "11/30/1986", "Market Cap (intraday) 5": "168.00M", "Enterprise Value 3": "156.50M", "Trailing P/E ": "47.45", "Forward P/E 1": "N/A", "PEG Ratio (5 yr expected) 1": "N/A", "Price/Sales (ttm)": "1.52", "Price/Book (mrq)": "3.34", "Enterprise Value/Revenue 3": "5.34", "Enterprise Value/EBITDA 7": "5.34"}, "8/31/1986": {"Duration": "8/31/1986", "Market Cap (intraday) 5": "168.93M", "Enterprise Value 3": "157.43M", "Trailing P/E ": "45.56", "Forward P/E 1": "N/A", "PEG Ratio (5 yr expected) 1": "N/A", "Price/Sales (ttm)": "1.57", "Price/Book (mrq)": "3.36", "Enterprise Value/Revenue 3": "5.60", "Enterprise Value/EBITDA 7": "5.60"}, "5/31/1986": {"Duration": "5/31/1986", "Market Cap (intraday) 5": "172.97M", "Enterprise Value 3": "161.47M", "Trailing P/E ": "51.89", "Forward P/E 1": "N/A", "PEG Ratio (5 yr expected) 1": "N/A", "Price/Sales (ttm)": "1.56", "Price/Book (mrq)": "3.44", "Enterprise Value/Revenue 3": "6.07", "Enterprise Value/EBITDA 7": "6.07"}, "2/28/1986": {"Duration": "2/28/1986", "Market Cap (intraday) 5": "178.38M", "Enterprise Value 3": "166.88M", "Trailing P/E ": "53.61", "Forward P/E 1": "N/A", "PEG Ratio (5 yr expected) 1": "N/A", "Price/Sales (ttm)": "1.61", "Price/Book (mrq)": "3.55", "Enterprise Value/Revenue 3": "6.16", "Enterprise Value/EBITDA 7": "-2.63"}, "11/30/1985": {"Duration": "11/30/1985", "Market Cap (intraday) 5": "145.62M", "Enterprise Value 3": "143.82M", "Trailing P/E ": "62.60", "Forward P/E 1": "N/A", "PEG Ratio (5 yr expected) 1": "N/A", "Price/Sales (ttm)": "1.32", "Price/Book (mrq)": "3.50", "Enterprise Value/Revenue 3": "5.03", "Enterprise Value/EBITDA 7": "5.03"}, "8/31/1985": {"Duration": "8/31/1985", "Market Cap (intraday) 5": "125.13M", "Enterprise Value 3": "123.33M", "Trailing P/E ": "84.94", "Forward P/E 1": "N/A", "PEG Ratio (5 yr expected) 1": "N/A", "Price/Sales (ttm)": "1.13", "Price/Book (mrq)": "3.01", "Enterprise Value/Revenue 3": "4.48", "Enterprise Value/EBITDA 7": "4.48"}}, "inside": {"Date": ["INSIDER NAME", "TITLE", "DATE", "TRANSATION", "SHARE", "PRICE", "AMOUNT"], "2021-05-17 17:02:14": ["BURNETT VERA", "INTERIM CFO", "2021-05-13", "BUY", "200", "21.40", "4,280"], "2020-07-21 17:39:13": ["CLEMENS BARBARA T", "DIRECTIOR", "2020-07-21", "BUY", "1,600", "16.82", "26,912"]}}}]