[{"NRCIB": {"quote": {"05/11/2021": {"value": "", "Net Assets": "N/A", "Beta (5Y Monthly)": "N/A", "Yield": "N/A", "5y Average Return": "N/A", "Holdings Turnover": "N/A", "Last Dividend": "N/A", "Average for Category": "N/A", "Inception Date": "N/A"}}, "fin": {"res": "ERROR: Unable to sync data for: fin > NRCIB"}, "bs": {}, "cf": {}}}, {"FORR": {"quote": {"06/01/2021": {"value": "43.28", "Market Cap": "827.903M", "Beta (5Y Monthly)": "1.07", "PE Ratio (TTM)": "56.65", "EPS (TTM)": "0.76", "Earnings Date": "Jul 28, 2021 - Aug 02, 2021", "Forward Dividend & Yield": "N/A (N/A)", "Ex-Dividend Date": "Dec 11, 2018", "1y Target Est": "52.50", "Profit Margin ": "3.17%", "Operating Margin (ttm)": "5.70%", "Return on Assets (ttm)": "2.56%", "Return on Equity (ttm)": "8.25%", "Revenue (ttm)": "456.42M", "Revenue Per Share (ttm)": "24.13", "Quarterly Revenue Growth (yoy)": "7.00%", "Gross Profit (ttm)": "268.08M", "EBITDA ": "49.75M", "Net Income Avi to Common (ttm)": "14.46M", "Diluted EPS (ttm)": "0.76", "Quarterly Earnings Growth (yoy)": "N/A", "Total Cash (mrq)": "125.6M", "Total Cash Per Share (mrq)": "6.57", "Total Debt (mrq)": "192.44M", "Total Debt/Equity (mrq)": "100.11", "Current Ratio (mrq)": "0.83", "Book Value Per Share (mrq)": "10.05", "Operating Cash Flow (ttm)": "66.48M", "Levered Free Cash Flow (ttm)": "72.76M", "Avg Vol (3 month) 3": "32.97k", "Avg Vol (10 day) 3": "21.46k", "Shares Outstanding 5": "19.13M", "Implied Shares Outstanding 6": "N/A", "Float ": "11.17M", "% Held by Insiders 1": "41.46%", "% Held by Institutions 1": "58.99%", "Shares Short (May 13, 2021) 4": "431.5k", "Short Ratio (May 13, 2021) 4": "15.32", "Short % of Float (May 13, 2021) 4": "4.66%", "Short % of Shares Outstanding (May 13, 2021) 4": "2.26%", "Shares Short (prior month Apr 14, 2021) 4": "417.55k", "Forward Annual Dividend Rate 4": "N/A", "Forward Annual Dividend Yield 4": "N/A", "Trailing Annual Dividend Rate 3": "0.20", "Trailing Annual Dividend Yield 3": "0.47%", "5 Year Average Dividend Yield 4": "N/A", "Payout Ratio 4": "0.00%", "Dividend Date 3": "Dec 25, 2018", "Ex-Dividend Date 4": "Dec 10, 2018", "Last Split Factor 2": "2:1", "Last Split Date 3": "Feb 07, 2000"}}, "fin": {"TTM": {"Duration": "TTM", "Total Revenue": "456,420", "Cost of Revenue": "185,023", "Gross Profit": "271,397", "Operating Expense": "245,385", "Operating Income": "26,012", "Net Non Operating Interest Income Expense": "-4,931", "Other Income Expense": "-1,717", "Pretax Income": "19,364", "Tax Provision": "4,905", "Net Income Common Stockholders": "14,459", "Diluted NI Available to Com Stockholders": "14,459", "Basic EPS": "-", "Diluted EPS": "-", "Basic Average Shares": "-", "Diluted Average Shares": "-", "Total Operating Income as Reported": "22,990", "Total Expenses": "430,408", "Net Income from Continuing & Discontinued Operation": "14,459", "Normalized Income": "14,879", "Interest Expense": "4,931", "Net Interest Income": "-4,931", "EBIT": "24,295", "EBITDA": "64,460", "Reconciled Cost of Revenue": "173,495", "Reconciled Depreciation": "40,165", "Net Income from Continuing Operation Net Minority Interest": "14,459", "Total Unusual Items Excluding Goodwill": "-563", "Total Unusual Items": "-563", "Normalized EBITDA": "65,023", "Tax Rate for Calcs": "0", "Tax Effect of Unusual Items": "-142.6108"}, "12/31/2020": {"Duration": "12/31/2020", "Total Revenue": "448,984", "Cost of Revenue": "180,899", "Gross Profit": "268,085", "Operating Expense": "246,131", "Operating Income": "21,954", "Net Non Operating Interest Income Expense": "-5,340", "Other Income Expense": "-3,681", "Pretax Income": "12,933", "Tax Provision": "2,943", "Net Income Common Stockholders": "9,990", "Diluted NI Available to Com Stockholders": "9,990", "Basic EPS": "-", "Diluted EPS": "-", "Basic Average Shares": "-", "Diluted Average Shares": "-", "Total Operating Income as Reported": "16,175", "Total Expenses": "427,030", "Net Income from Continuing & Discontinued Operation": "9,990", "Normalized Income": "12,543", "Interest Expense": "5,340", "Net Interest Income": "-5,340", "EBIT": "18,273", "EBITDA": "-", "Reconciled Cost of Revenue": "167,502", "Reconciled Depreciation": "42,959", "Net Income from Continuing Operation Net Minority Interest": "9,990", "Total Unusual Items Excluding Goodwill": "-3,307", "Total Unusual Items": "-3,307", "Normalized EBITDA": "64,539", "Tax Rate for Calcs": "0", "Tax Effect of Unusual Items": "-753.996"}, "12/31/2019": {"Duration": "12/31/2019", "Total Revenue": "461,697", "Cost of Revenue": "196,726", "Gross Profit": "264,971", "Operating Expense": "257,098", "Operating Income": "7,873", "Net Non Operating Interest Income Expense": "-8,054", "Other Income Expense": "-9,418", "Pretax Income": "-9,599", "Tax Provision": "-29", "Net Income Common Stockholders": "-9,570", "Diluted NI Available to Com Stockholders": "-9,570", "Basic EPS": "-0.52", "Diluted EPS": "-0.52", "Basic Average Shares": "18,492", "Diluted Average Shares": "18,492", "Total Operating Income as Reported": "-1,075", "Total Expenses": "453,824", "Net Income from Continuing & Discontinued Operation": "-9,570", "Normalized Income": "-693.709", "Interest Expense": "8,054", "Net Interest Income": "-8,054", "EBIT": "-1,545", "EBITDA": "-", "Reconciled Cost of Revenue": "184,134", "Reconciled Depreciation": "43,783", "Net Income from Continuing Operation Net Minority Interest": "-9,570", "Total Unusual Items Excluding Goodwill": "-8,903", "Total Unusual Items": "-8,903", "Normalized EBITDA": "51,141", "Tax Rate for Calcs": "0", "Tax Effect of Unusual Items": "-26.709"}, "12/31/2018": {"Duration": "12/31/2018", "Total Revenue": "357,575", "Cost of Revenue": "146,502", "Gross Profit": "211,073", "Operating Expense": "184,861", "Operating Income": "26,212", "Net Non Operating Interest Income Expense": "-", "Other Income Expense": "-2,687", "Pretax Income": "23,525", "Tax Provision": "8,145", "Net Income Common Stockholders": "15,380", "Diluted NI Available to Com Stockholders": "15,380", "Basic EPS": "0.85", "Diluted EPS": "0.84", "Basic Average Shares": "18,091", "Diluted Average Shares": "18,380", "Total Operating Income as Reported": "22,425", "Total Expenses": "331,363", "Net Income from Continuing & Discontinued Operation": "15,380", "Normalized Income": "17,578", "Interest Expense": "-", "Net Interest Income": "-", "EBIT": "26,212", "EBITDA": "-", "Reconciled Cost of Revenue": "146,502", "Reconciled Depreciation": "9,117", "Net Income from Continuing Operation Net Minority Interest": "15,380", "Total Unusual Items Excluding Goodwill": "-3,361", "Total Unusual Items": "-3,361", "Normalized EBITDA": "38,690", "Tax Rate for Calcs": "0", "Tax Effect of Unusual Items": "-1,163"}, "12/31/2017": {"Duration": "12/31/2017", "Total Revenue": "337,673", "Cost of Revenue": "136,872", "Gross Profit": "200,801", "Operating Expense": "173,252", "Operating Income": "27,549", "Net Non Operating Interest Income Expense": "-", "Other Income Expense": "-178", "Pretax Income": "27,371", "Tax Provision": "12,231", "Net Income Common Stockholders": "15,140", "Diluted NI Available to Com Stockholders": "15,140", "Basic EPS": "0.84", "Diluted EPS": "0.83", "Basic Average Shares": "17,919", "Diluted Average Shares": "18,240", "Total Operating Income as Reported": "27,549", "Total Expenses": "310,124", "Net Income from Continuing & Discontinued Operation": "15,140", "Normalized Income": "15,427", "Interest Expense": "-", "Net Interest Income": "-", "EBIT": "27,549", "EBITDA": "-", "Reconciled Cost of Revenue": "136,872", "Reconciled Depreciation": "7,429", "Net Income from Continuing Operation Net Minority Interest": "15,140", "Total Unusual Items Excluding Goodwill": "-479", "Total Unusual Items": "-479", "Normalized EBITDA": "35,457", "Tax Rate for Calcs": "0", "Tax Effect of Unusual Items": "-191.6"}, "12/31/2016": {"Duration": "12/31/2016", "Total Revenue": "326,095", "Cost of Revenue": "128,175", "Gross Profit": "197,920", "Operating Expense": "166,120", "Operating Income": "31,800", "Net Non Operating Interest Income Expense": "-", "Other Income Expense": "-1,091", "Pretax Income": "30,709", "Tax Provision": "13,058", "Net Income Common Stockholders": "17,651", "Diluted NI Available to Com Stockholders": "17,651", "Basic EPS": "0.98", "Diluted EPS": "0.97", "Basic Average Shares": "17,984", "Diluted Average Shares": "18,269", "Total Operating Income as Reported": "30,774", "Total Expenses": "294,295", "Net Income from Continuing & Discontinued Operation": "17,651", "Normalized Income": "18,750", "Interest Expense": "-", "Net Interest Income": "-", "EBIT": "31,800", "EBITDA": "-", "Reconciled Cost of Revenue": "128,175", "Reconciled Depreciation": "8,643", "Net Income from Continuing Operation Net Minority Interest": "17,651", "Total Unusual Items Excluding Goodwill": "-1,831", "Total Unusual Items": "-1,831", "Normalized EBITDA": "42,274", "Tax Rate for Calcs": "0", "Tax Effect of Unusual Items": "-732.4"}, "12/31/2015": {"Duration": "12/31/2015", "Total Revenue": "313,726", "Cost of Revenue": "126,261", "Gross Profit": "187,465", "Operating Expense": "164,205", "Operating Income": "23,260", "Net Non Operating Interest Income Expense": "-", "Other Income Expense": "-3,940", "Pretax Income": "19,320", "Tax Provision": "7,324", "Net Income Common Stockholders": "11,996", "Diluted NI Available to Com Stockholders": "11,996", "Basic EPS": "0.67", "Diluted EPS": "0.66", "Basic Average Shares": "17,927", "Diluted Average Shares": "18,143", "Total Operating Income as Reported": "18,827", "Total Expenses": "290,466", "Net Income from Continuing & Discontinued Operation": "11,996", "Normalized Income": "14,760", "Interest Expense": "-", "Net Interest Income": "-", "EBIT": "23,260", "EBITDA": "-", "Reconciled Cost of Revenue": "126,103", "Reconciled Depreciation": "9,241", "Net Income from Continuing Operation Net Minority Interest": "11,996", "Total Unusual Items Excluding Goodwill": "-4,451", "Total Unusual Items": "-4,451", "Normalized EBITDA": "36,952", "Tax Rate for Calcs": "0", "Tax Effect of Unusual Items": "-1,687"}, "12/31/2014": {"Duration": "12/31/2014", "Total Revenue": "312,062", "Cost of Revenue": "126,199", "Gross Profit": "185,863", "Operating Expense": "165,833", "Operating Income": "20,030", "Net Non Operating Interest Income Expense": "-", "Other Income Expense": "-1,641", "Pretax Income": "18,389", "Tax Provision": "7,524", "Net Income Common Stockholders": "10,865", "Diluted NI Available to Com Stockholders": "10,865", "Basic EPS": "0.58", "Diluted EPS": "0.57", "Basic Average Shares": "18,713", "Diluted Average Shares": "19,007", "Total Operating Income as Reported": "18,213", "Total Expenses": "292,032", "Net Income from Continuing & Discontinued Operation": "10,865", "Normalized Income": "12,233", "Interest Expense": "-", "Net Interest Income": "-", "EBIT": "20,030", "EBITDA": "-", "Reconciled Cost of Revenue": "126,199", "Reconciled Depreciation": "11,496", "Net Income from Continuing Operation Net Minority Interest": "10,865", "Total Unusual Items Excluding Goodwill": "-2,105", "Total Unusual Items": "-2,105", "Normalized EBITDA": "33,631", "Tax Rate for Calcs": "0", "Tax Effect of Unusual Items": "-736.75"}, "12/31/2013": {"Duration": "12/31/2013", "Total Revenue": "297,650", "Cost of Revenue": "117,061", "Gross Profit": "180,589", "Operating Expense": "156,851", "Operating Income": "23,738", "Net Non Operating Interest Income Expense": "-", "Other Income Expense": "-3,746", "Pretax Income": "19,992", "Tax Provision": "6,968", "Net Income Common Stockholders": "13,024", "Diluted NI Available to Com Stockholders": "13,024", "Basic EPS": "0.61", "Diluted EPS": "0.60", "Basic Average Shares": "20,861", "Diluted Average Shares": "21,353", "Total Operating Income as Reported": "21,833", "Total Expenses": "273,912", "Net Income from Continuing & Discontinued Operation": "13,024", "Normalized Income": "15,848", "Interest Expense": "-", "Net Interest Income": "-", "EBIT": "23,738", "EBITDA": "-", "Reconciled Cost of Revenue": "117,061", "Reconciled Depreciation": "11,498", "Net Income from Continuing Operation Net Minority Interest": "13,024", "Total Unusual Items Excluding Goodwill": "-4,338", "Total Unusual Items": "-4,338", "Normalized EBITDA": "39,574", "Tax Rate for Calcs": "0", "Tax Effect of Unusual Items": "-1,514"}, "12/31/2012": {"Duration": "12/31/2012", "Total Revenue": "292,930", "Cost of Revenue": "111,228", "Gross Profit": "181,702", "Operating Expense": "149,622", "Operating Income": "32,080", "Net Non Operating Interest Income Expense": "-", "Other Income Expense": "-570", "Pretax Income": "31,510", "Tax Provision": "5,936", "Net Income Common Stockholders": "25,574", "Diluted NI Available to Com Stockholders": "25,574", "Basic EPS": "1.14", "Diluted EPS": "1.12", "Basic Average Shares": "22,500", "Diluted Average Shares": "22,929", "Total Operating Income as Reported": "30,659", "Total Expenses": "260,850", "Net Income from Continuing & Discontinued Operation": "25,574", "Normalized Income": "27,092", "Interest Expense": "-", "Net Interest Income": "-", "EBIT": "32,080", "EBITDA": "-", "Reconciled Cost of Revenue": "111,228", "Reconciled Depreciation": "11,366", "Net Income from Continuing Operation Net Minority Interest": "25,574", "Total Unusual Items Excluding Goodwill": "-1,870", "Total Unusual Items": "-1,870", "Normalized EBITDA": "45,316", "Tax Rate for Calcs": "0", "Tax Effect of Unusual Items": "-351.56"}, "12/31/2011": {"Duration": "12/31/2011", "Total Revenue": "283,616", "Cost of Revenue": "103,571", "Gross Profit": "180,045", "Operating Expense": "142,673", "Operating Income": "37,372", "Net Non Operating Interest Income Expense": "-", "Other Income Expense": "1,273", "Pretax Income": "38,645", "Tax Provision": "15,635", "Net Income Common Stockholders": "23,010", "Diluted NI Available to Com Stockholders": "23,010", "Basic EPS": "1.02", "Diluted EPS": "0.99", "Basic Average Shares": "22,666", "Diluted Average Shares": "23,164", "Total Operating Income as Reported": "36,997", "Total Expenses": "246,244", "Net Income from Continuing & Discontinued Operation": "23,010", "Normalized Income": "22,246", "Interest Expense": "-", "Net Interest Income": "-", "EBIT": "37,372", "EBITDA": "-", "Reconciled Cost of Revenue": "103,571", "Reconciled Depreciation": "7,921", "Net Income from Continuing Operation Net Minority Interest": "23,010", "Total Unusual Items Excluding Goodwill": "1,273", "Total Unusual Items": "1,273", "Normalized EBITDA": "44,020", "Tax Rate for Calcs": "0", "Tax Effect of Unusual Items": "509.2"}, "12/31/2010": {"Duration": "12/31/2010", "Total Revenue": "250,726", "Cost of Revenue": "94,105", "Gross Profit": "156,621", "Operating Expense": "125,871", "Operating Income": "30,750", "Net Non Operating Interest Income Expense": "-", "Other Income Expense": "3,550", "Pretax Income": "34,300", "Tax Provision": "13,793", "Net Income Common Stockholders": "20,507", "Diluted NI Available to Com Stockholders": "20,507", "Basic EPS": "0.91", "Diluted EPS": "0.89", "Basic Average Shares": "22,478", "Diluted Average Shares": "23,063", "Total Operating Income as Reported": "30,750", "Total Expenses": "219,976", "Net Income from Continuing & Discontinued Operation": "20,507", "Normalized Income": "18,377", "Interest Expense": "-", "Net Interest Income": "-", "EBIT": "30,750", "EBITDA": "-", "Reconciled Cost of Revenue": "94,062", "Reconciled Depreciation": "7,291", "Net Income from Continuing Operation Net Minority Interest": "20,507", "Total Unusual Items Excluding Goodwill": "3,550", "Total Unusual Items": "3,550", "Normalized EBITDA": "34,491", "Tax Rate for Calcs": "0", "Tax Effect of Unusual Items": "1,420"}, "12/31/2009": {"Duration": "12/31/2009", "Total Revenue": "233,352", "Cost of Revenue": "84,266", "Gross Profit": "149,086", "Operating Expense": "111,225", "Operating Income": "37,861", "Net Non Operating Interest Income Expense": "-", "Other Income Expense": "-4,126", "Pretax Income": "33,735", "Tax Provision": "14,869", "Net Income Common Stockholders": "18,866", "Diluted NI Available to Com Stockholders": "18,866", "Basic EPS": "0.83", "Diluted EPS": "0.82", "Basic Average Shares": "22,645", "Diluted Average Shares": "22,884", "Total Operating Income as Reported": "32,420", "Total Expenses": "195,491", "Net Income from Continuing & Discontinued Operation": "18,866", "Normalized Income": "21,548", "Interest Expense": "-", "Net Interest Income": "-", "EBIT": "37,861", "EBITDA": "-", "Reconciled Cost of Revenue": "83,368", "Reconciled Depreciation": "7,568", "Net Income from Continuing Operation Net Minority Interest": "18,866", "Total Unusual Items Excluding Goodwill": "-4,126", "Total Unusual Items": "-4,126", "Normalized EBITDA": "49,555", "Tax Rate for Calcs": "0", "Tax Effect of Unusual Items": "-1,444"}, "12/31/2008": {"Duration": "12/31/2008", "Total Revenue": "240,875", "Cost of Revenue": "87,802", "Gross Profit": "153,073", "Operating Expense": "115,109", "Operating Income": "37,964", "Net Non Operating Interest Income Expense": "-", "Other Income Expense": "6,846", "Pretax Income": "44,810", "Tax Provision": "15,595", "Net Income Common Stockholders": "29,215", "Diluted NI Available to Com Stockholders": "29,215", "Basic EPS": "1.27", "Diluted EPS": "1.24", "Basic Average Shares": "23,062", "Diluted Average Shares": "23,585", "Total Operating Income as Reported": "37,964", "Total Expenses": "202,911", "Net Income from Continuing & Discontinued Operation": "29,215", "Normalized Income": "24,752", "Interest Expense": "-", "Net Interest Income": "-", "EBIT": "37,964", "EBITDA": "-", "Reconciled Cost of Revenue": "86,932", "Reconciled Depreciation": "6,312", "Net Income from Continuing Operation Net Minority Interest": "29,215", "Total Unusual Items Excluding Goodwill": "6,846", "Total Unusual Items": "6,846", "Normalized EBITDA": "37,430", "Tax Rate for Calcs": "0", "Tax Effect of Unusual Items": "2,383"}, "12/31/2007": {"Duration": "12/31/2007", "Total Revenue": "212,056", "Cost of Revenue": "81,608", "Gross Profit": "130,448", "Operating Expense": "107,797", "Operating Income": "22,651", "Net Non Operating Interest Income Expense": "-", "Other Income Expense": "7,353", "Pretax Income": "30,004", "Tax Provision": "11,061", "Net Income Common Stockholders": "18,943", "Diluted NI Available to Com Stockholders": "18,943", "Basic EPS": "0.82", "Diluted EPS": "0.80", "Basic Average Shares": "23,074", "Diluted Average Shares": "23,729", "Total Operating Income as Reported": "22,651", "Total Expenses": "189,405", "Net Income from Continuing & Discontinued Operation": "18,943", "Normalized Income": "14,301", "Interest Expense": "-", "Net Interest Income": "-", "EBIT": "22,651", "EBITDA": "-", "Reconciled Cost of Revenue": "81,084", "Reconciled Depreciation": "5,742", "Net Income from Continuing Operation Net Minority Interest": "18,943", "Total Unusual Items Excluding Goodwill": "7,353", "Total Unusual Items": "7,353", "Normalized EBITDA": "21,040", "Tax Rate for Calcs": "0", "Tax Effect of Unusual Items": "2,711"}, "12/31/2006": {"Duration": "12/31/2006", "Total Revenue": "181,473", "Cost of Revenue": "73,268", "Gross Profit": "108,205", "Operating Expense": "88,163", "Operating Income": "20,042", "Net Non Operating Interest Income Expense": "-", "Other Income Expense": "6,052", "Pretax Income": "26,094", "Tax Provision": "10,037", "Net Income Common Stockholders": "17,756", "Diluted NI Available to Com Stockholders": "17,756", "Basic EPS": "0.80", "Diluted EPS": "0.77", "Basic Average Shares": "22,195", "Diluted Average Shares": "22,973", "Total Operating Income as Reported": "20,042", "Total Expenses": "161,431", "Net Income from Continuing & Discontinued Operation": "17,756", "Normalized Income": "12,333", "Interest Expense": "-", "Net Interest Income": "-", "EBIT": "20,042", "EBITDA": "-", "Reconciled Cost of Revenue": "72,483", "Reconciled Depreciation": "6,463", "Net Income from Continuing Operation Net Minority Interest": "16,057", "Total Unusual Items Excluding Goodwill": "6,052", "Total Unusual Items": "6,052", "Normalized EBITDA": "20,453", "Tax Rate for Calcs": "0", "Tax Effect of Unusual Items": "2,328"}, "12/31/2005": {"Duration": "12/31/2005", "Total Revenue": "153,229", "Cost of Revenue": "62,451", "Gross Profit": "90,778", "Operating Expense": "76,122", "Operating Income": "14,656", "Net Non Operating Interest Income Expense": "-", "Other Income Expense": "4,722", "Pretax Income": "19,378", "Tax Provision": "8,030", "Net Income Common Stockholders": "11,348", "Diluted NI Available to Com Stockholders": "11,348", "Basic EPS": "0.53", "Diluted EPS": "0.52", "Basic Average Shares": "21,413", "Diluted Average Shares": "21,883", "Total Operating Income as Reported": "14,656", "Total Expenses": "138,573", "Net Income from Continuing & Discontinued Operation": "11,348", "Normalized Income": "8,515", "Interest Expense": "-", "Net Interest Income": "-", "EBIT": "14,656", "EBITDA": "-", "Reconciled Cost of Revenue": "62,451", "Reconciled Depreciation": "7,066", "Net Income from Continuing Operation Net Minority Interest": "11,348", "Total Unusual Items Excluding Goodwill": "4,722", "Total Unusual Items": "4,722", "Normalized EBITDA": "17,000", "Tax Rate for Calcs": "0", "Tax Effect of Unusual Items": "1,889"}, "12/31/2004": {"Duration": "12/31/2004", "Total Revenue": "138,479", "Cost of Revenue": "54,687", "Gross Profit": "83,792", "Operating Expense": "73,383", "Operating Income": "10,409", "Net Non Operating Interest Income Expense": "-", "Other Income Expense": "-4,176", "Pretax Income": "6,233", "Tax Provision": "2,101", "Net Income Common Stockholders": "4,132", "Diluted NI Available to Com Stockholders": "4,132", "Basic EPS": "0.19", "Diluted EPS": "0.18", "Basic Average Shares": "22,024", "Diluted Average Shares": "22,442", "Total Operating Income as Reported": "2,013", "Total Expenses": "128,070", "Net Income from Continuing & Discontinued Operation": "4,132", "Normalized Income": "6,900", "Interest Expense": "-", "Net Interest Income": "-", "EBIT": "10,409", "EBITDA": "-", "Reconciled Cost of Revenue": "53,763", "Reconciled Depreciation": "11,076", "Net Income from Continuing Operation Net Minority Interest": "4,132", "Total Unusual Items Excluding Goodwill": "-4,176", "Total Unusual Items": "-4,176", "Normalized EBITDA": "25,661", "Tax Rate for Calcs": "0", "Tax Effect of Unusual Items": "-1,408"}, "12/31/2003": {"Duration": "12/31/2003", "Total Revenue": "125,999", "Cost of Revenue": "50,047", "Gross Profit": "75,952", "Operating Expense": "71,780", "Operating Income": "4,172", "Net Non Operating Interest Income Expense": "-", "Other Income Expense": "-2,051", "Pretax Income": "3,176", "Tax Provision": "985", "Net Income Common Stockholders": "2,191", "Diluted NI Available to Com Stockholders": "2,191", "Basic EPS": "0.10", "Diluted EPS": "0.10", "Basic Average Shares": "22,555", "Diluted Average Shares": "22,837", "Total Operating Income as Reported": "1,578", "Total Expenses": "121,827", "Net Income from Continuing & Discontinued Operation": "2,191", "Normalized Income": "3,606", "Interest Expense": "-", "Net Interest Income": "-", "EBIT": "4,172", "EBITDA": "-", "Reconciled Cost of Revenue": "49,215", "Reconciled Depreciation": "15,866", "Net Income from Continuing Operation Net Minority Interest": "2,191", "Total Unusual Items Excluding Goodwill": "-2,051", "Total Unusual Items": "-2,051", "Normalized EBITDA": "22,089", "Tax Rate for Calcs": "0", "Tax Effect of Unusual Items": "-636.0941"}, "12/31/2002": {"Duration": "12/31/2002", "Total Revenue": "96,936", "Cost of Revenue": "34,026", "Gross Profit": "62,910", "Operating Expense": "51,883", "Operating Income": "11,027", "Net Non Operating Interest Income Expense": "-", "Other Income Expense": "-10,749", "Pretax Income": "278", "Tax Provision": "-311", "Net Income Common Stockholders": "589", "Diluted NI Available to Com Stockholders": "589", "Basic EPS": "0.03", "Diluted EPS": "0.02", "Basic Average Shares": "23,189", "Diluted Average Shares": "23,653", "Total Operating Income as Reported": "-1,143", "Total Expenses": "85,909", "Net Income from Continuing & Discontinued Operation": "589", "Normalized Income": "7,038", "Interest Expense": "-", "Net Interest Income": "-", "EBIT": "11,027", "EBITDA": "-", "Reconciled Cost of Revenue": "34,026", "Reconciled Depreciation": "8,406", "Net Income from Continuing Operation Net Minority Interest": "589", "Total Unusual Items Excluding Goodwill": "-10,749", "Total Unusual Items": "-10,749", "Normalized EBITDA": "30,182", "Tax Rate for Calcs": "0", "Tax Effect of Unusual Items": "-4,300"}, "12/31/2001": {"Duration": "12/31/2001", "Total Revenue": "159,120", "Cost of Revenue": "49,113", "Gross Profit": "110,007", "Operating Expense": "86,282", "Operating Income": "23,725", "Net Non Operating Interest Income Expense": "-", "Other Income Expense": "3,317", "Pretax Income": "27,042", "Tax Provision": "8,925", "Net Income Common Stockholders": "18,117", "Diluted NI Available to Com Stockholders": "18,117", "Basic EPS": "0.80", "Diluted EPS": "0.76", "Basic Average Shares": "22,551", "Diluted Average Shares": "23,907", "Total Operating Income as Reported": "20,617", "Total Expenses": "135,395", "Net Income from Continuing & Discontinued Operation": "18,117", "Normalized Income": "15,895", "Interest Expense": "-", "Net Interest Income": "-", "EBIT": "23,725", "EBITDA": "-", "Reconciled Cost of Revenue": "49,113", "Reconciled Depreciation": "11,094", "Net Income from Continuing Operation Net Minority Interest": "18,117", "Total Unusual Items Excluding Goodwill": "3,317", "Total Unusual Items": "3,317", "Normalized EBITDA": "31,502", "Tax Rate for Calcs": "0", "Tax Effect of Unusual Items": "1,095"}, "12/31/2000": {"Duration": "12/31/2000", "Total Revenue": "157,147", "Cost of Revenue": "45,470", "Gross Profit": "111,677", "Operating Expense": "84,533", "Operating Income": "27,144", "Net Non Operating Interest Income Expense": "-", "Other Income Expense": "6,893", "Pretax Income": "34,037", "Tax Provision": "12,423", "Net Income Common Stockholders": "21,614", "Diluted NI Available to Com Stockholders": "21,614", "Basic EPS": "1.03", "Diluted EPS": "0.88", "Basic Average Shares": "20,989", "Diluted Average Shares": "24,526", "Total Operating Income as Reported": "27,144", "Total Expenses": "130,003", "Net Income from Continuing & Discontinued Operation": "21,614", "Normalized Income": "17,237", "Interest Expense": "-", "Net Interest Income": "-", "EBIT": "27,144", "EBITDA": "-", "Reconciled Cost of Revenue": "45,470", "Reconciled Depreciation": "7,944", "Net Income from Continuing Operation Net Minority Interest": "21,614", "Total Unusual Items Excluding Goodwill": "6,893", "Total Unusual Items": "6,893", "Normalized EBITDA": "28,195", "Tax Rate for Calcs": "0", "Tax Effect of Unusual Items": "2,516"}, "12/31/1999": {"Duration": "12/31/1999", "Total Revenue": "87,300", "Cost of Revenue": "27,700", "Gross Profit": "59,600", "Operating Expense": "45,000", "Operating Income": "14,600", "Net Non Operating Interest Income Expense": "-", "Other Income Expense": "3,000", "Pretax Income": "17,600", "Tax Provision": "6,600", "Net Income Common Stockholders": "11,000", "Diluted NI Available to Com Stockholders": "11,000", "Basic EPS": "0.61", "Diluted EPS": "0.55", "Basic Average Shares": "18,028", "Diluted Average Shares": "20,067", "Total Operating Income as Reported": "14,600", "Total Expenses": "72,700", "Net Income from Continuing & Discontinued Operation": "11,000", "Normalized Income": "9,125", "Interest Expense": "-", "Net Interest Income": "-", "EBIT": "14,600", "EBITDA": "-", "Reconciled Cost of Revenue": "27,700", "Reconciled Depreciation": "4,000", "Net Income from Continuing Operation Net Minority Interest": "11,000", "Total Unusual Items Excluding Goodwill": "3,000", "Total Unusual Items": "3,000", "Normalized EBITDA": "15,600", "Tax Rate for Calcs": "0", "Tax Effect of Unusual Items": "1,125"}, "12/31/1998": {"Duration": "12/31/1998", "Total Revenue": "61,600", "Cost of Revenue": "22,000", "Gross Profit": "39,600", "Operating Expense": "30,400", "Operating Income": "9,200", "Net Non Operating Interest Income Expense": "-", "Other Income Expense": "3,000", "Pretax Income": "12,100", "Tax Provision": "4,600", "Net Income Common Stockholders": "7,500", "Diluted NI Available to Com Stockholders": "7,500", "Basic EPS": "0.45", "Diluted EPS": "0.41", "Basic Average Shares": "17,041", "Diluted Average Shares": "18,744", "Total Operating Income as Reported": "9,200", "Total Expenses": "52,400", "Net Income from Continuing & Discontinued Operation": "7,500", "Normalized Income": "5,640", "Interest Expense": "-", "Net Interest Income": "-", "EBIT": "9,200", "EBITDA": "-", "Reconciled Cost of Revenue": "22,000", "Reconciled Depreciation": "2,800", "Net Income from Continuing Operation Net Minority Interest": "7,500", "Total Unusual Items Excluding Goodwill": "3,000", "Total Unusual Items": "3,000", "Normalized EBITDA": "9,000", "Tax Rate for Calcs": "0", "Tax Effect of Unusual Items": "1,140"}, "12/31/1997": {"Duration": "12/31/1997", "Total Revenue": "40,400", "Cost of Revenue": "13,700", "Gross Profit": "26,700", "Operating Expense": "19,900", "Operating Income": "6,800", "Net Non Operating Interest Income Expense": "-", "Other Income Expense": "2,500", "Pretax Income": "9,300", "Tax Provision": "3,700", "Net Income Common Stockholders": "5,600", "Diluted NI Available to Com Stockholders": "5,600", "Basic EPS": "0.34", "Diluted EPS": "0.32", "Basic Average Shares": "16,679", "Diluted Average Shares": "17,703", "Total Operating Income as Reported": "6,800", "Total Expenses": "33,600", "Net Income from Continuing & Discontinued Operation": "5,600", "Normalized Income": "4,095", "Interest Expense": "-", "Net Interest Income": "-", "EBIT": "6,800", "EBITDA": "-", "Reconciled Cost of Revenue": "13,700", "Reconciled Depreciation": "1,200", "Net Income from Continuing Operation Net Minority Interest": "5,600", "Total Unusual Items Excluding Goodwill": "2,500", "Total Unusual Items": "2,500", "Normalized EBITDA": "5,500", "Tax Rate for Calcs": "0", "Tax Effect of Unusual Items": "994.6237"}, "12/31/1996": {"Duration": "12/31/1996", "Total Revenue": "25,000", "Cost of Revenue": "9,000", "Gross Profit": "16,000", "Operating Expense": "12,000", "Operating Income": "4,000", "Net Non Operating Interest Income Expense": "-", "Other Income Expense": "600", "Pretax Income": "4,700", "Tax Provision": "700", "Net Income Common Stockholders": "4,000", "Diluted NI Available to Com Stockholders": "4,000", "Basic EPS": "0.31", "Diluted EPS": "0.31", "Basic Average Shares": "13,113", "Diluted Average Shares": "13,113", "Total Operating Income as Reported": "4,000", "Total Expenses": "21,000", "Net Income from Continuing & Discontinued Operation": "4,000", "Normalized Income": "3,489", "Interest Expense": "-", "Net Interest Income": "-", "EBIT": "4,000", "EBITDA": "-", "Reconciled Cost of Revenue": "9,000", "Reconciled Depreciation": "500", "Net Income from Continuing Operation Net Minority Interest": "4,000", "Total Unusual Items Excluding Goodwill": "600", "Total Unusual Items": "600", "Normalized EBITDA": "3,900", "Tax Rate for Calcs": "0", "Tax Effect of Unusual Items": "89.3617"}, "12/31/1995": {"Duration": "12/31/1995", "Total Revenue": "14,600", "Cost of Revenue": "5,500", "Gross Profit": "9,100", "Operating Expense": "7,300", "Operating Income": "1,800", "Net Non Operating Interest Income Expense": "-", "Other Income Expense": "300", "Pretax Income": "2,100", "Tax Provision": "800", "Net Income Common Stockholders": "1,300", "Diluted NI Available to Com Stockholders": "1,300", "Basic EPS": "0.17", "Diluted EPS": "0.17", "Basic Average Shares": "7,647", "Diluted Average Shares": "7,647", "Total Operating Income as Reported": "1,800", "Total Expenses": "12,800", "Net Income from Continuing & Discontinued Operation": "1,300", "Normalized Income": "1,114", "Interest Expense": "-", "Net Interest Income": "-", "EBIT": "1,800", "EBITDA": "-", "Reconciled Cost of Revenue": "5,500", "Reconciled Depreciation": "300", "Net Income from Continuing Operation Net Minority Interest": "1,300", "Total Unusual Items Excluding Goodwill": "300", "Total Unusual Items": "300", "Normalized EBITDA": "1,800", "Tax Rate for Calcs": "0", "Tax Effect of Unusual Items": "114.2857"}}, "bs": {"12/31/2020": {"Duration": "12/31/2020", "Total Assets": "644,218", "Total Liabilities Net Minority Interest": "458,452", "Total Equity Gross Minority Interest": "185,766", "Total Capitalization": "281,065", "Common Stock Equity": "185,766", "Capital Lease Obligations": "82,295", "Net Tangible Assets": "-139,440", "Working Capital": "-52,585", "Invested Capital": "293,565", "Tangible Book Value": "-139,440", "Total Debt": "190,094", "Net Debt": "17,542", "Share Issued": "23,648", "Ordinary Shares Number": "19,017", "Treasury Shares Number": "4,631"}, "12/31/2019": {"Duration": "12/31/2019", "Total Assets": "639,160", "Total Liabilities Net Minority Interest": "481,072", "Total Equity Gross Minority Interest": "158,088", "Total Capitalization": "279,258", "Common Stock Equity": "158,088", "Capital Lease Obligations": "79,270", "Net Tangible Assets": "-183,170", "Working Capital": "-76,895", "Invested Capital": "288,633", "Tangible Book Value": "-183,170", "Total Debt": "209,815", "Net Debt": "62,641", "Share Issued": "23,275", "Ordinary Shares Number": "18,644", "Treasury Shares Number": "4,631"}, "12/31/2018": {"Duration": "12/31/2018", "Total Assets": "353,524", "Total Liabilities Net Minority Interest": "201,924", "Total Equity Gross Minority Interest": "151,600", "Total Capitalization": "151,600", "Common Stock Equity": "151,600", "Capital Lease Obligations": "-", "Net Tangible Assets": "61,484", "Working Capital": "46,108", "Invested Capital": "151,600", "Tangible Book Value": "61,484", "Total Debt": "-", "Net Debt": "-", "Share Issued": "22,951", "Ordinary Shares Number": "18,320", "Treasury Shares Number": "4,631"}, "12/31/2017": {"Duration": "12/31/2017", "Total Assets": "345,200", "Total Liabilities Net Minority Interest": "204,011", "Total Equity Gross Minority Interest": "141,189", "Total Capitalization": "141,189", "Common Stock Equity": "141,189", "Capital Lease Obligations": "-", "Net Tangible Assets": "64,288", "Working Capital": "41,766", "Invested Capital": "141,189", "Tangible Book Value": "64,288", "Total Debt": "-", "Net Debt": "-", "Share Issued": "22,432", "Ordinary Shares Number": "18,041", "Treasury Shares Number": "4,391"}, "12/31/2016": {"Duration": "12/31/2016", "Total Assets": "335,785", "Total Liabilities Net Minority Interest": "185,749", "Total Equity Gross Minority Interest": "150,036", "Total Capitalization": "150,036", "Common Stock Equity": "150,036", "Capital Lease Obligations": "-", "Net Tangible Assets": "75,379", "Working Capital": "45,962", "Invested Capital": "150,036", "Tangible Book Value": "75,379", "Total Debt": "-", "Net Debt": "-", "Share Issued": "21,719", "Ordinary Shares Number": "18,361", "Treasury Shares Number": "3,358"}, "12/31/2015": {"Duration": "12/31/2015", "Total Assets": "318,991", "Total Liabilities Net Minority Interest": "191,689", "Total Equity Gross Minority Interest": "127,302", "Total Capitalization": "127,302", "Common Stock Equity": "127,302", "Capital Lease Obligations": "-", "Net Tangible Assets": "50,897", "Working Capital": "15,274", "Invested Capital": "127,302", "Tangible Book Value": "50,897", "Total Debt": "-", "Net Debt": "-", "Share Issued": "21,063", "Ordinary Shares Number": "17,752", "Treasury Shares Number": "3,311"}, "12/31/2014": {"Duration": "12/31/2014", "Total Assets": "332,707", "Total Liabilities Net Minority Interest": "191,105", "Total Equity Gross Minority Interest": "141,602", "Total Capitalization": "141,602", "Common Stock Equity": "141,602", "Capital Lease Obligations": "-", "Net Tangible Assets": "61,537", "Working Capital": "26,298", "Invested Capital": "141,602", "Tangible Book Value": "61,537", "Total Debt": "-", "Net Debt": "-", "Share Issued": "20,856", "Ordinary Shares Number": "18,153", "Treasury Shares Number": "2,703"}, "12/31/2013": {"Duration": "12/31/2013", "Total Assets": "402,202", "Total Liabilities Net Minority Interest": "197,540", "Total Equity Gross Minority Interest": "204,662", "Total Capitalization": "204,662", "Common Stock Equity": "204,662", "Capital Lease Obligations": "-", "Net Tangible Assets": "118,884", "Working Capital": "78,991", "Invested Capital": "204,662", "Tangible Book Value": "118,884", "Total Debt": "-", "Net Debt": "-", "Share Issued": "20,491", "Ordinary Shares Number": "19,756", "Treasury Shares Number": "735"}, "12/31/2012": {"Duration": "12/31/2012", "Total Assets": "487,832", "Total Liabilities Net Minority Interest": "190,762", "Total Equity Gross Minority Interest": "297,070", "Total Capitalization": "297,070", "Common Stock Equity": "297,070", "Capital Lease Obligations": "-", "Net Tangible Assets": "210,196", "Working Capital": "155,236", "Invested Capital": "297,070", "Tangible Book Value": "210,196", "Total Debt": "-", "Net Debt": "-", "Share Issued": "31,451", "Ordinary Shares Number": "22,293", "Treasury Shares Number": "9,158"}, "12/31/2011": {"Duration": "12/31/2011", "Total Assets": "487,578", "Total Liabilities Net Minority Interest": "196,843", "Total Equity Gross Minority Interest": "290,735", "Total Capitalization": "290,735", "Common Stock Equity": "290,735", "Capital Lease Obligations": "-", "Net Tangible Assets": "208,875", "Working Capital": "158,098", "Invested Capital": "290,735", "Tangible Book Value": "208,875", "Total Debt": "-", "Net Debt": "-", "Share Issued": "30,962", "Ordinary Shares Number": "22,747", "Treasury Shares Number": "8,215"}, "12/31/2010": {"Duration": "12/31/2010", "Total Assets": "450,477", "Total Liabilities Net Minority Interest": "178,570", "Total Equity Gross Minority Interest": "271,907", "Total Capitalization": "271,907", "Common Stock Equity": "271,907", "Capital Lease Obligations": "-", "Net Tangible Assets": "195,462", "Working Capital": "146,140", "Invested Capital": "271,907", "Tangible Book Value": "195,462", "Total Debt": "-", "Net Debt": "-", "Share Issued": "30,500", "Ordinary Shares Number": "22,812", "Treasury Shares Number": "7,688"}, "12/31/2009": {"Duration": "12/31/2009", "Total Assets": "470,196", "Total Liabilities Net Minority Interest": "158,251", "Total Equity Gross Minority Interest": "311,945", "Total Capitalization": "311,945", "Common Stock Equity": "311,945", "Capital Lease Obligations": "-", "Net Tangible Assets": "231,523", "Working Capital": "190,667", "Invested Capital": "311,945", "Tangible Book Value": "231,523", "Total Debt": "-", "Net Debt": "-", "Share Issued": "29,362", "Ordinary Shares Number": "22,334", "Treasury Shares Number": "7,028"}, "12/31/2008": {"Duration": "12/31/2008", "Total Assets": "454,951", "Total Liabilities Net Minority Interest": "151,454", "Total Equity Gross Minority Interest": "303,497", "Total Capitalization": "303,497", "Common Stock Equity": "303,497", "Capital Lease Obligations": "-", "Net Tangible Assets": "228,935", "Working Capital": "166,001", "Invested Capital": "303,497", "Tangible Book Value": "228,935", "Total Debt": "-", "Net Debt": "-", "Share Issued": "29,269", "Ordinary Shares Number": "23,168", "Treasury Shares Number": "6,101"}, "12/31/2007": {"Duration": "12/31/2007", "Total Assets": "426,357", "Total Liabilities Net Minority Interest": "151,341", "Total Equity Gross Minority Interest": "275,016", "Total Capitalization": "275,016", "Common Stock Equity": "275,016", "Capital Lease Obligations": "-", "Net Tangible Assets": "221,030", "Working Capital": "209,527", "Invested Capital": "275,016", "Tangible Book Value": "221,030", "Total Debt": "-", "Net Debt": "-", "Share Issued": "23,153", "Ordinary Shares Number": "23,153", "Treasury Shares Number": "-"}, "12/31/2006": {"Duration": "12/31/2006", "Total Assets": "384,143", "Total Liabilities Net Minority Interest": "139,238", "Total Equity Gross Minority Interest": "244,905", "Total Capitalization": "244,905", "Common Stock Equity": "244,905", "Capital Lease Obligations": "-", "Net Tangible Assets": "190,217", "Working Capital": "166,274", "Invested Capital": "244,905", "Tangible Book Value": "190,217", "Total Debt": "-", "Net Debt": "-", "Share Issued": "23,077", "Ordinary Shares Number": "23,077", "Treasury Shares Number": "-"}, "12/31/2005": {"Duration": "12/31/2005", "Total Assets": "311,702", "Total Liabilities Net Minority Interest": "112,948", "Total Equity Gross Minority Interest": "198,754", "Total Capitalization": "198,754", "Common Stock Equity": "198,754", "Capital Lease Obligations": "-", "Net Tangible Assets": "142,190", "Working Capital": "85,563", "Invested Capital": "198,754", "Tangible Book Value": "142,190", "Total Debt": "-", "Net Debt": "-", "Share Issued": "21,023", "Ordinary Shares Number": "21,023", "Treasury Shares Number": "-"}, "12/31/2004": {"Duration": "12/31/2004", "Total Assets": "302,872", "Total Liabilities Net Minority Interest": "103,026", "Total Equity Gross Minority Interest": "199,846", "Total Capitalization": "199,846", "Common Stock Equity": "199,846", "Capital Lease Obligations": "-", "Net Tangible Assets": "139,979", "Working Capital": "75,967", "Invested Capital": "199,846", "Tangible Book Value": "139,979", "Total Debt": "-", "Net Debt": "-", "Share Issued": "21,684", "Ordinary Shares Number": "21,684", "Treasury Shares Number": "-"}, "12/31/2003": {"Duration": "12/31/2003", "Total Assets": "310,975", "Total Liabilities Net Minority Interest": "102,653", "Total Equity Gross Minority Interest": "208,322", "Total Capitalization": "208,322", "Common Stock Equity": "208,322", "Capital Lease Obligations": "-", "Net Tangible Assets": "137,860", "Working Capital": "77,171", "Invested Capital": "208,322", "Tangible Book Value": "137,860", "Total Debt": "-", "Net Debt": "-", "Share Issued": "22,461", "Ordinary Shares Number": "22,461", "Treasury Shares Number": "-"}, "12/31/2002": {"Duration": "12/31/2002", "Total Assets": "278,273", "Total Liabilities Net Minority Interest": "64,405", "Total Equity Gross Minority Interest": "213,868", "Total Capitalization": "213,868", "Common Stock Equity": "213,868", "Capital Lease Obligations": "-", "Net Tangible Assets": "199,864", "Working Capital": "157,443", "Invested Capital": "213,868", "Tangible Book Value": "199,864", "Total Debt": "-", "Net Debt": "-", "Share Issued": "22,841", "Ordinary Shares Number": "22,841", "Treasury Shares Number": "-"}, "12/31/2001": {"Duration": "12/31/2001", "Total Assets": "305,152", "Total Liabilities Net Minority Interest": "84,754", "Total Equity Gross Minority Interest": "220,398", "Total Capitalization": "220,398", "Common Stock Equity": "220,398", "Capital Lease Obligations": "-", "Net Tangible Assets": "206,065", "Working Capital": "155,412", "Invested Capital": "220,398", "Tangible Book Value": "206,065", "Total Debt": "-", "Net Debt": "-", "Share Issued": "23,053", "Ordinary Shares Number": "23,053", "Treasury Shares Number": "-"}, "12/31/2000": {"Duration": "12/31/2000", "Total Assets": "303,803", "Total Liabilities Net Minority Interest": "126,875", "Total Equity Gross Minority Interest": "176,928", "Total Capitalization": "176,928", "Common Stock Equity": "176,928", "Capital Lease Obligations": "-", "Net Tangible Assets": "161,570", "Working Capital": "115,547", "Invested Capital": "176,928", "Tangible Book Value": "161,570", "Total Debt": "-", "Net Debt": "-", "Share Issued": "21,812", "Ordinary Shares Number": "21,812", "Treasury Shares Number": "-"}, "12/31/1999": {"Duration": "12/31/1999", "Total Assets": "159,400", "Total Liabilities Net Minority Interest": "80,600", "Total Equity Gross Minority Interest": "78,800", "Total Capitalization": "78,800", "Common Stock Equity": "78,800", "Capital Lease Obligations": "-", "Net Tangible Assets": "78,800", "Working Capital": "65,400", "Invested Capital": "78,800", "Tangible Book Value": "78,800", "Total Debt": "-", "Net Debt": "-", "Share Issued": "19,408", "Ordinary Shares Number": "19,408", "Treasury Shares Number": "-"}, "12/31/1998": {"Duration": "12/31/1998", "Total Assets": "100,500", "Total Liabilities Net Minority Interest": "47,000", "Total Equity Gross Minority Interest": "53,500", "Total Capitalization": "53,500", "Common Stock Equity": "53,500", "Capital Lease Obligations": "-", "Net Tangible Assets": "53,500", "Working Capital": "45,700", "Invested Capital": "53,500", "Tangible Book Value": "53,500", "Total Debt": "-", "Net Debt": "-", "Share Issued": "17,308", "Ordinary Shares Number": "17,308", "Treasury Shares Number": "-"}, "12/31/1997": {"Duration": "12/31/1997", "Total Assets": "73,500", "Total Liabilities Net Minority Interest": "33,000", "Total Equity Gross Minority Interest": "40,500", "Total Capitalization": "40,500", "Common Stock Equity": "40,500", "Capital Lease Obligations": "-", "Net Tangible Assets": "40,500", "Working Capital": "36,000", "Invested Capital": "40,500", "Tangible Book Value": "40,500", "Total Debt": "-", "Net Debt": "-", "Share Issued": "16,784", "Ordinary Shares Number": "16,784", "Treasury Shares Number": "-"}, "12/31/1996": {"Duration": "12/31/1996", "Total Assets": "56,800", "Total Liabilities Net Minority Interest": "23,000", "Total Equity Gross Minority Interest": "33,800", "Total Capitalization": "33,800", "Common Stock Equity": "33,800", "Capital Lease Obligations": "-", "Net Tangible Assets": "33,800", "Working Capital": "31,300", "Invested Capital": "33,800", "Tangible Book Value": "33,800", "Total Debt": "-", "Net Debt": "-", "Share Issued": "16,600", "Ordinary Shares Number": "16,600", "Treasury Shares Number": "-"}, "12/31/1995": {"Duration": "12/31/1995", "Total Assets": "15,400", "Total Liabilities Net Minority Interest": "13,400", "Total Equity Gross Minority Interest": "2,000", "Total Capitalization": "2,000", "Common Stock Equity": "2,000", "Capital Lease Obligations": "-", "Net Tangible Assets": "2,000", "Working Capital": "1,000", "Invested Capital": "2,000", "Tangible Book Value": "2,000", "Total Debt": "-", "Net Debt": "-", "Share Issued": "16,600", "Ordinary Shares Number": "16,600", "Treasury Shares Number": "-"}}, "cf": {"TTM": {"Duration": "TTM", "Operating Cash Flow": "66,482", "Investing Cash Flow": "-3,637", "Financing Cash Flow": "-9,387", "End Cash Position": "124,098", "Income Tax Paid Supplemental Data": "3,557", "Interest Paid Supplemental Data": "3,989", "Capital Expenditure": "-7,972", "Issuance of Capital Stock": "-", "Issuance of Debt": "-", "Repayment of Debt": "-10,156", "Repurchase of Capital Stock": "-", "Free Cash Flow": "58,510"}, "12/31/2020": {"Duration": "12/31/2020", "Operating Cash Flow": "47,754", "Investing Cash Flow": "-4,570", "Financing Cash Flow": "-23,687", "End Cash Position": "90,652", "Income Tax Paid Supplemental Data": "3,194", "Interest Paid Supplemental Data": "4,373", "Capital Expenditure": "-8,905", "Issuance of Capital Stock": "-", "Issuance of Debt": "0", "Repayment of Debt": "-23,375", "Repurchase of Capital Stock": "0", "Free Cash Flow": "38,849"}, "12/31/2019": {"Duration": "12/31/2019", "Operating Cash Flow": "48,406", "Investing Cash Flow": "-249,545", "Financing Cash Flow": "129,438", "End Cash Position": "69,192", "Income Tax Paid Supplemental Data": "4,433", "Interest Paid Supplemental Data": "7,003", "Capital Expenditure": "-11,890", "Issuance of Capital Stock": "-", "Issuance of Debt": "171,275", "Repayment of Debt": "-42,250", "Repurchase of Capital Stock": "0", "Free Cash Flow": "36,516"}, "12/31/2018": {"Duration": "12/31/2018", "Operating Cash Flow": "38,418", "Investing Cash Flow": "40,086", "Financing Cash Flow": "-13,954", "End Cash Position": "140,296", "Income Tax Paid Supplemental Data": "4,174", "Interest Paid Supplemental Data": "-", "Capital Expenditure": "-5,049", "Issuance of Capital Stock": "-", "Issuance of Debt": "-", "Repayment of Debt": "-", "Repurchase of Capital Stock": "-9,946", "Free Cash Flow": "33,369"}, "12/31/2017": {"Duration": "12/31/2017", "Operating Cash Flow": "37,493", "Investing Cash Flow": "-970", "Financing Cash Flow": "-37,619", "End Cash Position": "79,790", "Income Tax Paid Supplemental Data": "10,443", "Interest Paid Supplemental Data": "-", "Capital Expenditure": "-7,861", "Issuance of Capital Stock": "-", "Issuance of Debt": "-", "Repayment of Debt": "-", "Repurchase of Capital Stock": "-39,967", "Free Cash Flow": "29,632"}, "12/31/2016": {"Duration": "12/31/2016", "Operating Cash Flow": "41,858", "Investing Cash Flow": "-17,865", "Financing Cash Flow": "2,506", "End Cash Position": "76,958", "Income Tax Paid Supplemental Data": "8,507", "Interest Paid Supplemental Data": "-", "Capital Expenditure": "-4,140", "Issuance of Capital Stock": "-", "Issuance of Debt": "-", "Repayment of Debt": "-", "Repurchase of Capital Stock": "-1,791", "Free Cash Flow": "37,718"}, "12/31/2015": {"Duration": "12/31/2015", "Operating Cash Flow": "32,466", "Investing Cash Flow": "2,789", "Financing Cash Flow": "-29,712", "End Cash Position": "53,331", "Income Tax Paid Supplemental Data": "6,425", "Interest Paid Supplemental Data": "-", "Capital Expenditure": "-3,931", "Issuance of Capital Stock": "-", "Issuance of Debt": "-", "Repayment of Debt": "-", "Repurchase of Capital Stock": "-20,931", "Free Cash Flow": "28,535"}, "12/31/2014": {"Duration": "12/31/2014", "Operating Cash Flow": "28,795", "Investing Cash Flow": "24,765", "Financing Cash Flow": "-75,915", "End Cash Position": "49,650", "Income Tax Paid Supplemental Data": "14,180", "Interest Paid Supplemental Data": "-", "Capital Expenditure": "-1,503", "Issuance of Capital Stock": "-", "Issuance of Debt": "-", "Repayment of Debt": "-", "Repurchase of Capital Stock": "-73,166", "Free Cash Flow": "27,292"}, "12/31/2013": {"Duration": "12/31/2013", "Operating Cash Flow": "30,713", "Investing Cash Flow": "57,556", "Financing Cash Flow": "-113,380", "End Cash Position": "74,132", "Income Tax Paid Supplemental Data": "9,358", "Interest Paid Supplemental Data": "-", "Capital Expenditure": "-3,127", "Issuance of Capital Stock": "-", "Issuance of Debt": "-", "Repayment of Debt": "-", "Repurchase of Capital Stock": "-118,210", "Free Cash Flow": "27,586"}, "12/31/2012": {"Duration": "12/31/2012", "Operating Cash Flow": "53,147", "Investing Cash Flow": "-4,076", "Financing Cash Flow": "-31,735", "End Cash Position": "98,810", "Income Tax Paid Supplemental Data": "7,102", "Interest Paid Supplemental Data": "-", "Capital Expenditure": "-5,103", "Issuance of Capital Stock": "-", "Issuance of Debt": "-", "Repayment of Debt": "-", "Repurchase of Capital Stock": "-29,843", "Free Cash Flow": "48,044"}, "12/31/2011": {"Duration": "12/31/2011", "Operating Cash Flow": "55,444", "Investing Cash Flow": "-53,036", "Financing Cash Flow": "-6,326", "End Cash Position": "81,047", "Income Tax Paid Supplemental Data": "5,929", "Interest Paid Supplemental Data": "-", "Capital Expenditure": "-39,776", "Issuance of Capital Stock": "11,554", "Issuance of Debt": "-", "Repayment of Debt": "-", "Repurchase of Capital Stock": "-18,405", "Free Cash Flow": "15,668"}, "12/31/2010": {"Duration": "12/31/2010", "Operating Cash Flow": "38,657", "Investing Cash Flow": "15,602", "Financing Cash Flow": "-61,839", "End Cash Position": "86,927", "Income Tax Paid Supplemental Data": "16,583", "Interest Paid Supplemental Data": "-", "Capital Expenditure": "-13,426", "Issuance of Capital Stock": "25,971", "Issuance of Debt": "-", "Repayment of Debt": "-", "Repurchase of Capital Stock": "-21,345", "Free Cash Flow": "25,231"}, "12/31/2009": {"Duration": "12/31/2009", "Operating Cash Flow": "43,099", "Investing Cash Flow": "-59,541", "Financing Cash Flow": "-16,117", "End Cash Position": "97,805", "Income Tax Paid Supplemental Data": "10,945", "Interest Paid Supplemental Data": "-", "Capital Expenditure": "-4,284", "Issuance of Capital Stock": "4,282", "Issuance of Debt": "-", "Repayment of Debt": "-", "Repurchase of Capital Stock": "-20,399", "Free Cash Flow": "38,815"}, "12/31/2008": {"Duration": "12/31/2008", "Operating Cash Flow": "43,652", "Investing Cash Flow": "38,572", "Financing Cash Flow": "-3,370", "End Cash Position": "129,478", "Income Tax Paid Supplemental Data": "-", "Interest Paid Supplemental Data": "-", "Capital Expenditure": "-3,698", "Issuance of Capital Stock": "18,577", "Issuance of Debt": "-", "Repayment of Debt": "-", "Repurchase of Capital Stock": "-30,423", "Free Cash Flow": "39,954"}, "12/31/2007": {"Duration": "12/31/2007", "Operating Cash Flow": "37,430", "Investing Cash Flow": "-25,287", "Financing Cash Flow": "1,109", "End Cash Position": "53,163", "Income Tax Paid Supplemental Data": "-", "Interest Paid Supplemental Data": "-", "Capital Expenditure": "-5,106", "Issuance of Capital Stock": "4,896", "Issuance of Debt": "-", "Repayment of Debt": "-", "Repurchase of Capital Stock": "-4,594", "Free Cash Flow": "32,324"}, "12/31/2006": {"Duration": "12/31/2006", "Operating Cash Flow": "45,762", "Investing Cash Flow": "-86,375", "Financing Cash Flow": "30,530", "End Cash Position": "39,157", "Income Tax Paid Supplemental Data": "-", "Interest Paid Supplemental Data": "-", "Capital Expenditure": "-3,334", "Issuance of Capital Stock": "42,526", "Issuance of Debt": "-", "Repayment of Debt": "-", "Repurchase of Capital Stock": "-12,304", "Free Cash Flow": "42,428"}, "12/31/2005": {"Duration": "12/31/2005", "Operating Cash Flow": "23,932", "Investing Cash Flow": "2,288", "Financing Cash Flow": "-14,511", "End Cash Position": "48,538", "Income Tax Paid Supplemental Data": "-", "Interest Paid Supplemental Data": "-", "Capital Expenditure": "-3,012", "Issuance of Capital Stock": "8,963", "Issuance of Debt": "-", "Repayment of Debt": "-", "Repurchase of Capital Stock": "-23,474", "Free Cash Flow": "20,920"}, "12/31/2004": {"Duration": "12/31/2004", "Operating Cash Flow": "18,006", "Investing Cash Flow": "8,969", "Financing Cash Flow": "-12,423", "End Cash Position": "37,328", "Income Tax Paid Supplemental Data": "-", "Interest Paid Supplemental Data": "-", "Capital Expenditure": "-3,664", "Issuance of Capital Stock": "5,279", "Issuance of Debt": "-", "Repayment of Debt": "-", "Repurchase of Capital Stock": "-17,756", "Free Cash Flow": "14,342"}, "12/31/2003": {"Duration": "12/31/2003", "Operating Cash Flow": "4,115", "Investing Cash Flow": "12,972", "Financing Cash Flow": "-6,151", "End Cash Position": "22,385", "Income Tax Paid Supplemental Data": "-", "Interest Paid Supplemental Data": "-", "Capital Expenditure": "-1,441", "Issuance of Capital Stock": "3,772", "Issuance of Debt": "-", "Repayment of Debt": "-", "Repurchase of Capital Stock": "-", "Free Cash Flow": "2,674"}, "12/31/2002": {"Duration": "12/31/2002", "Operating Cash Flow": "5,561", "Investing Cash Flow": "-951", "Financing Cash Flow": "-10,801", "End Cash Position": "11,479", "Income Tax Paid Supplemental Data": "-", "Interest Paid Supplemental Data": "-", "Capital Expenditure": "-1,031", "Issuance of Capital Stock": "11,284", "Issuance of Debt": "-", "Repayment of Debt": "-", "Repurchase of Capital Stock": "-22,085", "Free Cash Flow": "4,530"}, "12/31/2001": {"Duration": "12/31/2001", "Operating Cash Flow": "28,671", "Investing Cash Flow": "-43,002", "Financing Cash Flow": "16,419", "End Cash Position": "17,747", "Income Tax Paid Supplemental Data": "-", "Interest Paid Supplemental Data": "-", "Capital Expenditure": "-10,046", "Issuance of Capital Stock": "16,419", "Issuance of Debt": "-", "Repayment of Debt": "-", "Repurchase of Capital Stock": "-", "Free Cash Flow": "18,625"}, "12/31/2000": {"Duration": "12/31/2000", "Operating Cash Flow": "69,968", "Investing Cash Flow": "-112,213", "Financing Cash Flow": "44,484", "End Cash Position": "15,848", "Income Tax Paid Supplemental Data": "-", "Interest Paid Supplemental Data": "-", "Capital Expenditure": "-18,044", "Issuance of Capital Stock": "44,484", "Issuance of Debt": "-", "Repayment of Debt": "-", "Repurchase of Capital Stock": "-", "Free Cash Flow": "51,924"}, "12/31/1999": {"Duration": "12/31/1999", "Operating Cash Flow": "31,900", "Investing Cash Flow": "-39,100", "Financing Cash Flow": "10,200", "End Cash Position": "13,400", "Income Tax Paid Supplemental Data": "-", "Interest Paid Supplemental Data": "-", "Capital Expenditure": "-8,900", "Issuance of Capital Stock": "10,200", "Issuance of Debt": "-", "Repayment of Debt": "-", "Repurchase of Capital Stock": "-", "Free Cash Flow": "23,000"}, "12/31/1998": {"Duration": "12/31/1998", "Operating Cash Flow": "12,300", "Investing Cash Flow": "-14,800", "Financing Cash Flow": "5,200", "End Cash Position": "0", "Income Tax Paid Supplemental Data": "-", "Interest Paid Supplemental Data": "-", "Capital Expenditure": "-6,100", "Issuance of Capital Stock": "5,200", "Issuance of Debt": "-", "Repayment of Debt": "-", "Repurchase of Capital Stock": "-", "Free Cash Flow": "6,200"}, "12/31/1997": {"Duration": "12/31/1997", "Operating Cash Flow": "11,900", "Investing Cash Flow": "-39,700", "Financing Cash Flow": "1,100", "End Cash Position": "0", "Income Tax Paid Supplemental Data": "-", "Interest Paid Supplemental Data": "-", "Capital Expenditure": "-3,200", "Issuance of Capital Stock": "700", "Issuance of Debt": "-", "Repayment of Debt": "-", "Repurchase of Capital Stock": "-", "Free Cash Flow": "8,700"}, "12/31/1996": {"Duration": "12/31/1996", "Operating Cash Flow": "11,300", "Investing Cash Flow": "-5,500", "Financing Cash Flow": "27,700", "End Cash Position": "0", "Income Tax Paid Supplemental Data": "-", "Interest Paid Supplemental Data": "-", "Capital Expenditure": "-2,000", "Issuance of Capital Stock": "33,200", "Issuance of Debt": "-", "Repayment of Debt": "-", "Repurchase of Capital Stock": "-", "Free Cash Flow": "9,300"}, "12/31/1995": {"Duration": "12/31/1995", "Operating Cash Flow": "4,600", "Investing Cash Flow": "-5,200", "Financing Cash Flow": "-1,100", "End Cash Position": "0", "Income Tax Paid Supplemental Data": "-", "Interest Paid Supplemental Data": "-", "Capital Expenditure": "-9,900", "Issuance of Capital Stock": "-", "Issuance of Debt": "-", "Repayment of Debt": "-", "Repurchase of Capital Stock": "-", "Free Cash Flow": "-5,300"}}, "ks": {"Current": {"Duration": "Current", "Market Cap (intraday) 5": "852.01M", "Enterprise Value 3": "905.79M", "Trailing P/E ": "57.84", "Forward P/E 1": "27.17", "PEG Ratio (5 yr expected) 1": "2.26", "Price/Sales (ttm)": "1.86", "Price/Book (mrq)": "4.43", "Enterprise Value/Revenue 3": "1.98", "Enterprise Value/EBITDA 7": "14.05"}, "3/31/2021": {"Duration": "3/31/2021", "Market Cap (intraday) 5": "812.39M", "Enterprise Value 3": "912.22M", "Trailing P/E ": "80.15", "Forward P/E 1": "24.15", "PEG Ratio (5 yr expected) 1": "N/A", "Price/Sales (ttm)": "1.79", "Price/Book (mrq)": "4.37", "Enterprise Value/Revenue 3": "8.02", "Enterprise Value/EBITDA 7": "57.28"}, "12/31/2020": {"Duration": "12/31/2020", "Market Cap (intraday) 5": "796.81M", "Enterprise Value 3": "906.71M", "Trailing P/E ": "63.48", "Forward P/E 1": "23.81", "PEG Ratio (5 yr expected) 1": "1.98", "Price/Sales (ttm)": "1.74", "Price/Book (mrq)": "4.56", "Enterprise Value/Revenue 3": "7.52", "Enterprise Value/EBITDA 7": "61.12"}, "9/30/2020": {"Duration": "9/30/2020", "Market Cap (intraday) 5": "621.30M", "Enterprise Value 3": "728.59M", "Trailing P/E ": "45.54", "Forward P/E 1": "20.75", "PEG Ratio (5 yr expected) 1": "1.73", "Price/Sales (ttm)": "1.35", "Price/Book (mrq)": "3.58", "Enterprise Value/Revenue 3": "6.71", "Enterprise Value/EBITDA 7": "70.92"}, "6/30/2020": {"Duration": "6/30/2020", "Market Cap (intraday) 5": "601.39M", "Enterprise Value 3": "709.77M", "Trailing P/E ": "178.00", "Forward P/E 1": "38.61", "PEG Ratio (5 yr expected) 1": "3.22", "Price/Sales (ttm)": "1.27", "Price/Book (mrq)": "3.80", "Enterprise Value/Revenue 3": "6.25", "Enterprise Value/EBITDA 7": "30.30"}, "3/31/2020": {"Duration": "3/31/2020", "Market Cap (intraday) 5": "548.30M", "Enterprise Value 3": "690.21M", "Trailing P/E ": "N/A", "Forward P/E 1": "15.55", "PEG Ratio (5 yr expected) 1": "1.30", "Price/Sales (ttm)": "1.17", "Price/Book (mrq)": "3.47", "Enterprise Value/Revenue 3": "6.49", "Enterprise Value/EBITDA 7": "54.36"}, "12/31/2019": {"Duration": "12/31/2019", "Market Cap (intraday) 5": "777.45M", "Enterprise Value 3": "905.60M", "Trailing P/E ": "N/A", "Forward P/E 1": "23.98", "PEG Ratio (5 yr expected) 1": "2.00", "Price/Sales (ttm)": "1.76", "Price/Book (mrq)": "5.27", "Enterprise Value/Revenue 3": "7.29", "Enterprise Value/EBITDA 7": "51.72"}, "9/30/2019": {"Duration": "9/30/2019", "Market Cap (intraday) 5": "598.32M", "Enterprise Value 3": "732.73M", "Trailing P/E ": "N/A", "Forward P/E 1": "18.48", "PEG Ratio (5 yr expected) 1": "N/A", "Price/Sales (ttm)": "1.44", "Price/Book (mrq)": "4.00", "Enterprise Value/Revenue 3": "6.75", "Enterprise Value/EBITDA 7": "77.32"}, "6/30/2019": {"Duration": "6/30/2019", "Market Cap (intraday) 5": "867.09M", "Enterprise Value 3": "1.01B", "Trailing P/E ": "223.95", "Forward P/E 1": "31.95", "PEG Ratio (5 yr expected) 1": "2.67", "Price/Sales (ttm)": "2.28", "Price/Book (mrq)": "6.04", "Enterprise Value/Revenue 3": "7.85", "Enterprise Value/EBITDA 7": "55.29"}, "3/31/2019": {"Duration": "3/31/2019", "Market Cap (intraday) 5": "890.59M", "Enterprise Value 3": "750.30M", "Trailing P/E ": "57.56", "Forward P/E 1": "30.21", "PEG Ratio (5 yr expected) 1": "2.52", "Price/Sales (ttm)": "2.49", "Price/Book (mrq)": "5.87", "Enterprise Value/Revenue 3": "7.45", "Enterprise Value/EBITDA 7": "-253.74"}, "12/31/2018": {"Duration": "12/31/2018", "Market Cap (intraday) 5": "818.90M", "Enterprise Value 3": "674.45M", "Trailing P/E ": "67.73", "Forward P/E 1": "N/A", "PEG Ratio (5 yr expected) 1": "N/A", "Price/Sales (ttm)": "2.35", "Price/Book (mrq)": "5.58", "Enterprise Value/Revenue 3": "6.84", "Enterprise Value/EBITDA 7": "49.90"}, "9/30/2018": {"Duration": "9/30/2018", "Market Cap (intraday) 5": "829.60M", "Enterprise Value 3": "686.51M", "Trailing P/E ": "69.55", "Forward P/E 1": "28.65", "PEG Ratio (5 yr expected) 1": "2.39", "Price/Sales (ttm)": "2.43", "Price/Book (mrq)": "5.98", "Enterprise Value/Revenue 3": "8.09", "Enterprise Value/EBITDA 7": "82.85"}, "6/30/2018": {"Duration": "6/30/2018", "Market Cap (intraday) 5": "754.43M", "Enterprise Value 3": "618.10M", "Trailing P/E ": "73.60", "Forward P/E 1": "29.76", "PEG Ratio (5 yr expected) 1": "2.48", "Price/Sales (ttm)": "2.25", "Price/Book (mrq)": "5.33", "Enterprise Value/Revenue 3": "6.41", "Enterprise Value/EBITDA 7": "45.34"}, "3/31/2018": {"Duration": "3/31/2018", "Market Cap (intraday) 5": "748.92M", "Enterprise Value 3": "614.79M", "Trailing P/E ": "49.94", "Forward P/E 1": "29.15", "PEG Ratio (5 yr expected) 1": "2.43", "Price/Sales (ttm)": "2.24", "Price/Book (mrq)": "5.29", "Enterprise Value/Revenue 3": "7.91", "Enterprise Value/EBITDA 7": "-5.80k"}, "12/31/2017": {"Duration": "12/31/2017", "Market Cap (intraday) 5": "794.50M", "Enterprise Value 3": "660.52M", "Trailing P/E ": "42.50", "Forward P/E 1": "32.05", "PEG Ratio (5 yr expected) 1": "2.67", "Price/Sales (ttm)": "2.45", "Price/Book (mrq)": "5.90", "Enterprise Value/Revenue 3": "7.31", "Enterprise Value/EBITDA 7": "69.36"}, "9/30/2017": {"Duration": "9/30/2017", "Market Cap (intraday) 5": "742.17M", "Enterprise Value 3": "616.93M", "Trailing P/E ": "42.70", "Forward P/E 1": "30.30", "PEG Ratio (5 yr expected) 1": "2.53", "Price/Sales (ttm)": "2.35", "Price/Book (mrq)": "5.88", "Enterprise Value/Revenue 3": "7.68", "Enterprise Value/EBITDA 7": "72.13"}, "6/30/2017": {"Duration": "6/30/2017", "Market Cap (intraday) 5": "689.51M", "Enterprise Value 3": "554.92M", "Trailing P/E ": "36.93", "Forward P/E 1": "34.36", "PEG Ratio (5 yr expected) 1": "2.86", "Price/Sales (ttm)": "2.21", "Price/Book (mrq)": "5.17", "Enterprise Value/Revenue 3": "6.18", "Enterprise Value/EBITDA 7": "46.65"}, "3/31/2017": {"Duration": "3/31/2017", "Market Cap (intraday) 5": "710.85M", "Enterprise Value 3": "572.74M", "Trailing P/E ": "40.98", "Forward P/E 1": "34.01", "PEG Ratio (5 yr expected) 1": "2.83", "Price/Sales (ttm)": "2.23", "Price/Book (mrq)": "4.74", "Enterprise Value/Revenue 3": "7.42", "Enterprise Value/EBITDA 7": "114.41"}, "12/31/2016": {"Duration": "12/31/2016", "Market Cap (intraday) 5": "782.46M", "Enterprise Value 3": "649.22M", "Trailing P/E ": "56.51", "Forward P/E 1": "31.85", "PEG Ratio (5 yr expected) 1": "2.65", "Price/Sales (ttm)": "2.40", "Price/Book (mrq)": "5.52", "Enterprise Value/Revenue 3": "7.78", "Enterprise Value/EBITDA 7": "58.64"}, "9/30/2016": {"Duration": "9/30/2016", "Market Cap (intraday) 5": "708.25M", "Enterprise Value 3": "581.72M", "Trailing P/E ": "45.76", "Forward P/E 1": "28.82", "PEG Ratio (5 yr expected) 1": "2.40", "Price/Sales (ttm)": "2.18", "Price/Book (mrq)": "5.18", "Enterprise Value/Revenue 3": "7.51", "Enterprise Value/EBITDA 7": "59.97"}, "6/30/2016": {"Duration": "6/30/2016", "Market Cap (intraday) 5": "661.53M", "Enterprise Value 3": "541.52M", "Trailing P/E ": "49.81", "Forward P/E 1": "30.49", "PEG Ratio (5 yr expected) 1": "2.54", "Price/Sales (ttm)": "2.11", "Price/Book (mrq)": "5.08", "Enterprise Value/Revenue 3": "6.17", "Enterprise Value/EBITDA 7": "39.33"}, "3/31/2016": {"Duration": "3/31/2016", "Market Cap (intraday) 5": "598.29M", "Enterprise Value 3": "497.19M", "Trailing P/E ": "50.92", "Forward P/E 1": "24.88", "PEG Ratio (5 yr expected) 1": "2.07", "Price/Sales (ttm)": "1.94", "Price/Book (mrq)": "4.70", "Enterprise Value/Revenue 3": "6.42", "Enterprise Value/EBITDA 7": "84.25"}, "12/31/2015": {"Duration": "12/31/2015", "Market Cap (intraday) 5": "505.58M", "Enterprise Value 3": "401.43M", "Trailing P/E ": "38.49", "Forward P/E 1": "22.27", "PEG Ratio (5 yr expected) 1": "1.85", "Price/Sales (ttm)": "1.66", "Price/Book (mrq)": "3.92", "Enterprise Value/Revenue 3": "4.96", "Enterprise Value/EBITDA 7": "64.00"}, "9/30/2015": {"Duration": "9/30/2015", "Market Cap (intraday) 5": "559.88M", "Enterprise Value 3": "449.04M", "Trailing P/E ": "48.37", "Forward P/E 1": "N/A", "PEG Ratio (5 yr expected) 1": "N/A", "Price/Sales (ttm)": "1.84", "Price/Book (mrq)": "4.24", "Enterprise Value/Revenue 3": "6.01", "Enterprise Value/EBITDA 7": "51.63"}, "6/30/2015": {"Duration": "6/30/2015", "Market Cap (intraday) 5": "646.74M", "Enterprise Value 3": "535.74M", "Trailing P/E ": "63.94", "Forward P/E 1": "N/A", "PEG Ratio (5 yr expected) 1": "N/A", "Price/Sales (ttm)": "2.13", "Price/Book (mrq)": "4.85", "Enterprise Value/Revenue 3": "6.47", "Enterprise Value/EBITDA 7": "42.88"}, "3/31/2015": {"Duration": "3/31/2015", "Market Cap (intraday) 5": "663.77M", "Enterprise Value 3": "559.23M", "Trailing P/E ": "64.53", "Forward P/E 1": "29.67", "PEG Ratio (5 yr expected) 1": "1.60", "Price/Sales (ttm)": "2.24", "Price/Book (mrq)": "4.69", "Enterprise Value/Revenue 3": "7.44", "Enterprise Value/EBITDA 7": "111.03"}, "12/31/2014": {"Duration": "12/31/2014", "Market Cap (intraday) 5": "714.50M", "Enterprise Value 3": "602.07M", "Trailing P/E ": "80.33", "Forward P/E 1": "N/A", "PEG Ratio (5 yr expected) 1": "N/A", "Price/Sales (ttm)": "2.48", "Price/Book (mrq)": "4.94", "Enterprise Value/Revenue 3": "7.46", "Enterprise Value/EBITDA 7": "68.08"}, "9/30/2014": {"Duration": "9/30/2014", "Market Cap (intraday) 5": "672.58M", "Enterprise Value 3": "538.93M", "Trailing P/E ": "81.91", "Forward P/E 1": "N/A", "PEG Ratio (5 yr expected) 1": "N/A", "Price/Sales (ttm)": "2.43", "Price/Book (mrq)": "4.37", "Enterprise Value/Revenue 3": "7.15", "Enterprise Value/EBITDA 7": "71.31"}, "6/30/2014": {"Duration": "6/30/2014", "Market Cap (intraday) 5": "699.19M", "Enterprise Value 3": "541.95M", "Trailing P/E ": "74.77", "Forward P/E 1": "30.58", "PEG Ratio (5 yr expected) 1": "1.65", "Price/Sales (ttm)": "2.61", "Price/Book (mrq)": "3.99", "Enterprise Value/Revenue 3": "6.53", "Enterprise Value/EBITDA 7": "49.52"}, "3/31/2014": {"Duration": "3/31/2014", "Market Cap (intraday) 5": "681.04M", "Enterprise Value 3": "525.90M", "Trailing P/E ": "58.77", "Forward P/E 1": "28.90", "PEG Ratio (5 yr expected) 1": "1.56", "Price/Sales (ttm)": "2.57", "Price/Book (mrq)": "3.33", "Enterprise Value/Revenue 3": "7.20", "Enterprise Value/EBITDA 7": "125.78"}, "12/31/2013": {"Duration": "12/31/2013", "Market Cap (intraday) 5": "755.86M", "Enterprise Value 3": "598.20M", "Trailing P/E ": "55.45", "Forward P/E 1": "37.88", "PEG Ratio (5 yr expected) 1": "2.05", "Price/Sales (ttm)": "2.84", "Price/Book (mrq)": "3.63", "Enterprise Value/Revenue 3": "7.72", "Enterprise Value/EBITDA 7": "81.52"}, "9/30/2013": {"Duration": "9/30/2013", "Market Cap (intraday) 5": "730.98M", "Enterprise Value 3": "552.35M", "Trailing P/E ": "36.38", "Forward P/E 1": "29.67", "PEG Ratio (5 yr expected) 1": "1.60", "Price/Sales (ttm)": "2.82", "Price/Book (mrq)": "3.36", "Enterprise Value/Revenue 3": "7.91", "Enterprise Value/EBITDA 7": "77.25"}, "6/30/2013": {"Duration": "6/30/2013", "Market Cap (intraday) 5": "753.17M", "Enterprise Value 3": "488.62M", "Trailing P/E ": "33.97", "Forward P/E 1": "26.67", "PEG Ratio (5 yr expected) 1": "1.44", "Price/Sales (ttm)": "2.84", "Price/Book (mrq)": "2.49", "Enterprise Value/Revenue 3": "6.25", "Enterprise Value/EBITDA 7": "40.15"}, "3/31/2013": {"Duration": "3/31/2013", "Market Cap (intraday) 5": "707.62M", "Enterprise Value 3": "473.93M", "Trailing P/E ": "28.01", "Forward P/E 1": "22.12", "PEG Ratio (5 yr expected) 1": "1.20", "Price/Sales (ttm)": "2.48", "Price/Book (mrq)": "2.38", "Enterprise Value/Revenue 3": "6.63", "Enterprise Value/EBITDA 7": "59.78"}, "12/31/2012": {"Duration": "12/31/2012", "Market Cap (intraday) 5": "597.45M", "Enterprise Value 3": "363.77M", "Trailing P/E ": "23.72", "Forward P/E 1": "16.53", "PEG Ratio (5 yr expected) 1": "0.89", "Price/Sales (ttm)": "2.10", "Price/Book (mrq)": "2.01", "Enterprise Value/Revenue 3": "4.85", "Enterprise Value/EBITDA 7": "34.78"}, "9/30/2012": {"Duration": "9/30/2012", "Market Cap (intraday) 5": "644.97M", "Enterprise Value 3": "408.53M", "Trailing P/E ": "26.15", "Forward P/E 1": "18.05", "PEG Ratio (5 yr expected) 1": "0.97", "Price/Sales (ttm)": "2.26", "Price/Book (mrq)": "2.23", "Enterprise Value/Revenue 3": "5.96", "Enterprise Value/EBITDA 7": "40.63"}, "6/30/2012": {"Duration": "6/30/2012", "Market Cap (intraday) 5": "765.57M", "Enterprise Value 3": "522.28M", "Trailing P/E ": "33.86", "Forward P/E 1": "22.17", "PEG Ratio (5 yr expected) 1": "1.20", "Price/Sales (ttm)": "2.72", "Price/Book (mrq)": "2.65", "Enterprise Value/Revenue 3": "6.60", "Enterprise Value/EBITDA 7": "36.39"}, "3/31/2012": {"Duration": "3/31/2012", "Market Cap (intraday) 5": "734.43M", "Enterprise Value 3": "516.39M", "Trailing P/E ": "32.73", "Forward P/E 1": "21.69", "PEG Ratio (5 yr expected) 1": "1.17", "Price/Sales (ttm)": "2.65", "Price/Book (mrq)": "2.52", "Enterprise Value/Revenue 3": "7.35", "Enterprise Value/EBITDA 7": "60.20"}, "12/31/2011": {"Duration": "12/31/2011", "Market Cap (intraday) 5": "769.52M", "Enterprise Value 3": "556.90M", "Trailing P/E ": "42.96", "Forward P/E 1": "24.04", "PEG Ratio (5 yr expected) 1": "1.23", "Price/Sales (ttm)": "2.85", "Price/Book (mrq)": "2.77", "Enterprise Value/Revenue 3": "7.46", "Enterprise Value/EBITDA 7": "33.76"}, "9/30/2011": {"Duration": "9/30/2011", "Market Cap (intraday) 5": "733.56M", "Enterprise Value 3": "520.94M", "Trailing P/E ": "41.15", "Forward P/E 1": "22.42", "PEG Ratio (5 yr expected) 1": "1.02", "Price/Sales (ttm)": "2.73", "Price/Book (mrq)": "2.64", "Enterprise Value/Revenue 3": "7.47", "Enterprise Value/EBITDA 7": "43.97"}, "6/30/2011": {"Duration": "6/30/2011", "Market Cap (intraday) 5": "747.76M", "Enterprise Value 3": "529.46M", "Trailing P/E ": "47.09", "Forward P/E 1": "21.69", "PEG Ratio (5 yr expected) 1": "1.03", "Price/Sales (ttm)": "2.87", "Price/Book (mrq)": "2.69", "Enterprise Value/Revenue 3": "7.21", "Enterprise Value/EBITDA 7": "47.76"}, "3/31/2011": {"Duration": "3/31/2011", "Market Cap (intraday) 5": "867.38M", "Enterprise Value 3": "636.69M", "Trailing P/E ": "49.73", "Forward P/E 1": "24.94", "PEG Ratio (5 yr expected) 1": "1.19", "Price/Sales (ttm)": "3.45", "Price/Book (mrq)": "3.19", "Enterprise Value/Revenue 3": "9.68", "Enterprise Value/EBITDA 7": "108.63"}, "12/31/2010": {"Duration": "12/31/2010", "Market Cap (intraday) 5": "805.04M", "Enterprise Value 3": "598.12M", "Trailing P/E ": "39.65", "Forward P/E 1": "27.70", "PEG Ratio (5 yr expected) 1": "1.40", "Price/Sales (ttm)": "3.25", "Price/Book (mrq)": "2.96", "Enterprise Value/Revenue 3": "8.91", "Enterprise Value/EBITDA 7": "67.16"}, "9/30/2010": {"Duration": "9/30/2010", "Market Cap (intraday) 5": "739.70M", "Enterprise Value 3": "464.61M", "Trailing P/E ": "34.46", "Forward P/E 1": "N/A", "PEG Ratio (5 yr expected) 1": "N/A", "Price/Sales (ttm)": "3.10", "Price/Book (mrq)": "2.26", "Enterprise Value/Revenue 3": "7.77", "Enterprise Value/EBITDA 7": "60.65"}, "6/30/2010": {"Duration": "6/30/2010", "Market Cap (intraday) 5": "682.06M", "Enterprise Value 3": "405.15M", "Trailing P/E ": "30.57", "Forward P/E 1": "N/A", "PEG Ratio (5 yr expected) 1": "N/A", "Price/Sales (ttm)": "2.89", "Price/Book (mrq)": "2.10", "Enterprise Value/Revenue 3": "6.27", "Enterprise Value/EBITDA 7": "34.01"}, "3/31/2010": {"Duration": "3/31/2010", "Market Cap (intraday) 5": "678.15M", "Enterprise Value 3": "405.26M", "Trailing P/E ": "31.38", "Forward P/E 1": "N/A", "PEG Ratio (5 yr expected) 1": "N/A", "Price/Sales (ttm)": "2.91", "Price/Book (mrq)": "2.11", "Enterprise Value/Revenue 3": "6.85", "Enterprise Value/EBITDA 7": "42.38"}, "12/31/2009": {"Duration": "12/31/2009", "Market Cap (intraday) 5": "579.57M", "Enterprise Value 3": "329.73M", "Trailing P/E ": "30.17", "Forward P/E 1": "N/A", "PEG Ratio (5 yr expected) 1": "N/A", "Price/Sales (ttm)": "2.54", "Price/Book (mrq)": "1.86", "Enterprise Value/Revenue 3": "5.36", "Enterprise Value/EBITDA 7": "23.77"}, "9/30/2009": {"Duration": "9/30/2009", "Market Cap (intraday) 5": "598.49M", "Enterprise Value 3": "328.26M", "Trailing P/E ": "27.75", "Forward P/E 1": "N/A", "PEG Ratio (5 yr expected) 1": "N/A", "Price/Sales (ttm)": "2.62", "Price/Book (mrq)": "1.93", "Enterprise Value/Revenue 3": "6.09", "Enterprise Value/EBITDA 7": "34.69"}, "6/30/2009": {"Duration": "6/30/2009", "Market Cap (intraday) 5": "556.13M", "Enterprise Value 3": "322.72M", "Trailing P/E ": "23.61", "Forward P/E 1": "N/A", "PEG Ratio (5 yr expected) 1": "N/A", "Price/Sales (ttm)": "2.38", "Price/Book (mrq)": "1.81", "Enterprise Value/Revenue 3": "5.24", "Enterprise Value/EBITDA 7": "23.02"}, "3/31/2009": {"Duration": "3/31/2009", "Market Cap (intraday) 5": "473.80M", "Enterprise Value 3": "248.05M", "Trailing P/E ": "18.04", "Forward P/E 1": "N/A", "PEG Ratio (5 yr expected) 1": "N/A", "Price/Sales (ttm)": "1.99", "Price/Book (mrq)": "1.57", "Enterprise Value/Revenue 3": "4.40", "Enterprise Value/EBITDA 7": "30.72"}, "12/31/2008": {"Duration": "12/31/2008", "Market Cap (intraday) 5": "653.32M", "Enterprise Value 3": "439.89M", "Trailing P/E ": "22.75", "Forward P/E 1": "N/A", "PEG Ratio (5 yr expected) 1": "N/A", "Price/Sales (ttm)": "2.76", "Price/Book (mrq)": "2.15", "Enterprise Value/Revenue 3": "6.99", "Enterprise Value/EBITDA 7": "28.88"}, "9/30/2008": {"Duration": "9/30/2008", "Market Cap (intraday) 5": "679.05M", "Enterprise Value 3": "470.93M", "Trailing P/E ": "26.89", "Forward P/E 1": "N/A", "PEG Ratio (5 yr expected) 1": "N/A", "Price/Sales (ttm)": "2.93", "Price/Book (mrq)": "2.33", "Enterprise Value/Revenue 3": "7.91", "Enterprise Value/EBITDA 7": "47.62"}, "6/30/2008": {"Duration": "6/30/2008", "Market Cap (intraday) 5": "713.73M", "Enterprise Value 3": "484.96M", "Trailing P/E ": "27.82", "Forward P/E 1": "28.82", "PEG Ratio (5 yr expected) 1": "1.57", "Price/Sales (ttm)": "3.20", "Price/Book (mrq)": "2.50", "Enterprise Value/Revenue 3": "7.64", "Enterprise Value/EBITDA 7": "41.76"}, "3/31/2008": {"Duration": "3/31/2008", "Market Cap (intraday) 5": "607.65M", "Enterprise Value 3": "401.52M", "Trailing P/E ": "28.89", "Forward P/E 1": "N/A", "PEG Ratio (5 yr expected) 1": "N/A", "Price/Sales (ttm)": "2.87", "Price/Book (mrq)": "2.24", "Enterprise Value/Revenue 3": "7.30", "Enterprise Value/EBITDA 7": "50.59"}, "12/31/2007": {"Duration": "12/31/2007", "Market Cap (intraday) 5": "648.75M", "Enterprise Value 3": "399.77M", "Trailing P/E ": "35.02", "Forward P/E 1": "N/A", "PEG Ratio (5 yr expected) 1": "N/A", "Price/Sales (ttm)": "3.14", "Price/Book (mrq)": "2.36", "Enterprise Value/Revenue 3": "6.84", "Enterprise Value/EBITDA 7": "41.07"}, "9/30/2007": {"Duration": "9/30/2007", "Market Cap (intraday) 5": "544.23M", "Enterprise Value 3": "308.29M", "Trailing P/E ": "31.43", "Forward P/E 1": "N/A", "PEG Ratio (5 yr expected) 1": "N/A", "Price/Sales (ttm)": "2.86", "Price/Book (mrq)": "2.10", "Enterprise Value/Revenue 3": "6.03", "Enterprise Value/EBITDA 7": "39.98"}, "6/30/2007": {"Duration": "6/30/2007", "Market Cap (intraday) 5": "659.68M", "Enterprise Value 3": "431.23M", "Trailing P/E ": "39.14", "Forward P/E 1": "N/A", "PEG Ratio (5 yr expected) 1": "N/A", "Price/Sales (ttm)": "3.56", "Price/Book (mrq)": "2.64", "Enterprise Value/Revenue 3": "7.81", "Enterprise Value/EBITDA 7": "52.79"}, "3/31/2007": {"Duration": "3/31/2007", "Market Cap (intraday) 5": "654.83M", "Enterprise Value 3": "447.00M", "Trailing P/E ": "40.51", "Forward P/E 1": "N/A", "PEG Ratio (5 yr expected) 1": "N/A", "Price/Sales (ttm)": "3.59", "Price/Book (mrq)": "2.67", "Enterprise Value/Revenue 3": "9.45", "Enterprise Value/EBITDA 7": "160.96"}, "12/31/2006": {"Duration": "12/31/2006", "Market Cap (intraday) 5": "625.62M", "Enterprise Value 3": "434.06M", "Trailing P/E ": "49.29", "Forward P/E 1": "N/A", "PEG Ratio (5 yr expected) 1": "N/A", "Price/Sales (ttm)": "3.48", "Price/Book (mrq)": "2.62", "Enterprise Value/Revenue 3": "8.87", "Enterprise Value/EBITDA 7": "46.78"}, "9/30/2006": {"Duration": "9/30/2006", "Market Cap (intraday) 5": "596.37M", "Enterprise Value 3": "414.23M", "Trailing P/E ": "50.60", "Forward P/E 1": "N/A", "PEG Ratio (5 yr expected) 1": "N/A", "Price/Sales (ttm)": "3.43", "Price/Book (mrq)": "2.57", "Enterprise Value/Revenue 3": "9.40", "Enterprise Value/EBITDA 7": "62.93"}, "6/30/2006": {"Duration": "6/30/2006", "Market Cap (intraday) 5": "631.14M", "Enterprise Value 3": "449.01M", "Trailing P/E ": "53.81", "Forward P/E 1": "N/A", "PEG Ratio (5 yr expected) 1": "N/A", "Price/Sales (ttm)": "3.64", "Price/Book (mrq)": "2.72", "Enterprise Value/Revenue 3": "9.26", "Enterprise Value/EBITDA 7": "60.17"}, "3/31/2006": {"Duration": "3/31/2006", "Market Cap (intraday) 5": "476.09M", "Enterprise Value 3": "319.67M", "Trailing P/E ": "48.07", "Forward P/E 1": "N/A", "PEG Ratio (5 yr expected) 1": "N/A", "Price/Sales (ttm)": "3.04", "Price/Book (mrq)": "2.32", "Enterprise Value/Revenue 3": "7.76", "Enterprise Value/EBITDA 7": "88.72"}, "12/31/2005": {"Duration": "12/31/2005", "Market Cap (intraday) 5": "394.18M", "Enterprise Value 3": "259.62M", "Trailing P/E ": "34.09", "Forward P/E 1": "N/A", "PEG Ratio (5 yr expected) 1": "N/A", "Price/Sales (ttm)": "2.74", "Price/Book (mrq)": "1.97", "Enterprise Value/Revenue 3": "6.31", "Enterprise Value/EBITDA 7": "43.98"}, "9/30/2005": {"Duration": "9/30/2005", "Market Cap (intraday) 5": "443.05M", "Enterprise Value 3": "308.49M", "Trailing P/E ": "37.85", "Forward P/E 1": "N/A", "PEG Ratio (5 yr expected) 1": "N/A", "Price/Sales (ttm)": "3.04", "Price/Book (mrq)": "2.22", "Enterprise Value/Revenue 3": "7.90", "Enterprise Value/EBITDA 7": "46.13"}, "6/30/2005": {"Duration": "6/30/2005", "Market Cap (intraday) 5": "377.51M", "Enterprise Value 3": "245.69M", "Trailing P/E ": "32.42", "Forward P/E 1": "N/A", "PEG Ratio (5 yr expected) 1": "N/A", "Price/Sales (ttm)": "2.74", "Price/Book (mrq)": "1.93", "Enterprise Value/Revenue 3": "6.26", "Enterprise Value/EBITDA 7": "43.92"}, "3/31/2005": {"Duration": "3/31/2005", "Market Cap (intraday) 5": "301.19M", "Enterprise Value 3": "169.49M", "Trailing P/E ": "44.00", "Forward P/E 1": "N/A", "PEG Ratio (5 yr expected) 1": "N/A", "Price/Sales (ttm)": "2.24", "Price/Book (mrq)": "1.53", "Enterprise Value/Revenue 3": "5.02", "Enterprise Value/EBITDA 7": "38.82"}, "12/31/2004": {"Duration": "12/31/2004", "Market Cap (intraday) 5": "389.01M", "Enterprise Value 3": "261.57M", "Trailing P/E ": "99.67", "Forward P/E 1": "N/A", "PEG Ratio (5 yr expected) 1": "N/A", "Price/Sales (ttm)": "2.91", "Price/Book (mrq)": "1.95", "Enterprise Value/Revenue 3": "6.89", "Enterprise Value/EBITDA 7": "40.30"}, "9/30/2004": {"Duration": "9/30/2004", "Market Cap (intraday) 5": "332.64M", "Enterprise Value 3": "204.24M", "Trailing P/E ": "381.00", "Forward P/E 1": "N/A", "PEG Ratio (5 yr expected) 1": "N/A", "Price/Sales (ttm)": "2.54", "Price/Book (mrq)": "1.66", "Enterprise Value/Revenue 3": "6.03", "Enterprise Value/EBITDA 7": "37.02"}, "6/30/2004": {"Duration": "6/30/2004", "Market Cap (intraday) 5": "410.71M", "Enterprise Value 3": "285.62M", "Trailing P/E ": "N/A", "Forward P/E 1": "N/A", "PEG Ratio (5 yr expected) 1": "N/A", "Price/Sales (ttm)": "3.13", "Price/Book (mrq)": "2.07", "Enterprise Value/Revenue 3": "8.18", "Enterprise Value/EBITDA 7": "55.09"}, "3/31/2004": {"Duration": "3/31/2004", "Market Cap (intraday) 5": "417.24M", "Enterprise Value 3": "289.48M", "Trailing P/E ": "1.89k", "Forward P/E 1": "N/A", "PEG Ratio (5 yr expected) 1": "N/A", "Price/Sales (ttm)": "3.23", "Price/Book (mrq)": "2.07", "Enterprise Value/Revenue 3": "9.12", "Enterprise Value/EBITDA 7": "67.45"}, "12/31/2003": {"Duration": "12/31/2003", "Market Cap (intraday) 5": "398.68M", "Enterprise Value 3": "271.95M", "Trailing P/E ": "177.50", "Forward P/E 1": "N/A", "PEG Ratio (5 yr expected) 1": "N/A", "Price/Sales (ttm)": "3.22", "Price/Book (mrq)": "1.91", "Enterprise Value/Revenue 3": "7.70", "Enterprise Value/EBITDA 7": "48.22"}, "9/30/2003": {"Duration": "9/30/2003", "Market Cap (intraday) 5": "319.44M", "Enterprise Value 3": "190.56M", "Trailing P/E ": "62.09", "Forward P/E 1": "N/A", "PEG Ratio (5 yr expected) 1": "N/A", "Price/Sales (ttm)": "2.92", "Price/Book (mrq)": "1.53", "Enterprise Value/Revenue 3": "5.92", "Enterprise Value/EBITDA 7": "33.88"}, "6/30/2003": {"Duration": "6/30/2003", "Market Cap (intraday) 5": "363.97M", "Enterprise Value 3": "228.34M", "Trailing P/E ": "77.33", "Forward P/E 1": "N/A", "PEG Ratio (5 yr expected) 1": "N/A", "Price/Sales (ttm)": "3.63", "Price/Book (mrq)": "1.73", "Enterprise Value/Revenue 3": "6.58", "Enterprise Value/EBITDA 7": "47.13"}, "3/31/2003": {"Duration": "3/31/2003", "Market Cap (intraday) 5": "317.49M", "Enterprise Value 3": "177.07M", "Trailing P/E ": "39.19", "Forward P/E 1": "N/A", "PEG Ratio (5 yr expected) 1": "N/A", "Price/Sales (ttm)": "3.48", "Price/Book (mrq)": "1.51", "Enterprise Value/Revenue 3": "7.14", "Enterprise Value/EBITDA 7": "43.15"}, "12/31/2002": {"Duration": "12/31/2002", "Market Cap (intraday) 5": "355.63M", "Enterprise Value 3": "161.00M", "Trailing P/E ": "778.50", "Forward P/E 1": "N/A", "PEG Ratio (5 yr expected) 1": "N/A", "Price/Sales (ttm)": "3.80", "Price/Book (mrq)": "1.66", "Enterprise Value/Revenue 3": "6.85", "Enterprise Value/EBITDA 7": "33.47"}, "9/30/2002": {"Duration": "9/30/2002", "Market Cap (intraday) 5": "344.56M", "Enterprise Value 3": "147.16M", "Trailing P/E ": "166.33", "Forward P/E 1": "N/A", "PEG Ratio (5 yr expected) 1": "N/A", "Price/Sales (ttm)": "3.23", "Price/Book (mrq)": "1.62", "Enterprise Value/Revenue 3": "6.71", "Enterprise Value/EBITDA 7": "29.99"}, "6/30/2002": {"Duration": "6/30/2002", "Market Cap (intraday) 5": "460.63M", "Enterprise Value 3": "257.42M", "Trailing P/E ": "64.66", "Forward P/E 1": "N/A", "PEG Ratio (5 yr expected) 1": "N/A", "Price/Sales (ttm)": "3.22", "Price/Book (mrq)": "2.17", "Enterprise Value/Revenue 3": "10.12", "Enterprise Value/EBITDA 7": "48.51"}, "3/31/2002": {"Duration": "3/31/2002", "Market Cap (intraday) 5": "444.44M", "Enterprise Value 3": "239.26M", "Trailing P/E ": "25.13", "Forward P/E 1": "N/A", "PEG Ratio (5 yr expected) 1": "N/A", "Price/Sales (ttm)": "2.87", "Price/Book (mrq)": "2.02", "Enterprise Value/Revenue 3": "9.18", "Enterprise Value/EBITDA 7": "-62.78"}, "12/31/2001": {"Duration": "12/31/2001", "Market Cap (intraday) 5": "464.29M", "Enterprise Value 3": "259.11M", "Trailing P/E ": "26.50", "Forward P/E 1": "N/A", "PEG Ratio (5 yr expected) 1": "N/A", "Price/Sales (ttm)": "3.03", "Price/Book (mrq)": "2.11", "Enterprise Value/Revenue 3": "7.48", "Enterprise Value/EBITDA 7": "30.29"}, "9/30/2001": {"Duration": "9/30/2001", "Market Cap (intraday) 5": "379.27M", "Enterprise Value 3": "174.03M", "Trailing P/E ": "17.12", "Forward P/E 1": "N/A", "PEG Ratio (5 yr expected) 1": "N/A", "Price/Sales (ttm)": "2.29", "Price/Book (mrq)": "1.84", "Enterprise Value/Revenue 3": "5.06", "Enterprise Value/EBITDA 7": "21.58"}, "6/30/2001": {"Duration": "6/30/2001", "Market Cap (intraday) 5": "508.25M", "Enterprise Value 3": "489.55M", "Trailing P/E ": "24.29", "Forward P/E 1": "N/A", "PEG Ratio (5 yr expected) 1": "N/A", "Price/Sales (ttm)": "3.30", "Price/Book (mrq)": "2.59", "Enterprise Value/Revenue 3": "10.55", "Enterprise Value/EBITDA 7": "50.91"}, "3/31/2001": {"Duration": "3/31/2001", "Market Cap (intraday) 5": "529.28M", "Enterprise Value 3": "354.54M", "Trailing P/E ": "27.06", "Forward P/E 1": "N/A", "PEG Ratio (5 yr expected) 1": "N/A", "Price/Sales (ttm)": "3.72", "Price/Book (mrq)": "2.99", "Enterprise Value/Revenue 3": "8.12", "Enterprise Value/EBITDA 7": "8.76"}, "12/31/2000": {"Duration": "12/31/2000", "Market Cap (intraday) 5": "1.09B", "Enterprise Value 3": "901.53M", "Trailing P/E ": "65.02", "Forward P/E 1": "N/A", "PEG Ratio (5 yr expected) 1": "N/A", "Price/Sales (ttm)": "8.71", "Price/Book (mrq)": "6.82", "Enterprise Value/Revenue 3": "18.82", "Enterprise Value/EBITDA 7": "71.26"}, "9/30/2000": {"Duration": "9/30/2000", "Market Cap (intraday) 5": "1.38B", "Enterprise Value 3": "1.21B", "Trailing P/E ": "93.75", "Forward P/E 1": "N/A", "PEG Ratio (5 yr expected) 1": "N/A", "Price/Sales (ttm)": "12.25", "Price/Book (mrq)": "10.06", "Enterprise Value/Revenue 3": "30.08", "Enterprise Value/EBITDA 7": "129.41"}, "6/30/2000": {"Duration": "6/30/2000", "Market Cap (intraday) 5": "1.54B", "Enterprise Value 3": "1.36B", "Trailing P/E ": "107.08", "Forward P/E 1": "N/A", "PEG Ratio (5 yr expected) 1": "N/A", "Price/Sales (ttm)": "13.99", "Price/Book (mrq)": "11.21", "Enterprise Value/Revenue 3": "35.65", "Enterprise Value/EBITDA 7": "180.05"}, "3/31/2000": {"Duration": "3/31/2000", "Market Cap (intraday) 5": "1.12B", "Enterprise Value 3": "964.09M", "Trailing P/E ": "90.42", "Forward P/E 1": "N/A", "PEG Ratio (5 yr expected) 1": "N/A", "Price/Sales (ttm)": "11.42", "Price/Book (mrq)": "9.15", "Enterprise Value/Revenue 3": "31.28", "Enterprise Value/EBITDA 7": "174.40"}, "12/31/1999": {"Duration": "12/31/1999", "Market Cap (intraday) 5": "668.37M", "Enterprise Value 3": "569.67M", "Trailing P/E ": "62.61", "Forward P/E 1": "N/A", "PEG Ratio (5 yr expected) 1": "N/A", "Price/Sales (ttm)": "7.92", "Price/Book (mrq)": "8.48", "Enterprise Value/Revenue 3": "20.57", "Enterprise Value/EBITDA 7": "81.38"}, "9/30/1999": {"Duration": "9/30/1999", "Market Cap (intraday) 5": "355.95M", "Enterprise Value 3": "268.45M", "Trailing P/E ": "38.61", "Forward P/E 1": "N/A", "PEG Ratio (5 yr expected) 1": "N/A", "Price/Sales (ttm)": "4.87", "Price/Book (mrq)": "5.16", "Enterprise Value/Revenue 3": "12.20", "Enterprise Value/EBITDA 7": "57.12"}, "6/30/1999": {"Duration": "6/30/1999", "Market Cap (intraday) 5": "223.07M", "Enterprise Value 3": "214.97M", "Trailing P/E ": "26.88", "Forward P/E 1": "N/A", "PEG Ratio (5 yr expected) 1": "N/A", "Price/Sales (ttm)": "3.29", "Price/Book (mrq)": "3.57", "Enterprise Value/Revenue 3": "10.91", "Enterprise Value/EBITDA 7": "58.10"}, "3/31/1999": {"Duration": "3/31/1999", "Market Cap (intraday) 5": "268.28M", "Enterprise Value 3": "260.18M", "Trailing P/E ": "35.74", "Forward P/E 1": "N/A", "PEG Ratio (5 yr expected) 1": "N/A", "Price/Sales (ttm)": "4.44", "Price/Book (mrq)": "4.52", "Enterprise Value/Revenue 3": "14.54", "Enterprise Value/EBITDA 7": "83.93"}, "12/31/1998": {"Duration": "12/31/1998", "Market Cap (intraday) 5": "378.61M", "Enterprise Value 3": "368.21M", "Trailing P/E ": "54.01", "Forward P/E 1": "N/A", "PEG Ratio (5 yr expected) 1": "N/A", "Price/Sales (ttm)": "6.66", "Price/Book (mrq)": "7.08", "Enterprise Value/Revenue 3": "20.01", "Enterprise Value/EBITDA 7": "81.83"}, "9/30/1998": {"Duration": "9/30/1998", "Market Cap (intraday) 5": "312.51M", "Enterprise Value 3": "307.31M", "Trailing P/E ": "48.67", "Forward P/E 1": "N/A", "PEG Ratio (5 yr expected) 1": "N/A", "Price/Sales (ttm)": "5.86", "Price/Book (mrq)": "6.42", "Enterprise Value/Revenue 3": "20.35", "Enterprise Value/EBITDA 7": "99.13"}, "6/30/1998": {"Duration": "6/30/1998", "Market Cap (intraday) 5": "339.03M", "Enterprise Value 3": "336.23M", "Trailing P/E ": "57.61", "Forward P/E 1": "N/A", "PEG Ratio (5 yr expected) 1": "N/A", "Price/Sales (ttm)": "7.21", "Price/Book (mrq)": "7.39", "Enterprise Value/Revenue 3": "22.42", "Enterprise Value/EBITDA 7": "129.32"}, "3/31/1998": {"Duration": "3/31/1998", "Market Cap (intraday) 5": "300.61M", "Enterprise Value 3": "297.41M", "Trailing P/E ": "52.99", "Forward P/E 1": "N/A", "PEG Ratio (5 yr expected) 1": "N/A", "Price/Sales (ttm)": "6.90", "Price/Book (mrq)": "6.99", "Enterprise Value/Revenue 3": "22.70", "Enterprise Value/EBITDA 7": "148.71"}, "12/31/1997": {"Duration": "12/31/1997", "Market Cap (intraday) 5": "190.92M", "Enterprise Value 3": "183.22M", "Trailing P/E ": "36.11", "Forward P/E 1": "N/A", "PEG Ratio (5 yr expected) 1": "N/A", "Price/Sales (ttm)": "4.98", "Price/Book (mrq)": "4.71", "Enterprise Value/Revenue 3": "14.09", "Enterprise Value/EBITDA 7": "61.07"}, "9/30/1997": {"Duration": "9/30/1997", "Market Cap (intraday) 5": "226.20M", "Enterprise Value 3": "224.30M", "Trailing P/E ": "34.33", "Forward P/E 1": "N/A", "PEG Ratio (5 yr expected) 1": "N/A", "Price/Sales (ttm)": "6.74", "Price/Book (mrq)": "5.97", "Enterprise Value/Revenue 3": "22.21", "Enterprise Value/EBITDA 7": "93.46"}, "6/30/1997": {"Duration": "6/30/1997", "Market Cap (intraday) 5": "245.19M", "Enterprise Value 3": "243.39M", "Trailing P/E ": "40.32", "Forward P/E 1": "N/A", "PEG Ratio (5 yr expected) 1": "N/A", "Price/Sales (ttm)": "7.28", "Price/Book (mrq)": "6.79", "Enterprise Value/Revenue 3": "26.75", "Enterprise Value/EBITDA 7": "162.26"}, "3/31/1997": {"Duration": "3/31/1997", "Market Cap (intraday) 5": "151.49M", "Enterprise Value 3": "146.49M", "Trailing P/E ": "27.23", "Forward P/E 1": "N/A", "PEG Ratio (5 yr expected) 1": "N/A", "Price/Sales (ttm)": "4.73", "Price/Book (mrq)": "4.38", "Enterprise Value/Revenue 3": "17.87", "Enterprise Value/EBITDA 7": "112.69"}, "12/31/1996": {"Duration": "12/31/1996", "Market Cap (intraday) 5": "213.72M", "Enterprise Value 3": "179.32M", "Trailing P/E ": "42.21", "Forward P/E 1": "N/A", "PEG Ratio (5 yr expected) 1": "N/A", "Price/Sales (ttm)": "6.75", "Price/Book (mrq)": "6.32", "Enterprise Value/Revenue 3": "20.85", "Enterprise Value/EBITDA 7": "-14.46"}}, "inside": {"Date": ["INSIDER NAME", "TITLE", "DATE", "TRANSATION", "SHARE", "PRICE", "AMOUNT"], "2021-05-26 10:08:12": ["WASSENAAR YVONNE", "DIRECTIOR", "2021-05-24", "SELL", "1,365", "43.93", "59,964"], "2021-04-05 09:30:44": ["MACBETH SHIRLEY", "CHIEF MARKETING OFFICER", "2021-04-01", "OPTION EXERCISE", "2,676", "0.00", "0"], "2021-04-05 09:12:04": ["KOTTMANN SHERRI", "CHIEF PEOPLE OFFICER", "2021-04-01", "OPTION EXERCISE", "1,390", "0.00", "0"], "2021-03-09 09:33:22": ["KOTTMANN SHERRI", "CHIEF PEOPLE OFFICER", "2021-03-05", "OPTION EXERCISE", "500", "33.03", "16,515"], "2021-03-03 10:56:50": ["KASPARIAN MICHAEL", "CHIEF INFORMATION OFFICER", "2021-03-01", "OPTION EXERCISE", "250", "0.00", "0"], "2021-03-03 10:48:51": ["TEICHGRAEBER GRETCHEN", "DIRECTIOR", "2021-03-01", "SELL", "1,000", "46.02", "46,023"], "2021-03-01 10:31:27": ["TEICHGRAEBER GRETCHEN", "DIRECTIOR", "2021-02-25", "SELL", "4,000", "45.49", "181,969"], "2021-02-25 15:50:34": ["TEICHGRAEBER GRETCHEN", "DIRECTIOR", "2021-02-23", "OPTION EXERCISE", "6,211", "38.37", "238,316"], "2021-02-18 10:25:00": ["TEICHGRAEBER GRETCHEN", "DIRECTIOR", "2021-02-16", "OPTION EXERCISE", "1,658", "38.37", "63,617"], "2021-01-04 15:47:26": ["DARRAH RYAN", "CHIEF LEGAL OFFICER", "2021-01-03", "OPTION EXERCISE", "1,440", "0.00", "0"], "2021-01-04 15:45:00": ["KASPARIAN MICHAEL", "CHIEF INFORMATION OFFICER", "2021-01-01", "OPTION EXERCISE", "290", "0.00", "0"], "2021-01-04 15:42:46": ["CHOUINARD SCOTT", "CHIEF ACCOUNTING OFFICER", "2021-01-01", "OPTION EXERCISE", "100", "0.00", "0"], "2020-12-16 13:51:22": ["DOYLE MICHAEL A", "CHIEF FINANCIAL OFFICER", "2020-12-14", "OPTION EXERCISE", "11,800", "38.43", "453,474"], "2020-12-16 13:23:21": ["GALFORD ROBERT", "DIRECTIOR", "2020-12-14", "OPTION EXERCISE", "12,000", "38.37", "460,440"], "2020-12-16 13:09:07": ["TEICHGRAEBER GRETCHEN", "DIRECTIOR", "2020-12-14", "OPTION EXERCISE", "500", "38.37", "19,185"], "2020-12-08 14:15:56": ["TEICHGRAEBER GRETCHEN", "DIRECTIOR", "2020-12-04", "OPTION EXERCISE", "1,631", "38.37", "62,581"], "2020-11-25 11:14:30": ["TEICHGRAEBER GRETCHEN", "DIRECTIOR", "2020-11-24", "OPTION EXERCISE", "2,000", "38.37", "76,740"], "2020-11-25 10:07:03": ["JOHNSON CARRIE", "CHIEF RESEARCH OFFICER", "2020-11-24", "SELL", "871", "43.95", "38,280"], "2020-11-12 09:55:53": ["CHOUINARD SCOTT", "CHIEF ACCOUNTING OFFICER", "2020-11-10", "OPTION EXERCISE", "4,625", "33.56", "155,201"], "2020-11-09 11:32:08": ["HIPPLER KELLEY", "CHIEF SALES OFFICER", "2020-11-06", "OPTION EXERCISE", "2,500", "33.03", "82,575"], "2020-11-09 11:19:35": ["JOHNSON CARRIE", "CHIEF RESEARCH OFFICER", "2020-11-06", "SELL", "1,500", "39.96", "59,940"], "2020-11-05 13:45:57": ["JOHNSON CARRIE", "CHIEF RESEARCH OFFICER", "2020-11-01", "OPTION EXERCISE", "763", "0.00", "0"], "2020-11-05 11:31:23": ["DOYLE MICHAEL A", "CHIEF FINANCIAL OFFICER", "2020-11-03", "OPTION EXERCISE", "14,000", "33.03", "462,420"], "2020-11-03 13:57:43": ["BOYCE DAVID", "DIRECTIOR", "2020-11-02", "SELL", "2,000", "37.75", "75,500"], "2020-11-03 13:51:23": ["PELTZMAN STEVEN P.", "CBTO", "2020-11-02", "SELL", "2,710", "38.16", "103,414"], "2020-11-03 13:43:41": ["JOHNSON CARRIE", "CHIEF RESEARCH OFFICER", "2020-11-01", "OPTION EXERCISE", "763", "0.00", "0"], "2020-09-10 10:04:55": ["PELTZMAN STEVEN P.", "CBTO", "2020-09-09", "SELL", "3,000", "35.10", "105,300"], "2020-08-13 14:53:06": ["JOHNSON CARRIE", "CHIEF RESEARCH OFFICER", "2020-08-11", "SELL", "1,500", "37.50", "56,250"], "2020-08-10 14:26:25": ["JOHNSON CARRIE", "CHIEF RESEARCH OFFICER", "2020-08-07", "SELL", "200", "36.95", "7,390"], "2020-08-05 18:49:02": ["TEICHGRAEBER GRETCHEN", "DIRECTIOR", "2020-08-03", "SELL", "3,006", "36.00", "108,216"], "2020-08-05 18:44:10": ["HIPPLER KELLEY", "CHIEF SALES OFFICER", "2020-08-01", "OPTION EXERCISE", "2,948", "0.00", "0"], "2020-08-05 18:41:01": ["HIPPLER KELLEY", "CHIEF SALES OFFICER", "2020-03-04", "OPTION EXERCISE", "1,500", "29.86", "44,790"], "2020-08-05 18:38:17": ["CHOUINARD SCOTT", "CHIEF ACCOUNTING OFFICER", "2020-08-01", "OPTION EXERCISE", "1,056", "0.00", "0"], "2020-08-05 18:33:46": ["DARRAH RYAN", "CHIEF LEGAL OFFICER", "2020-08-01", "OPTION EXERCISE", "2,030", "0.00", "0"], "2020-08-05 18:30:43": ["KASPARIAN MICHAEL", "CHIEF INFORMATION OFFICER", "2020-08-01", "OPTION EXERCISE", "1,112", "0.00", "0"], "2020-08-05 18:28:04": ["KOTTMANN SHERRI", "CHIEF PEOPLE OFFICER", "2020-08-01", "OPTION EXERCISE", "338", "0.00", "0"], "2020-08-05 18:24:16": ["PELTZMAN STEVEN P.", "CBTO", "2020-08-01", "OPTION EXERCISE", "6,191", "14.59", "90,303"], "2020-08-05 18:18:36": ["JOHNSON CARRIE", "CHIEF RESEARCH OFFICER", "2020-08-01", "OPTION EXERCISE", "4,138", "0.00", "0"], "2020-08-05 18:11:50": ["DOYLE MICHAEL A", "CHIEF FINANCIAL OFFICER", "2020-08-01", "OPTION EXERCISE", "4,827", "0.00", "0"], "2020-06-03 11:24:59": ["KOTTMANN SHERRI", "CHIEF PEOPLE OFFICER", "2019-08-01", "OPTION EXERCISE", "339", "0.00", "0"]}}}, {"MYGN": {"quote": {"06/01/2021": {"value": "28.00", "Market Cap": "2.157B", "Beta (5Y Monthly)": "1.64", "PE Ratio (TTM)": "N/A", "EPS (TTM)": "-0.41", "Earnings Date": "Aug 11, 2021 - Aug 16, 2021", "Forward Dividend & Yield": "N/A (N/A)", "Ex-Dividend Date": "N/A", "1y Target Est": "26.86", "Profit Margin ": "-5.01%", "Operating Margin (ttm)": "-28.87%", "Return on Assets (ttm)": "N/A", "Return on Equity (ttm)": "N/A", "Revenue (ttm)": "608.7M", "Revenue Per Share (ttm)": "8.08", "Quarterly Revenue Growth (yoy)": "5.50%", "Gross Profit (ttm)": "416.8M", "EBITDA ": "-103.6M", "Net Income Avi to Common (ttm)": "-30.5M", "Diluted EPS (ttm)": "-0.41", "Quarterly Earnings Growth (yoy)": "N/A", "Total Cash (mrq)": "176.1M", "Total Cash Per Share (mrq)": "2.29", "Total Debt (mrq)": "217.4M", "Total Debt/Equity (mrq)": "24.84", "Current Ratio (mrq)": "2.21", "Book Value Per Share (mrq)": "11.41", "Operating Cash Flow (ttm)": "-92.4M", "Levered Free Cash Flow (ttm)": "N/A", "Avg Vol (3 month) 3": "590.64k", "Avg Vol (10 day) 3": "481.48k", "Shares Outstanding 5": "77.05M", "Implied Shares Outstanding 6": "N/A", "Float ": "75.18M", "% Held by Insiders 1": "1.62%", "% Held by Institutions 1": "98.91%", "Shares Short (May 13, 2021) 4": "5.69M", "Short Ratio (May 13, 2021) 4": "10.89", "Short % of Float (May 13, 2021) 4": "10.34%", "Short % of Shares Outstanding (May 13, 2021) 4": "7.39%", "Shares Short (prior month Apr 14, 2021) 4": "5.41M", "Forward Annual Dividend Rate 4": "N/A", "Forward Annual Dividend Yield 4": "N/A", "Trailing Annual Dividend Rate 3": "N/A", "Trailing Annual Dividend Yield 3": "N/A", "5 Year Average Dividend Yield 4": "N/A", "Payout Ratio 4": "0.00%", "Dividend Date 3": "N/A", "Ex-Dividend Date 4": "N/A", "Last Split Factor 2": "2:1", "Last Split Date 3": "Mar 25, 2009"}}, "fin": {"TTM": {"Duration": "TTM", "Total Revenue": "557,000", "Cost of Revenue": "178,100", "Gross Profit": "378,900", "Operating Expense": "568,900", "Operating Income": "-190,000", "Net Non Operating Interest Income Expense": "-9,200", "Other Income Expense": "-89,800", "Pretax Income": "-289,000", "Tax Provision": "-58,900", "Net Income Common Stockholders": "-230,000", "Diluted NI Available to Com Stockholders": "-230,000", "Basic EPS": "-", "Diluted EPS": "-", "Basic Average Shares": "-", "Diluted Average Shares": "-", "Total Operating Income as Reported": "-289,800", "Total Expenses": "747,000", "Net Income from Continuing & Discontinued Operation": "-230,000", "Normalized Income": "-150,540", "Interest Income": "2,000", "Interest Expense": "11,200", "Net Interest Income": "-9,200", "EBIT": "-277,800", "EBITDA": "-206,400", "Reconciled Cost of Revenue": "178,100", "Reconciled Depreciation": "71,400", "Net Income from Continuing Operation Net Minority Interest": "-230,000", "Total Unusual Items Excluding Goodwill": "-99,800", "Total Unusual Items": "-99,800", "Normalized EBITDA": "-106,600", "Tax Rate for Calcs": "0", "Tax Effect of Unusual Items": "-20,340"}, "6/30/2020": {"Duration": "6/30/2020", "Total Revenue": "638,600", "Cost of Revenue": "186,100", "Gross Profit": "452,500", "Operating Expense": "587,300", "Operating Income": "-134,800", "Net Non Operating Interest Income Expense": "-7,800", "Other Income Expense": "-80,700", "Pretax Income": "-223,300", "Tax Provision": "-23,700", "Net Income Common Stockholders": "-199,500", "Diluted NI Available to Com Stockholders": "-199,500", "Basic EPS": "-2.69", "Diluted EPS": "-2.69", "Basic Average Shares": "74,300", "Diluted Average Shares": "74,300", "Total Operating Income as Reported": "-231,700", "Total Expenses": "773,400", "Net Income from Continuing & Discontinued Operation": "-199,500", "Normalized Income": "-112,871", "Interest Income": "3,000", "Interest Expense": "10,800", "Net Interest Income": "-7,800", "EBIT": "-212,500", "EBITDA": "-", "Reconciled Cost of Revenue": "186,100", "Reconciled Depreciation": "72,000", "Net Income from Continuing Operation Net Minority Interest": "-199,500", "Total Unusual Items Excluding Goodwill": "-96,900", "Total Unusual Items": "-96,900", "Normalized EBITDA": "-43,600", "Tax Rate for Calcs": "0", "Tax Effect of Unusual Items": "-10,271"}, "6/30/2019": {"Duration": "6/30/2019", "Total Revenue": "851,100", "Cost of Revenue": "201,000", "Gross Profit": "650,100", "Operating Expense": "641,400", "Operating Income": "8,700", "Net Non Operating Interest Income Expense": "-8,800", "Other Income Expense": "100", "Pretax Income": "0", "Tax Provision": "-4,400", "Net Income Common Stockholders": "4,600", "Diluted NI Available to Com Stockholders": "4,600", "Basic EPS": "0.06", "Diluted EPS": "0.06", "Basic Average Shares": "73,500", "Diluted Average Shares": "76,000", "Total Operating Income as Reported": "7,600", "Total Expenses": "842,400", "Net Income from Continuing & Discontinued Operation": "4,600", "Normalized Income": "5,700", "Interest Income": "3,200", "Interest Expense": "12,000", "Net Interest Income": "-8,800", "EBIT": "12,000", "EBITDA": "-", "Reconciled Cost of Revenue": "201,000", "Reconciled Depreciation": "73,000", "Net Income from Continuing Operation Net Minority Interest": "4,600", "Total Unusual Items Excluding Goodwill": "-1,100", "Total Unusual Items": "-1,100", "Normalized EBITDA": "86,100", "Tax Rate for Calcs": "0", "Tax Effect of Unusual Items": "0"}, "6/30/2018": {"Duration": "6/30/2018", "Total Revenue": "772,600", "Cost of Revenue": "177,200", "Gross Profit": "595,400", "Operating Expense": "537,900", "Operating Income": "57,500", "Net Non Operating Interest Income Expense": "-1,400", "Other Income Expense": "60,800", "Pretax Income": "116,900", "Tax Provision": "-14,000", "Net Income Common Stockholders": "131,100", "Diluted NI Available to Com Stockholders": "131,100", "Basic EPS": "1.89", "Diluted EPS": "1.82", "Basic Average Shares": "69,400", "Diluted Average Shares": "72,000", "Total Operating Income as Reported": "118,700", "Total Expenses": "715,100", "Net Income from Continuing & Discontinued Operation": "131,100", "Normalized Income": "77,244", "Interest Income": "1,800", "Interest Expense": "3,200", "Net Interest Income": "-1,400", "EBIT": "120,100", "EBITDA": "-", "Reconciled Cost of Revenue": "177,200", "Reconciled Depreciation": "54,400", "Net Income from Continuing Operation Net Minority Interest": "131,100", "Total Unusual Items Excluding Goodwill": "61,200", "Total Unusual Items": "61,200", "Normalized EBITDA": "113,300", "Tax Rate for Calcs": "0", "Tax Effect of Unusual Items": "7,344"}, "6/30/2017": {"Duration": "6/30/2017", "Total Revenue": "771,400", "Cost of Revenue": "171,200", "Gross Profit": "600,200", "Operating Expense": "550,800", "Operating Income": "49,400", "Net Non Operating Interest Income Expense": "-4,800", "Other Income Expense": "-1,700", "Pretax Income": "42,900", "Tax Provision": "21,300", "Net Income Common Stockholders": "21,800", "Diluted NI Available to Com Stockholders": "21,800", "Basic EPS": "0.32", "Diluted EPS": "0.32", "Basic Average Shares": "68,300", "Diluted Average Shares": "68,800", "Total Operating Income as Reported": "49,400", "Total Expenses": "722,000", "Net Income from Continuing & Discontinued Operation": "21,800", "Normalized Income": "21,320", "Interest Income": "1,200", "Interest Expense": "6,000", "Net Interest Income": "-4,800", "EBIT": "48,900", "EBITDA": "-", "Reconciled Cost of Revenue": "171,200", "Reconciled Depreciation": "48,300", "Net Income from Continuing Operation Net Minority Interest": "21,800", "Total Unusual Items Excluding Goodwill": "800", "Total Unusual Items": "800", "Normalized EBITDA": "96,400", "Tax Rate for Calcs": "0", "Tax Effect of Unusual Items": "320"}, "6/30/2016": {"Duration": "6/30/2016", "Total Revenue": "753,800", "Cost of Revenue": "157,300", "Gross Profit": "596,500", "Operating Expense": "429,700", "Operating Income": "166,800", "Net Non Operating Interest Income Expense": "900", "Other Income Expense": "1,200", "Pretax Income": "168,900", "Tax Provision": "43,600", "Net Income Common Stockholders": "125,300", "Diluted NI Available to Com Stockholders": "125,300", "Basic EPS": "1.79", "Diluted EPS": "1.71", "Basic Average Shares": "70,000", "Diluted Average Shares": "73,400", "Total Operating Income as Reported": "166,800", "Total Expenses": "587,000", "Net Income from Continuing & Discontinued Operation": "125,300", "Normalized Income": "125,300", "Interest Income": "900", "Interest Expense": "-", "Net Interest Income": "900", "EBIT": "166,800", "EBITDA": "-", "Reconciled Cost of Revenue": "157,300", "Reconciled Depreciation": "26,700", "Net Income from Continuing Operation Net Minority Interest": "125,300", "Total Unusual Items Excluding Goodwill": "-", "Total Unusual Items": "-", "Normalized EBITDA": "193,500", "Tax Rate for Calcs": "0", "Tax Effect of Unusual Items": "0"}, "6/30/2015": {"Duration": "6/30/2015", "Total Revenue": "723,100", "Cost of Revenue": "147,400", "Gross Profit": "575,700", "Operating Expense": "441,500", "Operating Income": "134,200", "Net Non Operating Interest Income Expense": "400", "Other Income Expense": "300", "Pretax Income": "134,900", "Tax Provision": "54,700", "Net Income Common Stockholders": "80,200", "Diluted NI Available to Com Stockholders": "80,200", "Basic EPS": "1.12", "Diluted EPS": "1.08", "Basic Average Shares": "71,300", "Diluted Average Shares": "74,500", "Total Operating Income as Reported": "134,200", "Total Expenses": "588,900", "Net Income from Continuing & Discontinued Operation": "80,200", "Normalized Income": "80,200", "Interest Income": "400", "Interest Expense": "-", "Net Interest Income": "400", "EBIT": "134,200", "EBITDA": "-", "Reconciled Cost of Revenue": "147,400", "Reconciled Depreciation": "25,000", "Net Income from Continuing Operation Net Minority Interest": "80,200", "Total Unusual Items Excluding Goodwill": "-", "Total Unusual Items": "-", "Normalized EBITDA": "159,200", "Tax Rate for Calcs": "0", "Tax Effect of Unusual Items": "0"}, "6/30/2014": {"Duration": "6/30/2014", "Total Revenue": "778,216", "Cost of Revenue": "109,201", "Gross Profit": "669,015", "Operating Expense": "394,573", "Operating Income": "274,442", "Net Non Operating Interest Income Expense": "5,397", "Other Income Expense": "-1,974", "Pretax Income": "277,865", "Tax Provision": "101,640", "Net Income Common Stockholders": "176,225", "Diluted NI Available to Com Stockholders": "176,225", "Basic EPS": "2.33", "Diluted EPS": "2.25", "Basic Average Shares": "75,728", "Diluted Average Shares": "78,182", "Total Operating Income as Reported": "274,442", "Total Expenses": "503,774", "Net Income from Continuing & Discontinued Operation": "176,225", "Normalized Income": "176,225", "Interest Income": "5,397", "Interest Expense": "-", "Net Interest Income": "5,397", "EBIT": "274,442", "EBITDA": "-", "Reconciled Cost of Revenue": "109,201", "Reconciled Depreciation": "13,819", "Net Income from Continuing Operation Net Minority Interest": "176,225", "Total Unusual Items Excluding Goodwill": "-", "Total Unusual Items": "-", "Normalized EBITDA": "288,261", "Tax Rate for Calcs": "0", "Tax Effect of Unusual Items": "0"}, "6/30/2013": {"Duration": "6/30/2013", "Total Revenue": "613,165", "Cost of Revenue": "79,618", "Gross Profit": "533,547", "Operating Expense": "305,545", "Operating Income": "228,002", "Net Non Operating Interest Income Expense": "5,497", "Other Income Expense": "-223", "Pretax Income": "233,276", "Tax Provision": "86,137", "Net Income Common Stockholders": "147,139", "Diluted NI Available to Com Stockholders": "147,139", "Basic EPS": "1.82", "Diluted EPS": "1.77", "Basic Average Shares": "80,948", "Diluted Average Shares": "83,327", "Total Operating Income as Reported": "228,002", "Total Expenses": "385,163", "Net Income from Continuing & Discontinued Operation": "147,139", "Normalized Income": "147,139", "Interest Income": "5,497", "Interest Expense": "-", "Net Interest Income": "5,497", "EBIT": "228,002", "EBITDA": "-", "Reconciled Cost of Revenue": "79,618", "Reconciled Depreciation": "8,889", "Net Income from Continuing Operation Net Minority Interest": "147,139", "Total Unusual Items Excluding Goodwill": "-", "Total Unusual Items": "-", "Normalized EBITDA": "236,891", "Tax Rate for Calcs": "0", "Tax Effect of Unusual Items": "0"}, "6/30/2012": {"Duration": "6/30/2012", "Total Revenue": "496,005", "Cost of Revenue": "64,659", "Gross Profit": "431,346", "Operating Expense": "251,028", "Operating Income": "180,318", "Net Non Operating Interest Income Expense": "4,629", "Other Income Expense": "-407", "Pretax Income": "184,540", "Tax Provision": "72,389", "Net Income Common Stockholders": "112,151", "Diluted NI Available to Com Stockholders": "112,151", "Basic EPS": "1.33", "Diluted EPS": "1.30", "Basic Average Shares": "84,608", "Diluted Average Shares": "86,465", "Total Operating Income as Reported": "180,318", "Total Expenses": "315,687", "Net Income from Continuing & Discontinued Operation": "112,151", "Normalized Income": "112,151", "Interest Income": "4,629", "Interest Expense": "-", "Net Interest Income": "4,629", "EBIT": "180,318", "EBITDA": "-", "Reconciled Cost of Revenue": "64,659", "Reconciled Depreciation": "9,069", "Net Income from Continuing Operation Net Minority Interest": "112,151", "Total Unusual Items Excluding Goodwill": "-", "Total Unusual Items": "-", "Normalized EBITDA": "189,387", "Tax Rate for Calcs": "0", "Tax Effect of Unusual Items": "0"}, "6/30/2011": {"Duration": "6/30/2011", "Total Revenue": "402,084", "Cost of Revenue": "46,714", "Gross Profit": "355,370", "Operating Expense": "197,592", "Operating Income": "157,778", "Net Non Operating Interest Income Expense": "2,226", "Other Income Expense": "-353", "Pretax Income": "159,651", "Tax Provision": "58,941", "Net Income Common Stockholders": "100,710", "Diluted NI Available to Com Stockholders": "100,710", "Basic EPS": "1.12", "Diluted EPS": "1.10", "Basic Average Shares": "89,794", "Diluted Average Shares": "91,704", "Total Operating Income as Reported": "157,778", "Total Expenses": "244,306", "Net Income from Continuing & Discontinued Operation": "100,710", "Normalized Income": "100,933", "Interest Income": "2,226", "Interest Expense": "-", "Net Interest Income": "2,226", "EBIT": "157,778", "EBITDA": "-", "Reconciled Cost of Revenue": "46,714", "Reconciled Depreciation": "7,219", "Net Income from Continuing Operation Net Minority Interest": "100,710", "Total Unusual Items Excluding Goodwill": "-353", "Total Unusual Items": "-353", "Normalized EBITDA": "165,350", "Tax Rate for Calcs": "0", "Tax Effect of Unusual Items": "-130.3228"}, "6/30/2010": {"Duration": "6/30/2010", "Total Revenue": "362,648", "Cost of Revenue": "44,286", "Gross Profit": "318,362", "Operating Expense": "183,287", "Operating Income": "135,075", "Net Non Operating Interest Income Expense": "5,660", "Other Income Expense": "99", "Pretax Income": "140,834", "Tax Provision": "-11,469", "Net Income Common Stockholders": "152,303", "Diluted NI Available to Com Stockholders": "152,303", "Basic EPS": "1.58", "Diluted EPS": "1.54", "Basic Average Shares": "96,338", "Diluted Average Shares": "99,152", "Total Operating Income as Reported": "135,075", "Total Expenses": "227,573", "Net Income from Continuing & Discontinued Operation": "152,303", "Normalized Income": "152,239", "Interest Income": "5,660", "Interest Expense": "-", "Net Interest Income": "5,660", "EBIT": "135,075", "EBITDA": "-", "Reconciled Cost of Revenue": "44,286", "Reconciled Depreciation": "7,084", "Net Income from Continuing Operation Net Minority Interest": "152,303", "Total Unusual Items Excluding Goodwill": "99", "Total Unusual Items": "99", "Normalized EBITDA": "142,060", "Tax Rate for Calcs": "0", "Tax Effect of Unusual Items": "34.65"}, "6/30/2009": {"Duration": "6/30/2009", "Total Revenue": "326,527", "Cost of Revenue": "43,267", "Gross Profit": "283,260", "Operating Expense": "156,798", "Operating Income": "126,462", "Net Non Operating Interest Income Expense": "12,478", "Other Income Expense": "-2,493", "Pretax Income": "136,447", "Tax Provision": "193", "Net Income Common Stockholders": "84,615", "Diluted NI Available to Com Stockholders": "84,615", "Basic EPS": "0.91", "Diluted EPS": "0.86", "Basic Average Shares": "93,492", "Diluted Average Shares": "98,573", "Total Operating Income as Reported": "126,462", "Total Expenses": "200,065", "Net Income from Continuing & Discontinued Operation": "84,615", "Normalized Income": "138,743", "Interest Income": "12,478", "Interest Expense": "-", "Net Interest Income": "12,478", "EBIT": "126,462", "EBITDA": "-", "Reconciled Cost of Revenue": "43,267", "Reconciled Depreciation": "9,449", "Net Income from Continuing Operation Net Minority Interest": "136,254", "Total Unusual Items Excluding Goodwill": "-2,493", "Total Unusual Items": "-2,493", "Normalized EBITDA": "138,404", "Tax Rate for Calcs": "0", "Tax Effect of Unusual Items": "-3.5263"}, "6/30/2008": {"Duration": "6/30/2008", "Total Revenue": "333,629", "Cost of Revenue": "32,340", "Gross Profit": "301,289", "Operating Expense": "263,208", "Operating Income": "38,081", "Net Non Operating Interest Income Expense": "-", "Other Income Expense": "-3,337", "Pretax Income": "48,453", "Tax Provision": "608", "Net Income Common Stockholders": "47,845", "Diluted NI Available to Com Stockholders": "47,845", "Basic EPS": "0.54", "Diluted EPS": "0.51", "Basic Average Shares": "88,378", "Diluted Average Shares": "93,408", "Total Operating Income as Reported": "38,081", "Total Expenses": "295,548", "Net Income from Continuing & Discontinued Operation": "47,845", "Normalized Income": "51,140", "Interest Income": "-", "Interest Expense": "-", "Net Interest Income": "-", "EBIT": "38,081", "EBITDA": "-", "Reconciled Cost of Revenue": "32,340", "Reconciled Depreciation": "8,781", "Net Income from Continuing Operation Net Minority Interest": "47,845", "Total Unusual Items Excluding Goodwill": "-3,337", "Total Unusual Items": "-3,337", "Normalized EBITDA": "50,199", "Tax Rate for Calcs": "0", "Tax Effect of Unusual Items": "-41.8735"}, "6/30/2007": {"Duration": "6/30/2007", "Total Revenue": "157,126", "Cost of Revenue": "30,813", "Gross Profit": "126,313", "Operating Expense": "174,040", "Operating Income": "-47,727", "Net Non Operating Interest Income Expense": "-", "Other Income Expense": "653", "Pretax Income": "-", "Tax Provision": "-", "Net Income Common Stockholders": "-34,962", "Diluted NI Available to Com Stockholders": "-34,962", "Basic EPS": "-0.42", "Diluted EPS": "-0.42", "Basic Average Shares": "82,110", "Diluted Average Shares": "82,110", "Total Operating Income as Reported": "-47,727", "Total Expenses": "204,853", "Net Income from Continuing & Discontinued Operation": "-34,962", "Normalized Income": "-35,386", "Interest Income": "-", "Interest Expense": "-", "Net Interest Income": "-", "EBIT": "-47,727", "EBITDA": "-", "Reconciled Cost of Revenue": "30,813", "Reconciled Depreciation": "7,544", "Net Income from Continuing Operation Net Minority Interest": "-34,962", "Total Unusual Items Excluding Goodwill": "653", "Total Unusual Items": "653", "Normalized EBITDA": "-40,836", "Tax Rate for Calcs": "0", "Tax Effect of Unusual Items": "228.55"}, "6/30/2006": {"Duration": "6/30/2006", "Total Revenue": "114,279", "Cost of Revenue": "27,644", "Gross Profit": "86,635", "Operating Expense": "132,224", "Operating Income": "-45,589", "Net Non Operating Interest Income Expense": "-", "Other Income Expense": "-12", "Pretax Income": "-38,189", "Tax Provision": "-", "Net Income Common Stockholders": "-38,189", "Diluted NI Available to Com Stockholders": "-38,189", "Basic EPS": "-0.53", "Diluted EPS": "-0.53", "Basic Average Shares": "72,556", "Diluted Average Shares": "72,556", "Total Operating Income as Reported": "-45,589", "Total Expenses": "159,868", "Net Income from Continuing & Discontinued Operation": "-38,189", "Normalized Income": "-38,177", "Interest Income": "-", "Interest Expense": "-", "Net Interest Income": "-", "EBIT": "-45,589", "EBITDA": "-", "Reconciled Cost of Revenue": "27,644", "Reconciled Depreciation": "6,855", "Net Income from Continuing Operation Net Minority Interest": "-38,189", "Total Unusual Items Excluding Goodwill": "-12", "Total Unusual Items": "-12", "Normalized EBITDA": "-38,722", "Tax Rate for Calcs": "0", "Tax Effect of Unusual Items": "0"}, "6/30/2005": {"Duration": "6/30/2005", "Total Revenue": "82,406", "Cost of Revenue": "20,322", "Gross Profit": "62,084", "Operating Expense": "102,829", "Operating Income": "-40,745", "Net Non Operating Interest Income Expense": "-", "Other Income Expense": "-2,031", "Pretax Income": "-39,978", "Tax Provision": "-", "Net Income Common Stockholders": "-39,978", "Diluted NI Available to Com Stockholders": "-39,978", "Basic EPS": "-0.65", "Diluted EPS": "-0.65", "Basic Average Shares": "61,440", "Diluted Average Shares": "61,440", "Total Operating Income as Reported": "-40,745", "Total Expenses": "123,151", "Net Income from Continuing & Discontinued Operation": "-39,978", "Normalized Income": "-37,947", "Interest Income": "-", "Interest Expense": "-", "Net Interest Income": "-", "EBIT": "-40,745", "EBITDA": "-", "Reconciled Cost of Revenue": "20,322", "Reconciled Depreciation": "6,092", "Net Income from Continuing Operation Net Minority Interest": "-39,978", "Total Unusual Items Excluding Goodwill": "-2,031", "Total Unusual Items": "-2,031", "Normalized EBITDA": "-32,622", "Tax Rate for Calcs": "0", "Tax Effect of Unusual Items": "0"}, "6/30/2004": {"Duration": "6/30/2004", "Total Revenue": "56,648", "Cost of Revenue": "13,751", "Gross Profit": "42,897", "Operating Expense": "85,532", "Operating Income": "-42,635", "Net Non Operating Interest Income Expense": "-", "Other Income Expense": "-10", "Pretax Income": "-40,620", "Tax Provision": "-", "Net Income Common Stockholders": "-40,620", "Diluted NI Available to Com Stockholders": "-40,620", "Basic EPS": "-0.74", "Diluted EPS": "-0.74", "Basic Average Shares": "54,652", "Diluted Average Shares": "54,652", "Total Operating Income as Reported": "-42,635", "Total Expenses": "99,283", "Net Income from Continuing & Discontinued Operation": "-40,620", "Normalized Income": "-40,610", "Interest Income": "-", "Interest Expense": "-", "Net Interest Income": "-", "EBIT": "-42,635", "EBITDA": "-", "Reconciled Cost of Revenue": "13,751", "Reconciled Depreciation": "5,766", "Net Income from Continuing Operation Net Minority Interest": "-40,620", "Total Unusual Items Excluding Goodwill": "-10", "Total Unusual Items": "-10", "Normalized EBITDA": "-36,859", "Tax Rate for Calcs": "0", "Tax Effect of Unusual Items": "0"}, "6/30/2003": {"Duration": "6/30/2003", "Total Revenue": "64,321", "Cost of Revenue": "12,553", "Gross Profit": "51,768", "Operating Expense": "79,114", "Operating Income": "-27,346", "Net Non Operating Interest Income Expense": "-", "Other Income Expense": "38", "Pretax Income": "-24,408", "Tax Provision": "417", "Net Income Common Stockholders": "-24,825", "Diluted NI Available to Com Stockholders": "-24,825", "Basic EPS": "-0.48", "Diluted EPS": "-0.48", "Basic Average Shares": "51,460", "Diluted Average Shares": "51,460", "Total Operating Income as Reported": "-27,346", "Total Expenses": "91,667", "Net Income from Continuing & Discontinued Operation": "-24,825", "Normalized Income": "-24,848", "Interest Income": "-", "Interest Expense": "-", "Net Interest Income": "-", "EBIT": "-27,346", "EBITDA": "-", "Reconciled Cost of Revenue": "12,553", "Reconciled Depreciation": "5,275", "Net Income from Continuing Operation Net Minority Interest": "-24,825", "Total Unusual Items Excluding Goodwill": "38", "Total Unusual Items": "38", "Normalized EBITDA": "-22,109", "Tax Rate for Calcs": "0", "Tax Effect of Unusual Items": "15.2"}, "6/30/2002": {"Duration": "6/30/2002", "Total Revenue": "53,836", "Cost of Revenue": "10,717", "Gross Profit": "43,120", "Operating Expense": "61,780", "Operating Income": "-18,660", "Net Non Operating Interest Income Expense": "-", "Other Income Expense": "-214.405", "Pretax Income": "-13,489", "Tax Provision": "500", "Net Income Common Stockholders": "-13,989", "Diluted NI Available to Com Stockholders": "-13,989", "Basic EPS": "-0.29", "Diluted EPS": "-0.29", "Basic Average Shares": "47,320", "Diluted Average Shares": "47,320", "Total Operating Income as Reported": "-18,660", "Total Expenses": "72,496", "Net Income from Continuing & Discontinued Operation": "-13,989", "Normalized Income": "-13,861", "Interest Income": "-", "Interest Expense": "-", "Net Interest Income": "-", "EBIT": "-18,660", "EBITDA": "-", "Reconciled Cost of Revenue": "10,717", "Reconciled Depreciation": "4,496", "Net Income from Continuing Operation Net Minority Interest": "-13,989", "Total Unusual Items Excluding Goodwill": "-214.405", "Total Unusual Items": "-214.405", "Normalized EBITDA": "-13,949", "Tax Rate for Calcs": "0", "Tax Effect of Unusual Items": "-85.762"}, "6/30/2001": {"Duration": "6/30/2001", "Total Revenue": "45,162", "Cost of Revenue": "7,403", "Gross Profit": "37,759", "Operating Expense": "50,896", "Operating Income": "-13,137", "Net Non Operating Interest Income Expense": "-", "Other Income Expense": "-305.134", "Pretax Income": "-6,591", "Tax Provision": "583.333", "Net Income Common Stockholders": "-7,174", "Diluted NI Available to Com Stockholders": "-7,174", "Basic EPS": "-0.15", "Diluted EPS": "-0.15", "Basic Average Shares": "45,630", "Diluted Average Shares": "45,630", "Total Operating Income as Reported": "-13,137", "Total Expenses": "58,299", "Net Income from Continuing & Discontinued Operation": "-7,174", "Normalized Income": "-6,991", "Interest Income": "-", "Interest Expense": "-", "Net Interest Income": "-", "EBIT": "-13,137", "EBITDA": "-", "Reconciled Cost of Revenue": "7,403", "Reconciled Depreciation": "3,729", "Net Income from Continuing Operation Net Minority Interest": "-7,174", "Total Unusual Items Excluding Goodwill": "-305.134", "Total Unusual Items": "-305.134", "Normalized EBITDA": "-9,103", "Tax Rate for Calcs": "0", "Tax Effect of Unusual Items": "-122.0536"}, "6/30/2000": {"Duration": "6/30/2000", "Total Revenue": "34,013", "Cost of Revenue": "701.739", "Gross Profit": "33,311", "Operating Expense": "44,858", "Operating Income": "-11,547", "Net Non Operating Interest Income Expense": "-", "Other Income Expense": "-383.481", "Pretax Income": "-", "Tax Provision": "-", "Net Income Common Stockholders": "-8,722", "Diluted NI Available to Com Stockholders": "-8,722", "Basic EPS": "-0.21", "Diluted EPS": "-0.21", "Basic Average Shares": "40,441", "Diluted Average Shares": "40,441", "Total Operating Income as Reported": "-11,547", "Total Expenses": "45,560", "Net Income from Continuing & Discontinued Operation": "-8,722", "Normalized Income": "-8,492", "Interest Income": "-", "Interest Expense": "-", "Net Interest Income": "-", "EBIT": "-11,547", "EBITDA": "-", "Reconciled Cost of Revenue": "701.739", "Reconciled Depreciation": "3,285", "Net Income from Continuing Operation Net Minority Interest": "-8,722", "Total Unusual Items Excluding Goodwill": "-383.481", "Total Unusual Items": "-383.481", "Normalized EBITDA": "-7,879", "Tax Rate for Calcs": "0", "Tax Effect of Unusual Items": "-153.3924"}, "6/30/1999": {"Duration": "6/30/1999", "Total Revenue": "25,300", "Cost of Revenue": "-100", "Gross Profit": "25,400", "Operating Expense": "37,800", "Operating Income": "-12,400", "Net Non Operating Interest Income Expense": "-", "Other Income Expense": "-", "Pretax Income": "-", "Tax Provision": "-", "Net Income Common Stockholders": "-10,000", "Diluted NI Available to Com Stockholders": "-10,000", "Basic EPS": "-0.27", "Diluted EPS": "-0.27", "Basic Average Shares": "37,564", "Diluted Average Shares": "37,564", "Total Operating Income as Reported": "-12,400", "Total Expenses": "37,700", "Net Income from Continuing & Discontinued Operation": "-10,000", "Normalized Income": "-10,000", "Interest Income": "-", "Interest Expense": "-", "Net Interest Income": "-", "EBIT": "-12,400", "EBITDA": "-", "Reconciled Cost of Revenue": "-100", "Reconciled Depreciation": "3,200", "Net Income from Continuing Operation Net Minority Interest": "-10,000", "Total Unusual Items Excluding Goodwill": "-", "Total Unusual Items": "-", "Normalized EBITDA": "-9,200", "Tax Rate for Calcs": "0", "Tax Effect of Unusual Items": "0"}, "6/30/1998": {"Duration": "6/30/1998", "Total Revenue": "23,200", "Cost of Revenue": "-1,900", "Gross Profit": "25,100", "Operating Expense": "38,100", "Operating Income": "-13,000", "Net Non Operating Interest Income Expense": "-", "Other Income Expense": "3,200", "Pretax Income": "-", "Tax Provision": "-", "Net Income Common Stockholders": "-9,800", "Diluted NI Available to Com Stockholders": "-9,800", "Basic EPS": "-0.26", "Diluted EPS": "-0.26", "Basic Average Shares": "37,158", "Diluted Average Shares": "37,222", "Total Operating Income as Reported": "-13,000", "Total Expenses": "36,200", "Net Income from Continuing & Discontinued Operation": "-9,800", "Normalized Income": "-11,720", "Interest Income": "-", "Interest Expense": "-", "Net Interest Income": "-", "EBIT": "-13,000", "EBITDA": "-", "Reconciled Cost of Revenue": "-1,900", "Reconciled Depreciation": "3,300", "Net Income from Continuing Operation Net Minority Interest": "-9,800", "Total Unusual Items Excluding Goodwill": "3,200", "Total Unusual Items": "3,200", "Normalized EBITDA": "-12,900", "Tax Rate for Calcs": "0", "Tax Effect of Unusual Items": "1,280"}, "6/30/1997": {"Duration": "6/30/1997", "Total Revenue": "15,200", "Cost of Revenue": "-2,200", "Gross Profit": "17,400", "Operating Expense": "29,900", "Operating Income": "-12,500", "Net Non Operating Interest Income Expense": "-", "Other Income Expense": "3,300", "Pretax Income": "-", "Tax Provision": "-", "Net Income Common Stockholders": "-9,200", "Diluted NI Available to Com Stockholders": "-9,200", "Basic EPS": "-0.26", "Diluted EPS": "-0.26", "Basic Average Shares": "35,616", "Diluted Average Shares": "35,616", "Total Operating Income as Reported": "-12,500", "Total Expenses": "27,700", "Net Income from Continuing & Discontinued Operation": "-9,200", "Normalized Income": "-11,180", "Interest Income": "-", "Interest Expense": "-", "Net Interest Income": "-", "EBIT": "-12,500", "EBITDA": "-", "Reconciled Cost of Revenue": "-2,200", "Reconciled Depreciation": "2,500", "Net Income from Continuing Operation Net Minority Interest": "-9,200", "Total Unusual Items Excluding Goodwill": "3,300", "Total Unusual Items": "3,300", "Normalized EBITDA": "-13,300", "Tax Rate for Calcs": "0", "Tax Effect of Unusual Items": "1,320"}, "6/30/1996": {"Duration": "6/30/1996", "Total Revenue": "6,600", "Cost of Revenue": "-1,600", "Gross Profit": "8,200", "Operating Expense": "17,100", "Operating Income": "-8,900", "Net Non Operating Interest Income Expense": "-", "Other Income Expense": "3,100", "Pretax Income": "-", "Tax Provision": "-", "Net Income Common Stockholders": "-5,900", "Diluted NI Available to Com Stockholders": "-5,900", "Basic EPS": "-0.20", "Diluted EPS": "-0.20", "Basic Average Shares": "30,256", "Diluted Average Shares": "30,256", "Total Operating Income as Reported": "-8,900", "Total Expenses": "15,500", "Net Income from Continuing & Discontinued Operation": "-5,900", "Normalized Income": "-7,760", "Interest Income": "-", "Interest Expense": "-", "Net Interest Income": "-", "EBIT": "-8,900", "EBITDA": "-", "Reconciled Cost of Revenue": "-1,600", "Reconciled Depreciation": "1,600", "Net Income from Continuing Operation Net Minority Interest": "-5,900", "Total Unusual Items Excluding Goodwill": "3,100", "Total Unusual Items": "3,100", "Normalized EBITDA": "-10,400", "Tax Rate for Calcs": "0", "Tax Effect of Unusual Items": "1,240"}}, "bs": {"6/30/2020": {"Duration": "6/30/2020", "Total Assets": "1,404,600", "Total Liabilities Net Minority Interest": "486,400", "Total Equity Gross Minority Interest": "918,200", "Total Capitalization": "1,142,600", "Common Stock Equity": "918,200", "Capital Lease Obligations": "70,400", "Net Tangible Assets": "-14,700", "Working Capital": "184,700", "Invested Capital": "1,142,600", "Tangible Book Value": "-14,700", "Total Debt": "294,800", "Net Debt": "60,700", "Share Issued": "74,700", "Ordinary Shares Number": "74,700"}, "6/30/2019": {"Duration": "6/30/2019", "Total Assets": "1,562,700", "Total Liabilities Net Minority Interest": "473,800", "Total Equity Gross Minority Interest": "1,088,900", "Total Capitalization": "1,322,400", "Common Stock Equity": "1,088,900", "Capital Lease Obligations": "-", "Net Tangible Assets": "-13,000", "Working Capital": "230,800", "Invested Capital": "1,322,400", "Tangible Book Value": "-13,000", "Total Debt": "233,500", "Net Debt": "140,300", "Share Issued": "73,500", "Ordinary Shares Number": "73,500"}, "6/30/2018": {"Duration": "6/30/2018", "Total Assets": "1,174,100", "Total Liabilities Net Minority Interest": "209,200", "Total Equity Gross Minority Interest": "964,900", "Total Capitalization": "974,200", "Common Stock Equity": "964,900", "Capital Lease Obligations": "-", "Net Tangible Assets": "191,100", "Working Capital": "224,200", "Invested Capital": "974,200", "Tangible Book Value": "191,100", "Total Debt": "9,300", "Net Debt": "-", "Share Issued": "70,600", "Ordinary Shares Number": "70,600"}, "6/30/2017": {"Duration": "6/30/2017", "Total Assets": "1,224,400", "Total Liabilities Net Minority Interest": "446,600", "Total Equity Gross Minority Interest": "777,800", "Total Capitalization": "877,300", "Common Stock Equity": "778,200", "Capital Lease Obligations": "-", "Net Tangible Assets": "-29,500", "Working Capital": "99,600", "Invested Capital": "877,300", "Tangible Book Value": "-29,500", "Total Debt": "99,100", "Net Debt": "-", "Share Issued": "68,400", "Ordinary Shares Number": "68,400"}, "6/30/2016": {"Duration": "6/30/2016", "Total Assets": "880,500", "Total Liabilities Net Minority Interest": "132,400", "Total Equity Gross Minority Interest": "748,100", "Total Capitalization": "748,100", "Common Stock Equity": "748,100", "Capital Lease Obligations": "-", "Net Tangible Assets": "325,300", "Working Capital": "242,200", "Invested Capital": "748,100", "Tangible Book Value": "325,300", "Total Debt": "-", "Net Debt": "-", "Share Issued": "69,100", "Ordinary Shares Number": "69,100"}, "6/30/2015": {"Duration": "6/30/2015", "Total Assets": "766,200", "Total Liabilities Net Minority Interest": "104,100", "Total Equity Gross Minority Interest": "662,100", "Total Capitalization": "662,100", "Common Stock Equity": "662,100", "Capital Lease Obligations": "-", "Net Tangible Assets": "292,300", "Working Capital": "214,900", "Invested Capital": "662,100", "Tangible Book Value": "292,300", "Total Debt": "-", "Net Debt": "-", "Share Issued": "68,900", "Ordinary Shares Number": "68,900"}, "6/30/2014": {"Duration": "6/30/2014", "Total Assets": "823,814", "Total Liabilities Net Minority Interest": "104,816", "Total Equity Gross Minority Interest": "718,998", "Total Capitalization": "718,998", "Common Stock Equity": "718,998", "Capital Lease Obligations": "-", "Net Tangible Assets": "344,505", "Working Capital": "241,845", "Invested Capital": "718,998", "Tangible Book Value": "344,505", "Total Debt": "-", "Net Debt": "-", "Share Issued": "73,497", "Ordinary Shares Number": "73,497"}, "6/30/2013": {"Duration": "6/30/2013", "Total Assets": "803,821", "Total Liabilities Net Minority Interest": "75,227", "Total Equity Gross Minority Interest": "728,594", "Total Capitalization": "728,594", "Common Stock Equity": "728,594", "Capital Lease Obligations": "-", "Net Tangible Assets": "658,414", "Working Capital": "419,483", "Invested Capital": "728,594", "Tangible Book Value": "658,414", "Total Debt": "-", "Net Debt": "-", "Share Issued": "80,577", "Ordinary Shares Number": "80,577"}, "6/30/2012": {"Duration": "6/30/2012", "Total Assets": "690,635", "Total Liabilities Net Minority Interest": "54,975", "Total Equity Gross Minority Interest": "635,660", "Total Capitalization": "635,660", "Common Stock Equity": "635,660", "Capital Lease Obligations": "-", "Net Tangible Assets": "563,088", "Working Capital": "377,525", "Invested Capital": "635,660", "Tangible Book Value": "563,088", "Total Debt": "-", "Net Debt": "-", "Share Issued": "82,569", "Ordinary Shares Number": "82,569"}, "6/30/2011": {"Duration": "6/30/2011", "Total Assets": "610,827", "Total Liabilities Net Minority Interest": "44,035", "Total Equity Gross Minority Interest": "566,792", "Total Capitalization": "566,792", "Common Stock Equity": "566,792", "Capital Lease Obligations": "-", "Net Tangible Assets": "494,026", "Working Capital": "383,874", "Invested Capital": "566,792", "Tangible Book Value": "494,026", "Total Debt": "-", "Net Debt": "-", "Share Issued": "86,244", "Ordinary Shares Number": "86,244"}, "6/30/2010": {"Duration": "6/30/2010", "Total Assets": "593,847", "Total Liabilities Net Minority Interest": "36,266", "Total Equity Gross Minority Interest": "557,581", "Total Capitalization": "557,581", "Common Stock Equity": "557,581", "Capital Lease Obligations": "-", "Net Tangible Assets": "557,581", "Working Capital": "446,510", "Invested Capital": "557,581", "Tangible Book Value": "557,581", "Total Debt": "-", "Net Debt": "-", "Share Issued": "94,046", "Ordinary Shares Number": "94,046"}, "6/30/2009": {"Duration": "6/30/2009", "Total Assets": "466,421", "Total Liabilities Net Minority Interest": "32,202", "Total Equity Gross Minority Interest": "434,219", "Total Capitalization": "434,219", "Common Stock Equity": "434,219", "Capital Lease Obligations": "-", "Net Tangible Assets": "434,219", "Working Capital": "333,951", "Invested Capital": "434,219", "Tangible Book Value": "434,219", "Total Debt": "-", "Net Debt": "-", "Share Issued": "95,896", "Ordinary Shares Number": "95,896"}, "6/30/2008": {"Duration": "6/30/2008", "Total Assets": "499,342", "Total Liabilities Net Minority Interest": "73,687", "Total Equity Gross Minority Interest": "425,655", "Total Capitalization": "425,655", "Common Stock Equity": "425,655", "Capital Lease Obligations": "-", "Net Tangible Assets": "425,655", "Working Capital": "303,616", "Invested Capital": "425,655", "Tangible Book Value": "425,655", "Total Debt": "-", "Net Debt": "-", "Share Issued": "89,488", "Ordinary Shares Number": "89,488"}, "6/30/2007": {"Duration": "6/30/2007", "Total Assets": "372,067", "Total Liabilities Net Minority Interest": "31,704", "Total Equity Gross Minority Interest": "340,363", "Total Capitalization": "340,363", "Common Stock Equity": "340,363", "Capital Lease Obligations": "-", "Net Tangible Assets": "340,363", "Working Capital": "311,558", "Invested Capital": "340,363", "Tangible Book Value": "340,363", "Total Debt": "-", "Net Debt": "-", "Share Issued": "87,109", "Ordinary Shares Number": "87,109"}, "6/30/2006": {"Duration": "6/30/2006", "Total Assets": "276,603", "Total Liabilities Net Minority Interest": "26,822", "Total Equity Gross Minority Interest": "249,781", "Total Capitalization": "249,781", "Common Stock Equity": "249,781", "Capital Lease Obligations": "-", "Net Tangible Assets": "249,781", "Working Capital": "225,465", "Invested Capital": "249,781", "Tangible Book Value": "249,781", "Total Debt": "-", "Net Debt": "-", "Share Issued": "79,366", "Ordinary Shares Number": "79,366"}, "6/30/2005": {"Duration": "6/30/2005", "Total Assets": "158,958", "Total Liabilities Net Minority Interest": "23,285", "Total Equity Gross Minority Interest": "135,673", "Total Capitalization": "135,673", "Common Stock Equity": "135,673", "Capital Lease Obligations": "-", "Net Tangible Assets": "135,673", "Working Capital": "112,270", "Invested Capital": "135,673", "Tangible Book Value": "135,673", "Total Debt": "-", "Net Debt": "-", "Share Issued": "61,724", "Ordinary Shares Number": "61,724"}, "6/30/2004": {"Duration": "6/30/2004", "Total Assets": "188,356", "Total Liabilities Net Minority Interest": "15,080", "Total Equity Gross Minority Interest": "173,276", "Total Capitalization": "173,276", "Common Stock Equity": "173,276", "Capital Lease Obligations": "-", "Net Tangible Assets": "173,276", "Working Capital": "122,113", "Invested Capital": "173,276", "Tangible Book Value": "173,276", "Total Debt": "-", "Net Debt": "-", "Share Issued": "61,246", "Ordinary Shares Number": "61,246"}, "6/30/2003": {"Duration": "6/30/2003", "Total Assets": "182,823", "Total Liabilities Net Minority Interest": "19,337", "Total Equity Gross Minority Interest": "163,486", "Total Capitalization": "163,486", "Common Stock Equity": "163,486", "Capital Lease Obligations": "-", "Net Tangible Assets": "163,486", "Working Capital": "83,486", "Invested Capital": "163,486", "Tangible Book Value": "163,486", "Total Debt": "-", "Net Debt": "-", "Share Issued": "54,158", "Ordinary Shares Number": "54,158"}, "6/30/2002": {"Duration": "6/30/2002", "Total Assets": "157,390", "Total Liabilities Net Minority Interest": "28,521", "Total Equity Gross Minority Interest": "128,870", "Total Capitalization": "128,870", "Common Stock Equity": "128,870", "Capital Lease Obligations": "-", "Net Tangible Assets": "128,870", "Working Capital": "56,834", "Invested Capital": "128,870", "Tangible Book Value": "128,870", "Total Debt": "-", "Net Debt": "-", "Share Issued": "47,670", "Ordinary Shares Number": "47,670"}, "6/30/2001": {"Duration": "6/30/2001", "Total Assets": "172,145", "Total Liabilities Net Minority Interest": "32,584", "Total Equity Gross Minority Interest": "139,562", "Total Capitalization": "139,562", "Common Stock Equity": "139,562", "Capital Lease Obligations": "-", "Net Tangible Assets": "139,562", "Working Capital": "104,615", "Invested Capital": "139,562", "Tangible Book Value": "139,562", "Total Debt": "-", "Net Debt": "-", "Share Issued": "46,883", "Ordinary Shares Number": "46,883"}, "6/30/2000": {"Duration": "6/30/2000", "Total Assets": "106,375", "Total Liabilities Net Minority Interest": "28,669", "Total Equity Gross Minority Interest": "77,707", "Total Capitalization": "77,707", "Common Stock Equity": "77,707", "Capital Lease Obligations": "-", "Net Tangible Assets": "77,707", "Working Capital": "57,263", "Invested Capital": "77,707", "Tangible Book Value": "77,707", "Total Debt": "-", "Net Debt": "-", "Share Issued": "43,733", "Ordinary Shares Number": "43,733"}, "6/30/1999": {"Duration": "6/30/1999", "Total Assets": "53,600", "Total Liabilities Net Minority Interest": "5,400", "Total Equity Gross Minority Interest": "48,200", "Total Capitalization": "48,200", "Common Stock Equity": "48,200", "Capital Lease Obligations": "-", "Net Tangible Assets": "48,200", "Working Capital": "8,400", "Invested Capital": "48,200", "Tangible Book Value": "48,200", "Total Debt": "-", "Net Debt": "-", "Share Issued": "37,716", "Ordinary Shares Number": "37,716"}, "6/30/1998": {"Duration": "6/30/1998", "Total Assets": "67,400", "Total Liabilities Net Minority Interest": "9,900", "Total Equity Gross Minority Interest": "57,500", "Total Capitalization": "57,500", "Common Stock Equity": "57,500", "Capital Lease Obligations": "-", "Net Tangible Assets": "57,500", "Working Capital": "21,800", "Invested Capital": "57,600", "Tangible Book Value": "57,500", "Total Debt": "100", "Net Debt": "-", "Share Issued": "37,352", "Ordinary Shares Number": "37,352"}, "6/30/1997": {"Duration": "6/30/1997", "Total Assets": "76,100", "Total Liabilities Net Minority Interest": "9,900", "Total Equity Gross Minority Interest": "66,200", "Total Capitalization": "66,300", "Common Stock Equity": "66,200", "Capital Lease Obligations": "-", "Net Tangible Assets": "66,200", "Working Capital": "38,800", "Invested Capital": "66,600", "Tangible Book Value": "66,200", "Total Debt": "400", "Net Debt": "-", "Share Issued": "36,892", "Ordinary Shares Number": "36,892"}, "6/30/1996": {"Duration": "6/30/1996", "Total Assets": "79,600", "Total Liabilities Net Minority Interest": "9,400", "Total Equity Gross Minority Interest": "70,200", "Total Capitalization": "70,700", "Common Stock Equity": "70,200", "Capital Lease Obligations": "-", "Net Tangible Assets": "70,200", "Working Capital": "41,600", "Invested Capital": "71,000", "Tangible Book Value": "70,200", "Total Debt": "800", "Net Debt": "-", "Share Issued": "34,808", "Ordinary Shares Number": "34,808"}}, "cf": {"TTM": {"Duration": "TTM", "Operating Cash Flow": "-26,200", "Investing Cash Flow": "61,300", "Financing Cash Flow": "-900", "End Cash Position": "116,900", "Income Tax Paid Supplemental Data": "-", "Interest Paid Supplemental Data": "-", "Capital Expenditure": "-13,600", "Issuance of Capital Stock": "-", "Issuance of Debt": "-", "Repayment of Debt": "0", "Repurchase of Capital Stock": "-", "Free Cash Flow": "-39,800"}, "6/30/2020": {"Duration": "6/30/2020", "Operating Cash Flow": "60,700", "Investing Cash Flow": "19,300", "Financing Cash Flow": "-10,000", "End Cash Position": "163,700", "Income Tax Paid Supplemental Data": "-", "Interest Paid Supplemental Data": "-", "Capital Expenditure": "-10,200", "Issuance of Capital Stock": "-", "Issuance of Debt": "0", "Repayment of Debt": "-8,600", "Repurchase of Capital Stock": "0", "Free Cash Flow": "50,500"}, "6/30/2019": {"Duration": "6/30/2019", "Operating Cash Flow": "83,700", "Investing Cash Flow": "-286,400", "Financing Cash Flow": "182,300", "End Cash Position": "93,200", "Income Tax Paid Supplemental Data": "-", "Interest Paid Supplemental Data": "-", "Capital Expenditure": "-8,600", "Issuance of Capital Stock": "-", "Issuance of Debt": "340,000", "Repayment of Debt": "-115,000", "Repurchase of Capital Stock": "-50,000", "Free Cash Flow": "75,100"}, "6/30/2018": {"Duration": "6/30/2018", "Operating Cash Flow": "115,900", "Investing Cash Flow": "-11,600", "Financing Cash Flow": "-95,000", "End Cash Position": "110,900", "Income Tax Paid Supplemental Data": "11,700", "Interest Paid Supplemental Data": "3,000", "Capital Expenditure": "-8,400", "Issuance of Capital Stock": "-", "Issuance of Debt": "53,000", "Repayment of Debt": "-143,000", "Repurchase of Capital Stock": "-", "Free Cash Flow": "107,500"}, "6/30/2017": {"Duration": "6/30/2017", "Operating Cash Flow": "106,200", "Investing Cash Flow": "-146,300", "Financing Cash Flow": "71,800", "End Cash Position": "102,400", "Income Tax Paid Supplemental Data": "12,300", "Interest Paid Supplemental Data": "-", "Capital Expenditure": "-6,100", "Issuance of Capital Stock": "-", "Issuance of Debt": "403,000", "Repayment of Debt": "-305,000", "Repurchase of Capital Stock": "-31,600", "Free Cash Flow": "100,100"}, "6/30/2016": {"Duration": "6/30/2016", "Operating Cash Flow": "166,300", "Investing Cash Flow": "-91,400", "Financing Cash Flow": "-68,300", "End Cash Position": "68,500", "Income Tax Paid Supplemental Data": "32,000", "Interest Paid Supplemental Data": "-", "Capital Expenditure": "-5,000", "Issuance of Capital Stock": "-", "Issuance of Debt": "-", "Repayment of Debt": "-", "Repurchase of Capital Stock": "-162,600", "Free Cash Flow": "161,300"}, "6/30/2015": {"Duration": "6/30/2015", "Operating Cash Flow": "140,500", "Investing Cash Flow": "40,900", "Financing Cash Flow": "-177,300", "End Cash Position": "64,100", "Income Tax Paid Supplemental Data": "39,100", "Interest Paid Supplemental Data": "-", "Capital Expenditure": "-23,900", "Issuance of Capital Stock": "-", "Issuance of Debt": "-", "Repayment of Debt": "-", "Repurchase of Capital Stock": "-210,700", "Free Cash Flow": "116,600"}, "6/30/2014": {"Duration": "6/30/2014", "Operating Cash Flow": "190,213", "Investing Cash Flow": "-17,667", "Financing Cash Flow": "-211,798", "End Cash Position": "64,821", "Income Tax Paid Supplemental Data": "108,207", "Interest Paid Supplemental Data": "-", "Capital Expenditure": "-14,271", "Issuance of Capital Stock": "-", "Issuance of Debt": "-", "Repayment of Debt": "-", "Repurchase of Capital Stock": "-287,703", "Free Cash Flow": "175,942"}, "6/30/2013": {"Duration": "6/30/2013", "Operating Cash Flow": "173,866", "Investing Cash Flow": "-75,590", "Financing Cash Flow": "-80,555", "End Cash Position": "104,073", "Income Tax Paid Supplemental Data": "80,317", "Interest Paid Supplemental Data": "-", "Capital Expenditure": "-11,373", "Issuance of Capital Stock": "-", "Issuance of Debt": "-", "Repayment of Debt": "-", "Repurchase of Capital Stock": "-146,268", "Free Cash Flow": "162,493"}, "6/30/2012": {"Duration": "6/30/2012", "Operating Cash Flow": "141,846", "Investing Cash Flow": "-38,888", "Financing Cash Flow": "-69,245", "End Cash Position": "86,352", "Income Tax Paid Supplemental Data": "33,382", "Interest Paid Supplemental Data": "-", "Capital Expenditure": "-10,158", "Issuance of Capital Stock": "-", "Issuance of Debt": "-", "Repayment of Debt": "-", "Repurchase of Capital Stock": "-128,467", "Free Cash Flow": "131,688"}, "6/30/2011": {"Duration": "6/30/2011", "Operating Cash Flow": "130,759", "Investing Cash Flow": "-54,390", "Financing Cash Flow": "-116,599", "End Cash Position": "52,681", "Income Tax Paid Supplemental Data": "9,091", "Interest Paid Supplemental Data": "-", "Capital Expenditure": "-5,792", "Issuance of Capital Stock": "25,060", "Issuance of Debt": "-", "Repayment of Debt": "-", "Repurchase of Capital Stock": "-200,490", "Free Cash Flow": "124,967"}, "6/30/2010": {"Duration": "6/30/2010", "Operating Cash Flow": "155,086", "Investing Cash Flow": "-76,668", "Financing Cash Flow": "-49,088", "End Cash Position": "92,840", "Income Tax Paid Supplemental Data": "3,697", "Interest Paid Supplemental Data": "-", "Capital Expenditure": "-", "Issuance of Capital Stock": "22,305", "Issuance of Debt": "-", "Repayment of Debt": "-", "Repurchase of Capital Stock": "-71,393", "Free Cash Flow": "155,086"}, "6/30/2009": {"Duration": "6/30/2009", "Operating Cash Flow": "84,042", "Investing Cash Flow": "-206,342", "Financing Cash Flow": "-51,924", "End Cash Position": "63,510", "Income Tax Paid Supplemental Data": "801", "Interest Paid Supplemental Data": "-", "Capital Expenditure": "-7,525", "Issuance of Capital Stock": "84,209", "Issuance of Debt": "-", "Repayment of Debt": "-", "Repurchase of Capital Stock": "-", "Free Cash Flow": "76,517"}, "6/30/2008": {"Duration": "6/30/2008", "Operating Cash Flow": "103,736", "Investing Cash Flow": "-31,305", "Financing Cash Flow": "21,871", "End Cash Position": "237,734", "Income Tax Paid Supplemental Data": "-", "Interest Paid Supplemental Data": "-", "Capital Expenditure": "-13,675", "Issuance of Capital Stock": "21,871", "Issuance of Debt": "-", "Repayment of Debt": "-", "Repurchase of Capital Stock": "-", "Free Cash Flow": "90,061"}, "6/30/2007": {"Duration": "6/30/2007", "Operating Cash Flow": "-25,851", "Investing Cash Flow": "-46,741", "Financing Cash Flow": "117,451", "End Cash Position": "143,432", "Income Tax Paid Supplemental Data": "-", "Interest Paid Supplemental Data": "-", "Capital Expenditure": "-11,400", "Issuance of Capital Stock": "117,451", "Issuance of Debt": "-", "Repayment of Debt": "-", "Repurchase of Capital Stock": "-", "Free Cash Flow": "-37,251"}, "6/30/2006": {"Duration": "6/30/2006", "Operating Cash Flow": "-28,027", "Investing Cash Flow": "-72,829", "Financing Cash Flow": "149,920", "End Cash Position": "98,573", "Income Tax Paid Supplemental Data": "-", "Interest Paid Supplemental Data": "-", "Capital Expenditure": "-7,680", "Issuance of Capital Stock": "149,920", "Issuance of Debt": "-", "Repayment of Debt": "-", "Repurchase of Capital Stock": "-", "Free Cash Flow": "-35,707"}, "6/30/2005": {"Duration": "6/30/2005", "Operating Cash Flow": "-23,304", "Investing Cash Flow": "19,517", "Financing Cash Flow": "2,466", "End Cash Position": "49,509", "Income Tax Paid Supplemental Data": "-", "Interest Paid Supplemental Data": "-", "Capital Expenditure": "-6,736", "Issuance of Capital Stock": "2,466", "Issuance of Debt": "-", "Repayment of Debt": "-", "Repurchase of Capital Stock": "-", "Free Cash Flow": "-30,040"}, "6/30/2004": {"Duration": "6/30/2004", "Operating Cash Flow": "-30,880", "Investing Cash Flow": "1,927", "Financing Cash Flow": "51,333", "End Cash Position": "83,983", "Income Tax Paid Supplemental Data": "-", "Interest Paid Supplemental Data": "-", "Capital Expenditure": "-3,883", "Issuance of Capital Stock": "51,333", "Issuance of Debt": "-", "Repayment of Debt": "-", "Repurchase of Capital Stock": "-", "Free Cash Flow": "-34,763"}, "6/30/2003": {"Duration": "6/30/2003", "Operating Cash Flow": "-46,540", "Investing Cash Flow": "-11,963", "Financing Cash Flow": "59,039", "End Cash Position": "61,603", "Income Tax Paid Supplemental Data": "-", "Interest Paid Supplemental Data": "-", "Capital Expenditure": "-8,036", "Issuance of Capital Stock": "59,039", "Issuance of Debt": "-", "Repayment of Debt": "-", "Repurchase of Capital Stock": "-", "Free Cash Flow": "-54,576"}, "6/30/2002": {"Duration": "6/30/2002", "Operating Cash Flow": "-16,312", "Investing Cash Flow": "38,089", "Financing Cash Flow": "3,353", "End Cash Position": "61,067", "Income Tax Paid Supplemental Data": "-", "Interest Paid Supplemental Data": "-", "Capital Expenditure": "-6,853", "Issuance of Capital Stock": "3,353", "Issuance of Debt": "-", "Repayment of Debt": "-", "Repurchase of Capital Stock": "-", "Free Cash Flow": "-23,165"}, "6/30/2001": {"Duration": "6/30/2001", "Operating Cash Flow": "-3,775", "Investing Cash Flow": "-85,083", "Financing Cash Flow": "68,581", "End Cash Position": "35,937", "Income Tax Paid Supplemental Data": "-", "Interest Paid Supplemental Data": "-", "Capital Expenditure": "-5,255", "Issuance of Capital Stock": "68,581", "Issuance of Debt": "-", "Repayment of Debt": "-", "Repurchase of Capital Stock": "-", "Free Cash Flow": "-9,031"}, "6/30/2000": {"Duration": "6/30/2000", "Operating Cash Flow": "17,164", "Investing Cash Flow": "-4,336", "Financing Cash Flow": "37,982", "End Cash Position": "56,215", "Income Tax Paid Supplemental Data": "-", "Interest Paid Supplemental Data": "-", "Capital Expenditure": "-4,617", "Issuance of Capital Stock": "37,982", "Issuance of Debt": "-", "Repayment of Debt": "-", "Repurchase of Capital Stock": "-", "Free Cash Flow": "12,546"}, "6/30/1999": {"Duration": "6/30/1999", "Operating Cash Flow": "-14,100", "Investing Cash Flow": "4,500", "Financing Cash Flow": "400", "End Cash Position": "5,400", "Income Tax Paid Supplemental Data": "-", "Interest Paid Supplemental Data": "-", "Capital Expenditure": "-4,000", "Issuance of Capital Stock": "600", "Issuance of Debt": "-", "Repayment of Debt": "-", "Repurchase of Capital Stock": "-", "Free Cash Flow": "-18,100"}, "6/30/1998": {"Duration": "6/30/1998", "Operating Cash Flow": "-7,000", "Investing Cash Flow": "-2,700", "Financing Cash Flow": "200", "End Cash Position": "0", "Income Tax Paid Supplemental Data": "-", "Interest Paid Supplemental Data": "-", "Capital Expenditure": "-3,200", "Issuance of Capital Stock": "600", "Issuance of Debt": "-", "Repayment of Debt": "-", "Repurchase of Capital Stock": "-", "Free Cash Flow": "-10,200"}, "6/30/1997": {"Duration": "6/30/1997", "Operating Cash Flow": "-6,600", "Investing Cash Flow": "4,700", "Financing Cash Flow": "4,300", "End Cash Position": "0", "Income Tax Paid Supplemental Data": "-", "Interest Paid Supplemental Data": "-", "Capital Expenditure": "-4,700", "Issuance of Capital Stock": "4,600", "Issuance of Debt": "-", "Repayment of Debt": "-", "Repurchase of Capital Stock": "-", "Free Cash Flow": "-11,300"}, "6/30/1996": {"Duration": "6/30/1996", "Operating Cash Flow": "1,400", "Investing Cash Flow": "-59,000", "Financing Cash Flow": "58,900", "End Cash Position": "0", "Income Tax Paid Supplemental Data": "-", "Interest Paid Supplemental Data": "-", "Capital Expenditure": "-6,400", "Issuance of Capital Stock": "59,200", "Issuance of Debt": "-", "Repayment of Debt": "-", "Repurchase of Capital Stock": "-", "Free Cash Flow": "-5,000"}}, "ks": {"Current": {"Duration": "Current", "Market Cap (intraday) 5": "2.11B", "Enterprise Value 3": "2.15B", "Trailing P/E ": "N/A", "Forward P/E 1": "N/A", "PEG Ratio (5 yr expected) 1": "1.40", "Price/Sales (ttm)": "3.67", "Price/Book (mrq)": "2.41", "Enterprise Value/Revenue 3": "3.86", "Enterprise Value/EBITDA 7": "-10.41"}, "3/31/2021": {"Duration": "3/31/2021", "Market Cap (intraday) 5": "2.34B", "Enterprise Value 3": "2.47B", "Trailing P/E ": "N/A", "Forward P/E 1": "67.57", "PEG Ratio (5 yr expected) 1": "N/A", "Price/Sales (ttm)": "4.09", "Price/Book (mrq)": "2.65", "Enterprise Value/Revenue 3": "14.29", "Enterprise Value/EBITDA 7": "-87.72"}, "12/31/2020": {"Duration": "12/31/2020", "Market Cap (intraday) 5": "1.49B", "Enterprise Value 3": "1.62B", "Trailing P/E ": "N/A", "Forward P/E 1": "400.00", "PEG Ratio (5 yr expected) 1": "N/A", "Price/Sales (ttm)": "2.47", "Price/Book (mrq)": "1.64", "Enterprise Value/Revenue 3": "10.49", "Enterprise Value/EBITDA 7": "-30.73"}, "9/30/2020": {"Duration": "9/30/2020", "Market Cap (intraday) 5": "980.61M", "Enterprise Value 3": "1.06B", "Trailing P/E ": "N/A", "Forward P/E 1": "16.31", "PEG Ratio (5 yr expected) 1": "N/A", "Price/Sales (ttm)": "1.52", "Price/Book (mrq)": "1.07", "Enterprise Value/Revenue 3": "7.28", "Enterprise Value/EBITDA 7": "-45.78"}, "6/30/2020": {"Duration": "6/30/2020", "Market Cap (intraday) 5": "847.10M", "Enterprise Value 3": "959.60M", "Trailing P/E ": "N/A", "Forward P/E 1": "11.57", "PEG Ratio (5 yr expected) 1": "1.28", "Price/Sales (ttm)": "1.11", "Price/Book (mrq)": "0.88", "Enterprise Value/Revenue 3": "10.30", "Enterprise Value/EBITDA 7": "-25.45"}, "3/31/2020": {"Duration": "3/31/2020", "Market Cap (intraday) 5": "1.07B", "Enterprise Value 3": "1.22B", "Trailing P/E ": "N/A", "Forward P/E 1": "15.06", "PEG Ratio (5 yr expected) 1": "1.60", "Price/Sales (ttm)": "1.31", "Price/Book (mrq)": "0.99", "Enterprise Value/Revenue 3": "7.45", "Enterprise Value/EBITDA 7": "-11.01"}, "12/31/2019": {"Duration": "12/31/2019", "Market Cap (intraday) 5": "2.03B", "Enterprise Value 3": "2.19B", "Trailing P/E ": "N/A", "Forward P/E 1": "23.09", "PEG Ratio (5 yr expected) 1": "1.80", "Price/Sales (ttm)": "2.48", "Price/Book (mrq)": "1.89", "Enterprise Value/Revenue 3": "11.21", "Enterprise Value/EBITDA 7": "235.12"}, "9/30/2019": {"Duration": "9/30/2019", "Market Cap (intraday) 5": "2.13B", "Enterprise Value 3": "2.23B", "Trailing P/E ": "477.17", "Forward P/E 1": "15.31", "PEG Ratio (5 yr expected) 1": "0.71", "Price/Sales (ttm)": "2.56", "Price/Book (mrq)": "1.96", "Enterprise Value/Revenue 3": "11.95", "Enterprise Value/EBITDA 7": "-1.86k"}, "6/30/2019": {"Duration": "6/30/2019", "Market Cap (intraday) 5": "2.04B", "Enterprise Value 3": "2.15B", "Trailing P/E ": "99.21", "Forward P/E 1": "16.34", "PEG Ratio (5 yr expected) 1": "0.91", "Price/Sales (ttm)": "2.44", "Price/Book (mrq)": "1.89", "Enterprise Value/Revenue 3": "9.99", "Enterprise Value/EBITDA 7": "154.82"}, "3/31/2019": {"Duration": "3/31/2019", "Market Cap (intraday) 5": "2.43B", "Enterprise Value 3": "2.54B", "Trailing P/E ": "110.67", "Forward P/E 1": "19.53", "PEG Ratio (5 yr expected) 1": "1.08", "Price/Sales (ttm)": "3.01", "Price/Book (mrq)": "2.29", "Enterprise Value/Revenue 3": "11.73", "Enterprise Value/EBITDA 7": "102.44"}, "12/31/2018": {"Duration": "12/31/2018", "Market Cap (intraday) 5": "2.13B", "Enterprise Value 3": "2.22B", "Trailing P/E ": "42.13", "Forward P/E 1": "15.97", "PEG Ratio (5 yr expected) 1": "0.98", "Price/Sales (ttm)": "2.65", "Price/Book (mrq)": "1.93", "Enterprise Value/Revenue 3": "10.23", "Enterprise Value/EBITDA 7": "88.74"}, "9/30/2018": {"Duration": "9/30/2018", "Market Cap (intraday) 5": "3.41B", "Enterprise Value 3": "3.24B", "Trailing P/E ": "25.27", "Forward P/E 1": "26.45", "PEG Ratio (5 yr expected) 1": "1.49", "Price/Sales (ttm)": "4.29", "Price/Book (mrq)": "3.56", "Enterprise Value/Revenue 3": "16.01", "Enterprise Value/EBITDA 7": "152.04"}, "6/30/2018": {"Duration": "6/30/2018", "Market Cap (intraday) 5": "2.61B", "Enterprise Value 3": "2.52B", "Trailing P/E ": "19.36", "Forward P/E 1": "27.70", "PEG Ratio (5 yr expected) 1": "1.65", "Price/Sales (ttm)": "3.42", "Price/Book (mrq)": "2.78", "Enterprise Value/Revenue 3": "12.95", "Enterprise Value/EBITDA 7": "95.99"}, "3/31/2018": {"Duration": "3/31/2018", "Market Cap (intraday) 5": "2.06B", "Enterprise Value 3": "1.96B", "Trailing P/E ": "16.06", "Forward P/E 1": "22.37", "PEG Ratio (5 yr expected) 1": "1.47", "Price/Sales (ttm)": "2.64", "Price/Book (mrq)": "2.26", "Enterprise Value/Revenue 3": "10.15", "Enterprise Value/EBITDA 7": "65.46"}, "12/31/2017": {"Duration": "12/31/2017", "Market Cap (intraday) 5": "2.38B", "Enterprise Value 3": "2.30B", "Trailing P/E ": "23.05", "Forward P/E 1": "32.36", "PEG Ratio (5 yr expected) 1": "3.93", "Price/Sales (ttm)": "3.03", "Price/Book (mrq)": "2.74", "Enterprise Value/Revenue 3": "11.88", "Enterprise Value/EBITDA 7": "131.66"}, "9/30/2017": {"Duration": "9/30/2017", "Market Cap (intraday) 5": "2.48B", "Enterprise Value 3": "2.43B", "Trailing P/E ": "113.06", "Forward P/E 1": "34.60", "PEG Ratio (5 yr expected) 1": "4.22", "Price/Sales (ttm)": "3.23", "Price/Book (mrq)": "3.22", "Enterprise Value/Revenue 3": "12.79", "Enterprise Value/EBITDA 7": "24.16"}, "6/30/2017": {"Duration": "6/30/2017", "Market Cap (intraday) 5": "1.77B", "Enterprise Value 3": "1.76B", "Trailing P/E ": "57.42", "Forward P/E 1": "23.26", "PEG Ratio (5 yr expected) 1": "28.92", "Price/Sales (ttm)": "2.38", "Price/Book (mrq)": "2.36", "Enterprise Value/Revenue 3": "8.79", "Enterprise Value/EBITDA 7": "52.93"}, "3/31/2017": {"Duration": "3/31/2017", "Market Cap (intraday) 5": "1.31B", "Enterprise Value 3": "1.35B", "Trailing P/E ": "22.33", "Forward P/E 1": "17.45", "PEG Ratio (5 yr expected) 1": "N/A", "Price/Sales (ttm)": "1.82", "Price/Book (mrq)": "1.78", "Enterprise Value/Revenue 3": "6.85", "Enterprise Value/EBITDA 7": "60.22"}, "12/31/2016": {"Duration": "12/31/2016", "Market Cap (intraday) 5": "1.14B", "Enterprise Value 3": "1.19B", "Trailing P/E ": "13.13", "Forward P/E 1": "16.34", "PEG Ratio (5 yr expected) 1": "N/A", "Price/Sales (ttm)": "1.62", "Price/Book (mrq)": "1.54", "Enterprise Value/Revenue 3": "6.06", "Enterprise Value/EBITDA 7": "43.16"}, "9/30/2016": {"Duration": "9/30/2016", "Market Cap (intraday) 5": "1.41B", "Enterprise Value 3": "1.25B", "Trailing P/E ": "12.04", "Forward P/E 1": "18.62", "PEG Ratio (5 yr expected) 1": "13.21", "Price/Sales (ttm)": "2.00", "Price/Book (mrq)": "1.88", "Enterprise Value/Revenue 3": "7.03", "Enterprise Value/EBITDA 7": "81.08"}, "6/30/2016": {"Duration": "6/30/2016", "Market Cap (intraday) 5": "2.11B", "Enterprise Value 3": "1.90B", "Trailing P/E ": "20.68", "Forward P/E 1": "16.42", "PEG Ratio (5 yr expected) 1": "1.10", "Price/Sales (ttm)": "2.95", "Price/Book (mrq)": "2.75", "Enterprise Value/Revenue 3": "10.18", "Enterprise Value/EBITDA 7": "44.86"}, "3/31/2016": {"Duration": "3/31/2016", "Market Cap (intraday) 5": "2.64B", "Enterprise Value 3": "2.42B", "Trailing P/E ": "28.14", "Forward P/E 1": "19.65", "PEG Ratio (5 yr expected) 1": "1.09", "Price/Sales (ttm)": "3.67", "Price/Book (mrq)": "3.42", "Enterprise Value/Revenue 3": "12.68", "Enterprise Value/EBITDA 7": "49.20"}, "12/31/2015": {"Duration": "12/31/2015", "Market Cap (intraday) 5": "3.09B", "Enterprise Value 3": "2.93B", "Trailing P/E ": "34.81", "Forward P/E 1": "25.64", "PEG Ratio (5 yr expected) 1": "1.48", "Price/Sales (ttm)": "4.30", "Price/Book (mrq)": "4.50", "Enterprise Value/Revenue 3": "15.18", "Enterprise Value/EBITDA 7": "56.55"}, "9/30/2015": {"Duration": "9/30/2015", "Market Cap (intraday) 5": "2.60B", "Enterprise Value 3": "2.46B", "Trailing P/E ": "34.70", "Forward P/E 1": "20.53", "PEG Ratio (5 yr expected) 1": "2.21", "Price/Sales (ttm)": "3.86", "Price/Book (mrq)": "3.93", "Enterprise Value/Revenue 3": "13.39", "Enterprise Value/EBITDA 7": "49.03"}, "6/30/2015": {"Duration": "6/30/2015", "Market Cap (intraday) 5": "2.34B", "Enterprise Value 3": "2.21B", "Trailing P/E ": "27.19", "Forward P/E 1": "18.32", "PEG Ratio (5 yr expected) 1": "1.86", "Price/Sales (ttm)": "3.57", "Price/Book (mrq)": "3.50", "Enterprise Value/Revenue 3": "11.63", "Enterprise Value/EBITDA 7": "51.57"}, "3/31/2015": {"Duration": "3/31/2015", "Market Cap (intraday) 5": "2.48B", "Enterprise Value 3": "2.31B", "Trailing P/E ": "24.41", "Forward P/E 1": "18.18", "PEG Ratio (5 yr expected) 1": "1.66", "Price/Sales (ttm)": "3.73", "Price/Book (mrq)": "3.57", "Enterprise Value/Revenue 3": "12.85", "Enterprise Value/EBITDA 7": "54.91"}, "12/31/2014": {"Duration": "12/31/2014", "Market Cap (intraday) 5": "2.44B", "Enterprise Value 3": "2.28B", "Trailing P/E ": "19.13", "Forward P/E 1": "18.87", "PEG Ratio (5 yr expected) 1": "1.72", "Price/Sales (ttm)": "3.51", "Price/Book (mrq)": "3.42", "Enterprise Value/Revenue 3": "12.34", "Enterprise Value/EBITDA 7": "53.71"}, "9/30/2014": {"Duration": "9/30/2014", "Market Cap (intraday) 5": "2.82B", "Enterprise Value 3": "2.63B", "Trailing P/E ": "17.14", "Forward P/E 1": "19.57", "PEG Ratio (5 yr expected) 1": "1.79", "Price/Sales (ttm)": "3.87", "Price/Book (mrq)": "3.92", "Enterprise Value/Revenue 3": "15.57", "Enterprise Value/EBITDA 7": "82.47"}, "6/30/2014": {"Duration": "6/30/2014", "Market Cap (intraday) 5": "2.86B", "Enterprise Value 3": "2.65B", "Trailing P/E ": "16.49", "Forward P/E 1": "15.13", "PEG Ratio (5 yr expected) 1": "1.16", "Price/Sales (ttm)": "4.05", "Price/Book (mrq)": "3.96", "Enterprise Value/Revenue 3": "14.03", "Enterprise Value/EBITDA 7": "45.05"}, "3/31/2014": {"Duration": "3/31/2014", "Market Cap (intraday) 5": "2.55B", "Enterprise Value 3": "2.19B", "Trailing P/E ": "14.74", "Forward P/E 1": "14.73", "PEG Ratio (5 yr expected) 1": "1.38", "Price/Sales (ttm)": "3.75", "Price/Book (mrq)": "3.77", "Enterprise Value/Revenue 3": "11.99", "Enterprise Value/EBITDA 7": "37.33"}, "12/31/2013": {"Duration": "12/31/2013", "Market Cap (intraday) 5": "1.55B", "Enterprise Value 3": "1.19B", "Trailing P/E ": "10.04", "Forward P/E 1": "9.85", "PEG Ratio (5 yr expected) 1": "0.89", "Price/Sales (ttm)": "2.55", "Price/Book (mrq)": "2.25", "Enterprise Value/Revenue 3": "5.86", "Enterprise Value/EBITDA 7": "13.99"}, "9/30/2013": {"Duration": "9/30/2013", "Market Cap (intraday) 5": "1.81B", "Enterprise Value 3": "1.43B", "Trailing P/E ": "13.28", "Forward P/E 1": "11.32", "PEG Ratio (5 yr expected) 1": "1.02", "Price/Sales (ttm)": "3.19", "Price/Book (mrq)": "2.48", "Enterprise Value/Revenue 3": "7.08", "Enterprise Value/EBITDA 7": "16.80"}, "6/30/2013": {"Duration": "6/30/2013", "Market Cap (intraday) 5": "2.14B", "Enterprise Value 3": "1.80B", "Trailing P/E ": "17.11", "Forward P/E 1": "14.35", "PEG Ratio (5 yr expected) 1": "0.97", "Price/Sales (ttm)": "3.96", "Price/Book (mrq)": "3.26", "Enterprise Value/Revenue 3": "10.36", "Enterprise Value/EBITDA 7": "26.47"}, "3/31/2013": {"Duration": "3/31/2013", "Market Cap (intraday) 5": "2.05B", "Enterprise Value 3": "1.69B", "Trailing P/E ": "17.40", "Forward P/E 1": "14.10", "PEG Ratio (5 yr expected) 1": "0.99", "Price/Sales (ttm)": "3.97", "Price/Book (mrq)": "3.06", "Enterprise Value/Revenue 3": "10.79", "Enterprise Value/EBITDA 7": "28.10"}, "12/31/2012": {"Duration": "12/31/2012", "Market Cap (intraday) 5": "2.22B", "Enterprise Value 3": "1.86B", "Trailing P/E ": "18.66", "Forward P/E 1": "14.10", "PEG Ratio (5 yr expected) 1": "0.75", "Price/Sales (ttm)": "4.26", "Price/Book (mrq)": "3.35", "Enterprise Value/Revenue 3": "12.45", "Enterprise Value/EBITDA 7": "32.11"}, "9/30/2012": {"Duration": "9/30/2012", "Market Cap (intraday) 5": "2.18B", "Enterprise Value 3": "1.84B", "Trailing P/E ": "20.73", "Forward P/E 1": "14.14", "PEG Ratio (5 yr expected) 1": "0.68", "Price/Sales (ttm)": "4.70", "Price/Book (mrq)": "3.45", "Enterprise Value/Revenue 3": "13.80", "Enterprise Value/EBITDA 7": "36.26"}, "6/30/2012": {"Duration": "6/30/2012", "Market Cap (intraday) 5": "2.02B", "Enterprise Value 3": "1.68B", "Trailing P/E ": "18.87", "Forward P/E 1": "15.50", "PEG Ratio (5 yr expected) 1": "0.73", "Price/Sales (ttm)": "4.39", "Price/Book (mrq)": "3.01", "Enterprise Value/Revenue 3": "12.63", "Enterprise Value/EBITDA 7": "33.86"}, "3/31/2012": {"Duration": "3/31/2012", "Market Cap (intraday) 5": "1.99B", "Enterprise Value 3": "1.64B", "Trailing P/E ": "19.39", "Forward P/E 1": "16.16", "PEG Ratio (5 yr expected) 1": "1.48", "Price/Sales (ttm)": "4.69", "Price/Book (mrq)": "3.24", "Enterprise Value/Revenue 3": "12.66", "Enterprise Value/EBITDA 7": "33.96"}, "12/31/2011": {"Duration": "12/31/2011", "Market Cap (intraday) 5": "1.77B", "Enterprise Value 3": "1.42B", "Trailing P/E ": "18.21", "Forward P/E 1": "14.64", "PEG Ratio (5 yr expected) 1": "1.37", "Price/Sales (ttm)": "4.47", "Price/Book (mrq)": "3.05", "Enterprise Value/Revenue 3": "11.60", "Enterprise Value/EBITDA 7": "29.83"}, "9/30/2011": {"Duration": "9/30/2011", "Market Cap (intraday) 5": "1.59B", "Enterprise Value 3": "1.24B", "Trailing P/E ": "16.30", "Forward P/E 1": "13.53", "PEG Ratio (5 yr expected) 1": "1.21", "Price/Sales (ttm)": "4.00", "Price/Book (mrq)": "2.74", "Enterprise Value/Revenue 3": "11.19", "Enterprise Value/EBITDA 7": "28.35"}, "6/30/2011": {"Duration": "6/30/2011", "Market Cap (intraday) 5": "1.96B", "Enterprise Value 3": "1.61B", "Trailing P/E ": "20.65", "Forward P/E 1": "18.18", "PEG Ratio (5 yr expected) 1": "1.30", "Price/Sales (ttm)": "5.18", "Price/Book (mrq)": "3.46", "Enterprise Value/Revenue 3": "15.01", "Enterprise Value/EBITDA 7": "36.93"}, "3/31/2011": {"Duration": "3/31/2011", "Market Cap (intraday) 5": "1.73B", "Enterprise Value 3": "1.37B", "Trailing P/E ": "15.04", "Forward P/E 1": "17.24", "PEG Ratio (5 yr expected) 1": "1.41", "Price/Sales (ttm)": "4.88", "Price/Book (mrq)": "3.29", "Enterprise Value/Revenue 3": "13.34", "Enterprise Value/EBITDA 7": "31.31"}, "12/31/2010": {"Duration": "12/31/2010", "Market Cap (intraday) 5": "2.06B", "Enterprise Value 3": "1.67B", "Trailing P/E ": "16.55", "Forward P/E 1": "19.92", "PEG Ratio (5 yr expected) 1": "1.62", "Price/Sales (ttm)": "5.85", "Price/Book (mrq)": "3.67", "Enterprise Value/Revenue 3": "16.60", "Enterprise Value/EBITDA 7": "41.30"}, "9/30/2010": {"Duration": "9/30/2010", "Market Cap (intraday) 5": "1.52B", "Enterprise Value 3": "1.09B", "Trailing P/E ": "11.16", "Forward P/E 1": "N/A", "PEG Ratio (5 yr expected) 1": "N/A", "Price/Sales (ttm)": "4.35", "Price/Book (mrq)": "2.65", "Enterprise Value/Revenue 3": "11.84", "Enterprise Value/EBITDA 7": "29.11"}, "6/30/2010": {"Duration": "6/30/2010", "Market Cap (intraday) 5": "1.41B", "Enterprise Value 3": "1.00B", "Trailing P/E ": "9.71", "Forward P/E 1": "N/A", "PEG Ratio (5 yr expected) 1": "N/A", "Price/Sales (ttm)": "4.09", "Price/Book (mrq)": "2.52", "Enterprise Value/Revenue 3": "10.68", "Enterprise Value/EBITDA 7": "25.45"}, "3/31/2010": {"Duration": "3/31/2010", "Market Cap (intraday) 5": "2.35B", "Enterprise Value 3": "1.95B", "Trailing P/E ": "17.55", "Forward P/E 1": "N/A", "PEG Ratio (5 yr expected) 1": "N/A", "Price/Sales (ttm)": "6.76", "Price/Book (mrq)": "4.14", "Enterprise Value/Revenue 3": "21.47", "Enterprise Value/EBITDA 7": "55.70"}, "12/31/2009": {"Duration": "12/31/2009", "Market Cap (intraday) 5": "2.51B", "Enterprise Value 3": "2.17B", "Trailing P/E ": "18.50", "Forward P/E 1": "N/A", "PEG Ratio (5 yr expected) 1": "N/A", "Price/Sales (ttm)": "7.42", "Price/Book (mrq)": "4.86", "Enterprise Value/Revenue 3": "23.38", "Enterprise Value/EBITDA 7": "59.82"}, "9/30/2009": {"Duration": "9/30/2009", "Market Cap (intraday) 5": "2.64B", "Enterprise Value 3": "2.28B", "Trailing P/E ": "17.80", "Forward P/E 1": "N/A", "PEG Ratio (5 yr expected) 1": "N/A", "Price/Sales (ttm)": "8.05", "Price/Book (mrq)": "5.57", "Enterprise Value/Revenue 3": "26.77", "Enterprise Value/EBITDA 7": "72.35"}, "6/30/2009": {"Duration": "6/30/2009", "Market Cap (intraday) 5": "3.42B", "Enterprise Value 3": "3.10B", "Trailing P/E ": "25.83", "Forward P/E 1": "N/A", "PEG Ratio (5 yr expected) 1": "N/A", "Price/Sales (ttm)": "10.76", "Price/Book (mrq)": "7.87", "Enterprise Value/Revenue 3": "38.29", "Enterprise Value/EBITDA 7": "41.08"}, "3/31/2009": {"Duration": "3/31/2009", "Market Cap (intraday) 5": "4.26B", "Enterprise Value 3": "3.85B", "Trailing P/E ": "34.19", "Forward P/E 1": "N/A", "PEG Ratio (5 yr expected) 1": "N/A", "Price/Sales (ttm)": "11.12", "Price/Book (mrq)": "7.29", "Enterprise Value/Revenue 3": "44.06", "Enterprise Value/EBITDA 7": "155.93"}, "12/31/2008": {"Duration": "12/31/2008", "Market Cap (intraday) 5": "3.08B", "Enterprise Value 3": "2.75B", "Trailing P/E ": "32.32", "Forward P/E 1": "N/A", "PEG Ratio (5 yr expected) 1": "N/A", "Price/Sales (ttm)": "8.41", "Price/Book (mrq)": "5.93", "Enterprise Value/Revenue 3": "32.58", "Enterprise Value/EBITDA 7": "136.69"}, "9/30/2008": {"Duration": "9/30/2008", "Market Cap (intraday) 5": "3.01B", "Enterprise Value 3": "2.70B", "Trailing P/E ": "43.25", "Forward P/E 1": "N/A", "PEG Ratio (5 yr expected) 1": "N/A", "Price/Sales (ttm)": "8.65", "Price/Book (mrq)": "6.32", "Enterprise Value/Revenue 3": "36.73", "Enterprise Value/EBITDA 7": "173.75"}, "6/30/2008": {"Duration": "6/30/2008", "Market Cap (intraday) 5": "2.04B", "Enterprise Value 3": "1.71B", "Trailing P/E ": "44.63", "Forward P/E 1": "N/A", "PEG Ratio (5 yr expected) 1": "N/A", "Price/Sales (ttm)": "6.37", "Price/Book (mrq)": "4.78", "Enterprise Value/Revenue 3": "10.24", "Enterprise Value/EBITDA 7": "24.94"}, "3/31/2008": {"Duration": "3/31/2008", "Market Cap (intraday) 5": "1.80B", "Enterprise Value 3": "1.59B", "Trailing P/E ": "N/A", "Forward P/E 1": "N/A", "PEG Ratio (5 yr expected) 1": "N/A", "Price/Sales (ttm)": "8.47", "Price/Book (mrq)": "5.09", "Enterprise Value/Revenue 3": "25.80", "Enterprise Value/EBITDA 7": "-288.25"}, "12/31/2007": {"Duration": "12/31/2007", "Market Cap (intraday) 5": "2.06B", "Enterprise Value 3": "1.88B", "Trailing P/E ": "N/A", "Forward P/E 1": "N/A", "PEG Ratio (5 yr expected) 1": "N/A", "Price/Sales (ttm)": "10.76", "Price/Book (mrq)": "5.89", "Enterprise Value/Revenue 3": "33.10", "Enterprise Value/EBITDA 7": "-285.90"}, "9/30/2007": {"Duration": "9/30/2007", "Market Cap (intraday) 5": "2.29B", "Enterprise Value 3": "1.98B", "Trailing P/E ": "N/A", "Forward P/E 1": "N/A", "PEG Ratio (5 yr expected) 1": "N/A", "Price/Sales (ttm)": "14.46", "Price/Book (mrq)": "6.74", "Enterprise Value/Revenue 3": "41.12", "Enterprise Value/EBITDA 7": "-208.63"}, "6/30/2007": {"Duration": "6/30/2007", "Market Cap (intraday) 5": "1.62B", "Enterprise Value 3": "1.32B", "Trailing P/E ": "N/A", "Forward P/E 1": "N/A", "PEG Ratio (5 yr expected) 1": "N/A", "Price/Sales (ttm)": "11.14", "Price/Book (mrq)": "4.78", "Enterprise Value/Revenue 3": "28.92", "Enterprise Value/EBITDA 7": "-128.24"}, "3/31/2007": {"Duration": "3/31/2007", "Market Cap (intraday) 5": "1.48B", "Enterprise Value 3": "1.28B", "Trailing P/E ": "N/A", "Forward P/E 1": "N/A", "PEG Ratio (5 yr expected) 1": "N/A", "Price/Sales (ttm)": "10.38", "Price/Book (mrq)": "6.29", "Enterprise Value/Revenue 3": "31.24", "Enterprise Value/EBITDA 7": "-179.34"}, "12/31/2006": {"Duration": "12/31/2006", "Market Cap (intraday) 5": "1.25B", "Enterprise Value 3": "1.04B", "Trailing P/E ": "N/A", "Forward P/E 1": "N/A", "PEG Ratio (5 yr expected) 1": "N/A", "Price/Sales (ttm)": "10.14", "Price/Book (mrq)": "5.21", "Enterprise Value/Revenue 3": "27.92", "Enterprise Value/EBITDA 7": "78.58"}, "9/30/2006": {"Duration": "9/30/2006", "Market Cap (intraday) 5": "979.47M", "Enterprise Value 3": "751.72M", "Trailing P/E ": "N/A", "Forward P/E 1": "N/A", "PEG Ratio (5 yr expected) 1": "N/A", "Price/Sales (ttm)": "8.56", "Price/Book (mrq)": "3.92", "Enterprise Value/Revenue 3": "22.41", "Enterprise Value/EBITDA 7": "-56.76"}, "6/30/2006": {"Duration": "6/30/2006", "Market Cap (intraday) 5": "1.00B", "Enterprise Value 3": "774.25M", "Trailing P/E ": "N/A", "Forward P/E 1": "N/A", "PEG Ratio (5 yr expected) 1": "N/A", "Price/Sales (ttm)": "8.77", "Price/Book (mrq)": "4.01", "Enterprise Value/Revenue 3": "24.18", "Enterprise Value/EBITDA 7": "-63.58"}, "3/31/2006": {"Duration": "3/31/2006", "Market Cap (intraday) 5": "1.03B", "Enterprise Value 3": "799.39M", "Trailing P/E ": "N/A", "Forward P/E 1": "N/A", "PEG Ratio (5 yr expected) 1": "N/A", "Price/Sales (ttm)": "9.49", "Price/Book (mrq)": "4.01", "Enterprise Value/Revenue 3": "26.82", "Enterprise Value/EBITDA 7": "-78.09"}, "12/31/2005": {"Duration": "12/31/2005", "Market Cap (intraday) 5": "813.88M", "Enterprise Value 3": "710.88M", "Trailing P/E ": "N/A", "Forward P/E 1": "N/A", "PEG Ratio (5 yr expected) 1": "N/A", "Price/Sales (ttm)": "7.09", "Price/Book (mrq)": "6.37", "Enterprise Value/Revenue 3": "26.01", "Enterprise Value/EBITDA 7": "-89.88"}, "9/30/2005": {"Duration": "9/30/2005", "Market Cap (intraday) 5": "676.52M", "Enterprise Value 3": "573.53M", "Trailing P/E ": "N/A", "Forward P/E 1": "N/A", "PEG Ratio (5 yr expected) 1": "N/A", "Price/Sales (ttm)": "7.45", "Price/Book (mrq)": "5.30", "Enterprise Value/Revenue 3": "22.84", "Enterprise Value/EBITDA 7": "-68.20"}, "6/30/2005": {"Duration": "6/30/2005", "Market Cap (intraday) 5": "482.99M", "Enterprise Value 3": "369.15M", "Trailing P/E ": "N/A", "Forward P/E 1": "N/A", "PEG Ratio (5 yr expected) 1": "N/A", "Price/Sales (ttm)": "5.86", "Price/Book (mrq)": "3.56", "Enterprise Value/Revenue 3": "14.15", "Enterprise Value/EBITDA 7": "-51.31"}, "3/31/2005": {"Duration": "3/31/2005", "Market Cap (intraday) 5": "565.68M", "Enterprise Value 3": "487.58M", "Trailing P/E ": "N/A", "Forward P/E 1": "N/A", "PEG Ratio (5 yr expected) 1": "N/A", "Price/Sales (ttm)": "7.92", "Price/Book (mrq)": "3.93", "Enterprise Value/Revenue 3": "24.43", "Enterprise Value/EBITDA 7": "-53.07"}, "12/31/2004": {"Duration": "12/31/2004", "Market Cap (intraday) 5": "691.55M", "Enterprise Value 3": "605.60M", "Trailing P/E ": "N/A", "Forward P/E 1": "N/A", "PEG Ratio (5 yr expected) 1": "N/A", "Price/Sales (ttm)": "10.61", "Price/Book (mrq)": "4.49", "Enterprise Value/Revenue 3": "30.84", "Enterprise Value/EBITDA 7": "-66.26"}, "9/30/2004": {"Duration": "9/30/2004", "Market Cap (intraday) 5": "524.32M", "Enterprise Value 3": "432.82M", "Trailing P/E ": "N/A", "Forward P/E 1": "N/A", "PEG Ratio (5 yr expected) 1": "N/A", "Price/Sales (ttm)": "8.78", "Price/Book (mrq)": "3.20", "Enterprise Value/Revenue 3": "25.90", "Enterprise Value/EBITDA 7": "-47.40"}, "6/30/2004": {"Duration": "6/30/2004", "Market Cap (intraday) 5": "456.90M", "Enterprise Value 3": "341.53M", "Trailing P/E ": "N/A", "Forward P/E 1": "N/A", "PEG Ratio (5 yr expected) 1": "N/A", "Price/Sales (ttm)": "8.07", "Price/Book (mrq)": "2.64", "Enterprise Value/Revenue 3": "22.66", "Enterprise Value/EBITDA 7": "-36.09"}, "3/31/2004": {"Duration": "3/31/2004", "Market Cap (intraday) 5": "439.16M", "Enterprise Value 3": "369.75M", "Trailing P/E ": "N/A", "Forward P/E 1": "N/A", "PEG Ratio (5 yr expected) 1": "N/A", "Price/Sales (ttm)": "7.67", "Price/Book (mrq)": "3.29", "Enterprise Value/Revenue 3": "26.88", "Enterprise Value/EBITDA 7": "-38.08"}, "12/31/2003": {"Duration": "12/31/2003", "Market Cap (intraday) 5": "349.03M", "Enterprise Value 3": "285.31M", "Trailing P/E ": "N/A", "Forward P/E 1": "N/A", "PEG Ratio (5 yr expected) 1": "N/A", "Price/Sales (ttm)": "5.86", "Price/Book (mrq)": "2.42", "Enterprise Value/Revenue 3": "20.17", "Enterprise Value/EBITDA 7": "-31.89"}, "9/30/2003": {"Duration": "9/30/2003", "Market Cap (intraday) 5": "308.05M", "Enterprise Value 3": "238.34M", "Trailing P/E ": "N/A", "Forward P/E 1": "N/A", "PEG Ratio (5 yr expected) 1": "N/A", "Price/Sales (ttm)": "4.93", "Price/Book (mrq)": "2.00", "Enterprise Value/Revenue 3": "17.43", "Enterprise Value/EBITDA 7": "-27.24"}, "6/30/2003": {"Duration": "6/30/2003", "Market Cap (intraday) 5": "365.30M", "Enterprise Value 3": "292.52M", "Trailing P/E ": "N/A", "Forward P/E 1": "N/A", "PEG Ratio (5 yr expected) 1": "N/A", "Price/Sales (ttm)": "5.68", "Price/Book (mrq)": "2.23", "Enterprise Value/Revenue 3": "18.63", "Enterprise Value/EBITDA 7": "-45.94"}, "3/31/2003": {"Duration": "3/31/2003", "Market Cap (intraday) 5": "272.88M", "Enterprise Value 3": "179.62M", "Trailing P/E ": "N/A", "Forward P/E 1": "N/A", "PEG Ratio (5 yr expected) 1": "N/A", "Price/Sales (ttm)": "4.35", "Price/Book (mrq)": "1.61", "Enterprise Value/Revenue 3": "11.17", "Enterprise Value/EBITDA 7": "-37.29"}, "12/31/2002": {"Duration": "12/31/2002", "Market Cap (intraday) 5": "394.35M", "Enterprise Value 3": "283.92M", "Trailing P/E ": "N/A", "Forward P/E 1": "N/A", "PEG Ratio (5 yr expected) 1": "N/A", "Price/Sales (ttm)": "6.61", "Price/Book (mrq)": "2.25", "Enterprise Value/Revenue 3": "16.68", "Enterprise Value/EBITDA 7": "-46.47"}, "9/30/2002": {"Duration": "9/30/2002", "Market Cap (intraday) 5": "377.55M", "Enterprise Value 3": "319.02M", "Trailing P/E ": "N/A", "Forward P/E 1": "N/A", "PEG Ratio (5 yr expected) 1": "N/A", "Price/Sales (ttm)": "6.72", "Price/Book (mrq)": "3.04", "Enterprise Value/Revenue 3": "20.57", "Enterprise Value/EBITDA 7": "-66.80"}, "6/30/2002": {"Duration": "6/30/2002", "Market Cap (intraday) 5": "484.81M", "Enterprise Value 3": "405.01M", "Trailing P/E ": "N/A", "Forward P/E 1": "N/A", "PEG Ratio (5 yr expected) 1": "N/A", "Price/Sales (ttm)": "9.57", "Price/Book (mrq)": "3.60", "Enterprise Value/Revenue 3": "28.70", "Enterprise Value/EBITDA 7": "-64.83"}, "3/31/2002": {"Duration": "3/31/2002", "Market Cap (intraday) 5": "796.71M", "Enterprise Value 3": "706.33M", "Trailing P/E ": "N/A", "Forward P/E 1": "N/A", "PEG Ratio (5 yr expected) 1": "N/A", "Price/Sales (ttm)": "16.22", "Price/Book (mrq)": "5.75", "Enterprise Value/Revenue 3": "54.09", "Enterprise Value/EBITDA 7": "-218.44"}, "12/31/2001": {"Duration": "12/31/2001", "Market Cap (intraday) 5": "1.25B", "Enterprise Value 3": "1.16B", "Trailing P/E ": "N/A", "Forward P/E 1": "N/A", "PEG Ratio (5 yr expected) 1": "N/A", "Price/Sales (ttm)": "25.48", "Price/Book (mrq)": "9.02", "Enterprise Value/Revenue 3": "86.05", "Enterprise Value/EBITDA 7": "-420.48"}, "9/30/2001": {"Duration": "9/30/2001", "Market Cap (intraday) 5": "718.25M", "Enterprise Value 3": "591.03M", "Trailing P/E ": "N/A", "Forward P/E 1": "N/A", "PEG Ratio (5 yr expected) 1": "N/A", "Price/Sales (ttm)": "15.90", "Price/Book (mrq)": "5.15", "Enterprise Value/Revenue 3": "44.81", "Enterprise Value/EBITDA 7": "-306.97"}, "6/30/2001": {"Duration": "6/30/2001", "Market Cap (intraday) 5": "1.48B", "Enterprise Value 3": "1.36B", "Trailing P/E ": "N/A", "Forward P/E 1": "N/A", "PEG Ratio (5 yr expected) 1": "N/A", "Price/Sales (ttm)": "33.86", "Price/Book (mrq)": "10.66", "Enterprise Value/Revenue 3": "125.33", "Enterprise Value/EBITDA 7": "-551.00"}, "3/31/2001": {"Duration": "3/31/2001", "Market Cap (intraday) 5": "943.53M", "Enterprise Value 3": "826.36M", "Trailing P/E ": "N/A", "Forward P/E 1": "N/A", "PEG Ratio (5 yr expected) 1": "N/A", "Price/Sales (ttm)": "22.43", "Price/Book (mrq)": "6.75", "Enterprise Value/Revenue 3": "71.44", "Enterprise Value/EBITDA 7": "-359.49"}, "12/31/2000": {"Duration": "12/31/2000", "Market Cap (intraday) 5": "1.91B", "Enterprise Value 3": "1.82B", "Trailing P/E ": "N/A", "Forward P/E 1": "N/A", "PEG Ratio (5 yr expected) 1": "N/A", "Price/Sales (ttm)": "48.71", "Price/Book (mrq)": "19.43", "Enterprise Value/Revenue 3": "152.46", "Enterprise Value/EBITDA 7": "-790.44"}, "9/30/2000": {"Duration": "9/30/2000", "Market Cap (intraday) 5": "1.93B", "Enterprise Value 3": "1.85B", "Trailing P/E ": "N/A", "Forward P/E 1": "N/A", "PEG Ratio (5 yr expected) 1": "N/A", "Price/Sales (ttm)": "51.35", "Price/Book (mrq)": "24.82", "Enterprise Value/Revenue 3": "170.80", "Enterprise Value/EBITDA 7": "-789.01"}, "6/30/2000": {"Duration": "6/30/2000", "Market Cap (intraday) 5": "1.62B", "Enterprise Value 3": "1.54B", "Trailing P/E ": "N/A", "Forward P/E 1": "N/A", "PEG Ratio (5 yr expected) 1": "N/A", "Price/Sales (ttm)": "44.01", "Price/Book (mrq)": "20.83", "Enterprise Value/Revenue 3": "167.99", "Enterprise Value/EBITDA 7": "-591.57"}, "3/31/2000": {"Duration": "3/31/2000", "Market Cap (intraday) 5": "629.35M", "Enterprise Value 3": "576.80M", "Trailing P/E ": "N/A", "Forward P/E 1": "N/A", "PEG Ratio (5 yr expected) 1": "N/A", "Price/Sales (ttm)": "18.62", "Price/Book (mrq)": "11.39", "Enterprise Value/Revenue 3": "59.37", "Enterprise Value/EBITDA 7": "-257.16"}, "12/31/1999": {"Duration": "12/31/1999", "Market Cap (intraday) 5": "473.06M", "Enterprise Value 3": "428.46M", "Trailing P/E ": "N/A", "Forward P/E 1": "N/A", "PEG Ratio (5 yr expected) 1": "N/A", "Price/Sales (ttm)": "15.20", "Price/Book (mrq)": "8.52", "Enterprise Value/Revenue 3": "51.62", "Enterprise Value/EBITDA 7": "-267.79"}, "9/30/1999": {"Duration": "9/30/1999", "Market Cap (intraday) 5": "166.72M", "Enterprise Value 3": "142.32M", "Trailing P/E ": "N/A", "Forward P/E 1": "N/A", "PEG Ratio (5 yr expected) 1": "N/A", "Price/Sales (ttm)": "6.03", "Price/Book (mrq)": "3.28", "Enterprise Value/Revenue 3": "20.63", "Enterprise Value/EBITDA 7": "-79.07"}, "6/30/1999": {"Duration": "6/30/1999", "Market Cap (intraday) 5": "84.86M", "Enterprise Value 3": "74.96M", "Trailing P/E ": "N/A", "Forward P/E 1": "N/A", "PEG Ratio (5 yr expected) 1": "N/A", "Price/Sales (ttm)": "3.34", "Price/Book (mrq)": "1.76", "Enterprise Value/Revenue 3": "10.86", "Enterprise Value/EBITDA 7": "-32.59"}, "3/31/1999": {"Duration": "3/31/1999", "Market Cap (intraday) 5": "84.71M", "Enterprise Value 3": "76.41M", "Trailing P/E ": "N/A", "Forward P/E 1": "N/A", "PEG Ratio (5 yr expected) 1": "N/A", "Price/Sales (ttm)": "3.39", "Price/Book (mrq)": "1.68", "Enterprise Value/Revenue 3": "10.76", "Enterprise Value/EBITDA 7": "-40.21"}, "12/31/1998": {"Duration": "12/31/1998", "Market Cap (intraday) 5": "94.12M", "Enterprise Value 3": "76.82M", "Trailing P/E ": "N/A", "Forward P/E 1": "N/A", "PEG Ratio (5 yr expected) 1": "N/A", "Price/Sales (ttm)": "3.96", "Price/Book (mrq)": "1.79", "Enterprise Value/Revenue 3": "13.48", "Enterprise Value/EBITDA 7": "-29.55"}, "9/30/1998": {"Duration": "9/30/1998", "Market Cap (intraday) 5": "110.53M", "Enterprise Value 3": "101.33M", "Trailing P/E ": "N/A", "Forward P/E 1": "N/A", "PEG Ratio (5 yr expected) 1": "N/A", "Price/Sales (ttm)": "4.80", "Price/Book (mrq)": "2.01", "Enterprise Value/Revenue 3": "18.09", "Enterprise Value/EBITDA 7": "-38.97"}, "6/30/1998": {"Duration": "6/30/1998", "Market Cap (intraday) 5": "136.58M", "Enterprise Value 3": "122.08M", "Trailing P/E ": "N/A", "Forward P/E 1": "N/A", "PEG Ratio (5 yr expected) 1": "N/A", "Price/Sales (ttm)": "5.87", "Price/Book (mrq)": "2.38", "Enterprise Value/Revenue 3": "18.78", "Enterprise Value/EBITDA 7": "-42.10"}, "3/31/1998": {"Duration": "3/31/1998", "Market Cap (intraday) 5": "208.66M", "Enterprise Value 3": "195.46M", "Trailing P/E ": "N/A", "Forward P/E 1": "N/A", "PEG Ratio (5 yr expected) 1": "N/A", "Price/Sales (ttm)": "8.59", "Price/Book (mrq)": "3.46", "Enterprise Value/Revenue 3": "34.29", "Enterprise Value/EBITDA 7": "-72.39"}, "12/31/1997": {"Duration": "12/31/1997", "Market Cap (intraday) 5": "225.48M", "Enterprise Value 3": "208.78M", "Trailing P/E ": "N/A", "Forward P/E 1": "N/A", "PEG Ratio (5 yr expected) 1": "N/A", "Price/Sales (ttm)": "10.46", "Price/Book (mrq)": "3.59", "Enterprise Value/Revenue 3": "40.94", "Enterprise Value/EBITDA 7": "-90.77"}, "9/30/1997": {"Duration": "9/30/1997", "Market Cap (intraday) 5": "240.34M", "Enterprise Value 3": "220.34M", "Trailing P/E ": "N/A", "Forward P/E 1": "N/A", "PEG Ratio (5 yr expected) 1": "N/A", "Price/Sales (ttm)": "12.31", "Price/Book (mrq)": "3.72", "Enterprise Value/Revenue 3": "37.35", "Enterprise Value/EBITDA 7": "-115.97"}, "6/30/1997": {"Duration": "6/30/1997", "Market Cap (intraday) 5": "249.02M", "Enterprise Value 3": "233.72M", "Trailing P/E ": "N/A", "Forward P/E 1": "N/A", "PEG Ratio (5 yr expected) 1": "N/A", "Price/Sales (ttm)": "15.82", "Price/Book (mrq)": "3.76", "Enterprise Value/Revenue 3": "31.16", "Enterprise Value/EBITDA 7": "1.17k"}, "3/31/1997": {"Duration": "3/31/1997", "Market Cap (intraday) 5": "300.22M", "Enterprise Value 3": "284.02M", "Trailing P/E ": "N/A", "Forward P/E 1": "N/A", "PEG Ratio (5 yr expected) 1": "N/A", "Price/Sales (ttm)": "31.31", "Price/Book (mrq)": "4.88", "Enterprise Value/Revenue 3": "105.19", "Enterprise Value/EBITDA 7": "-86.07"}, "12/31/1996": {"Duration": "12/31/1996", "Market Cap (intraday) 5": "221.52M", "Enterprise Value 3": "206.82M", "Trailing P/E ": "N/A", "Forward P/E 1": "N/A", "PEG Ratio (5 yr expected) 1": "N/A", "Price/Sales (ttm)": "24.55", "Price/Book (mrq)": "3.45", "Enterprise Value/Revenue 3": "73.86", "Enterprise Value/EBITDA 7": "-55.90"}, "9/30/1996": {"Duration": "9/30/1996", "Market Cap (intraday) 5": "222.51M", "Enterprise Value 3": "208.41M", "Trailing P/E ": "N/A", "Forward P/E 1": "N/A", "PEG Ratio (5 yr expected) 1": "N/A", "Price/Sales (ttm)": "28.53", "Price/Book (mrq)": "3.29", "Enterprise Value/Revenue 3": "94.73", "Enterprise Value/EBITDA 7": "-65.13"}, "6/30/1996": {"Duration": "6/30/1996", "Market Cap (intraday) 5": "217.55M", "Enterprise Value 3": "192.15M", "Trailing P/E ": "N/A", "Forward P/E 1": "N/A", "PEG Ratio (5 yr expected) 1": "N/A", "Price/Sales (ttm)": "N/A", "Price/Book (mrq)": "3.03", "Enterprise Value/Revenue 3": "96.08", "Enterprise Value/EBITDA 7": "-76.86"}, "3/31/1996": {"Duration": "3/31/1996", "Market Cap (intraday) 5": "228.77M", "Enterprise Value 3": "201.07M", "Trailing P/E ": "N/A", "Forward P/E 1": "N/A", "PEG Ratio (5 yr expected) 1": "N/A", "Price/Sales (ttm)": "N/A", "Price/Book (mrq)": "3.12", "Enterprise Value/Revenue 3": "105.82", "Enterprise Value/EBITDA 7": "-87.42"}, "12/31/1995": {"Duration": "12/31/1995", "Market Cap (intraday) 5": "278.79M", "Enterprise Value 3": "278.79M", "Trailing P/E ": "N/A", "Forward P/E 1": "N/A", "PEG Ratio (5 yr expected) 1": "N/A", "Price/Sales (ttm)": "N/A", "Price/Book (mrq)": "N/A", "Enterprise Value/Revenue 3": "163.99", "Enterprise Value/EBITDA 7": "-174.24"}}, "inside": {"Date": ["INSIDER NAME", "TITLE", "DATE", "TRANSATION", "SHARE", "PRICE", "AMOUNT"], "2021-05-05 19:45:58": ["LANCHBURY JERRY S", "CHIEF SCIENTIFIC OFFICER", "2021-05-04", "OPTION EXERCISE", "19,360", "19.47", "376,939"], "2021-04-28 17:10:33": ["LANCHBURY JERRY S", "CHIEF SCIENTIFIC OFFICER", "2021-04-27", "OPTION EXERCISE", "40,000", "19.47", "778,800"], "2021-04-20 17:18:30": ["LAMBERT NICOLE", "SEE REMARKS", "2021-04-19", "SELL", "6,649", "27.01", "179,586"], "2021-03-30 18:31:03": ["HART JAYNE B.", "CHIEF PEOPLE OFFICER", "2021-03-29", "OPTION EXERCISE", "58,000", "22.27", "1,291,860"], "2021-02-17 18:10:02": ["LANCHBURY JERRY S", "CHIEF SCIENTIFIC OFFICER", "2021-02-16", "SELL", "80,000", "29.71", "2,377,048"], "2021-01-11 16:40:13": ["PARKINSON PAUL", "EVP STRATEGY AND INNOVATION", "2021-01-08", "SELL", "11,824", "25.00", "295,600"], "2020-11-12 08:57:34": ["PHANSTIEL S. LOUISE", "DIRECTIOR", "2020-11-11", "BUY", "15,000", "16.62", "249,336"], "2020-09-16 09:56:04": ["FORD ALEXANDER", "CHIEF OPERATING OFFICER", "2020-09-15", "SELL", "2,804", "13.78", "38,630"]}}}, {"INCR": {"quote": {"05/11/2021": {"value": "", "Net Assets": "N/A", "Beta (5Y Monthly)": "N/A", "Yield": "N/A", "5y Average Return": "N/A", "Holdings Turnover": "N/A", "Last Dividend": "N/A", "Average for Category": "N/A", "Inception Date": "N/A"}}, "fin": {"res": "ERROR: Unable to sync data for: fin > INCR"}, "bs": {"res": "ERROR: Unable to sync data for: bs > INCR"}, "cf": {}}}, {"HYDI": {"quote": {"06/01/2021": {"value": "0.9000", "Market Cap": "3.341M", "Beta (5Y Monthly)": "0.80", "PE Ratio (TTM)": "69.23", "EPS (TTM)": "0.0130", "Earnings Date": "N/A", "Forward Dividend & Yield": "N/A (N/A)", "Ex-Dividend Date": "Oct 09, 2018", "1y Target Est": "N/A", "Profit Margin ": "1.08%", "Operating Margin (ttm)": "1.09%", "Return on Assets (ttm)": "0.80%", "Return on Equity (ttm)": "3.65%", "Revenue (ttm)": "5.63M", "Revenue Per Share (ttm)": "1.18", "Quarterly Revenue Growth (yoy)": "-4.40%", "Gross Profit (ttm)": "4.13M", "EBITDA ": "396.64k", "Net Income Avi to Common (ttm)": "60.91k", "Diluted EPS (ttm)": "0.0130", "Quarterly Earnings Growth (yoy)": "N/A", "Total Cash (mrq)": "294.84k", "Total Cash Per Share (mrq)": "0.06", "Total Debt (mrq)": "2.69M", "Total Debt/Equity (mrq)": "107.90", "Current Ratio (mrq)": "2.13", "Book Value Per Share (mrq)": "0.36", "Operating Cash Flow (ttm)": "-3.22k", "Levered Free Cash Flow (ttm)": "-217.55k", "Avg Vol (3 month) 3": "4.83k", "Avg Vol (10 day) 3": "1.8k", "Shares Outstanding 5": "4.77M", "Implied Shares Outstanding 6": "N/A", "Float ": "4.77M", "% Held by Insiders 1": "N/A", "% Held by Institutions 1": "N/A", "Shares Short  4": "N/A", "Short Ratio  4": "N/A", "Short % of Float  4": "N/A", "Short % of Shares Outstanding  4": "N/A", "Shares Short (prior month ) 4": "N/A", "Forward Annual Dividend Rate 4": "N/A", "Forward Annual Dividend Yield 4": "N/A", "Trailing Annual Dividend Rate 3": "N/A", "Trailing Annual Dividend Yield 3": "N/A", "5 Year Average Dividend Yield 4": "N/A", "Payout Ratio 4": "23.81%", "Dividend Date 3": "Oct 07, 2018", "Ex-Dividend Date 4": "Oct 08, 2018", "Last Split Factor 2": "N/A", "Last Split Date 3": "N/A"}}, "fin": {"TTM": {"Duration": "TTM", "Total Revenue": "6,393", "Cost of Revenue": "2,055", "Gross Profit": "4,338", "Operating Expense": "4,605", "Operating Income": "-266.629", "Other Income Expense": "5,542", "Pretax Income": "5,275", "Tax Provision": "250.373", "Net Income Common Stockholders": "4,596", "Diluted NI Available to Com Stockholders": "4,596", "Basic EPS": "-", "Diluted EPS": "-", "Basic Average Shares": "-", "Diluted Average Shares": "-", "Total Operating Income as Reported": "-", "Total Expenses": "6,659", "Net Income from Continuing & Discontinued Operation": "4,596", "Normalized Income": "-364.0893", "Interest Income": "-", "Interest Expense": "-", "Net Interest Income": "-", "EBIT": "-266.629", "EBITDA": "126.718", "Reconciled Cost of Revenue": "2,055", "Reconciled Depreciation": "393.347", "Net Income from Continuing Operation Net Minority Interest": "5,025", "Total Unusual Items Excluding Goodwill": "5,658", "Total Unusual Items": "5,658", "Normalized EBITDA": "-5,531", "Tax Rate for Calcs": "0", "Tax Effect of Unusual Items": "268.5137"}, "6/30/2018": {"Duration": "6/30/2018", "Total Revenue": "5,631", "Cost of Revenue": "1,501", "Gross Profit": "4,131", "Operating Expense": "4,070", "Operating Income": "61.154", "Other Income Expense": "2.504", "Pretax Income": "63.658", "Tax Provision": "2.75", "Net Income Common Stockholders": "60.908", "Diluted NI Available to Com Stockholders": "60.908", "Basic EPS": "0.01", "Diluted EPS": "0.01", "Basic Average Shares": "4,772", "Diluted Average Shares": "4,772", "Total Operating Income as Reported": "-", "Total Expenses": "5,570", "Net Income from Continuing & Discontinued Operation": "60.908", "Normalized Income": "-81.742", "Interest Income": "-", "Interest Expense": "-", "Net Interest Income": "-", "EBIT": "61.154", "EBITDA": "-", "Reconciled Cost of Revenue": "1,501", "Reconciled Depreciation": "335.487", "Net Income from Continuing Operation Net Minority Interest": "60.908", "Total Unusual Items Excluding Goodwill": "150", "Total Unusual Items": "150", "Normalized EBITDA": "246.641", "Tax Rate for Calcs": "0", "Tax Effect of Unusual Items": "7.35"}, "6/30/2017": {"Duration": "6/30/2017", "Total Revenue": "5,445", "Cost of Revenue": "1,571", "Gross Profit": "3,874", "Operating Expense": "3,982", "Operating Income": "-107.447", "Other Income Expense": "-127.214", "Pretax Income": "-234.661", "Tax Provision": "1,044", "Net Income Common Stockholders": "-1,279", "Diluted NI Available to Com Stockholders": "-1,279", "Basic EPS": "-0.27", "Diluted EPS": "-0.27", "Basic Average Shares": "4,772", "Diluted Average Shares": "4,772", "Total Operating Income as Reported": "-", "Total Expenses": "5,553", "Net Income from Continuing & Discontinued Operation": "-1,279", "Normalized Income": "-1,279", "Interest Income": "-", "Interest Expense": "-", "Net Interest Income": "-", "EBIT": "-107.447", "EBITDA": "-", "Reconciled Cost of Revenue": "1,571", "Reconciled Depreciation": "390.509", "Net Income from Continuing Operation Net Minority Interest": "-1,279", "Total Unusual Items Excluding Goodwill": "0", "Total Unusual Items": "0", "Normalized EBITDA": "283.062", "Tax Rate for Calcs": "0", "Tax Effect of Unusual Items": "0"}, "6/30/2016": {"Duration": "6/30/2016", "Total Revenue": "5,743", "Cost of Revenue": "1,788", "Gross Profit": "3,954", "Operating Expense": "4,210", "Operating Income": "-255.497", "Other Income Expense": "-125.229", "Pretax Income": "-380.726", "Tax Provision": "-212.676", "Net Income Common Stockholders": "-168.05", "Diluted NI Available to Com Stockholders": "-168.05", "Basic EPS": "-0.04", "Diluted EPS": "-0.04", "Basic Average Shares": "4,772", "Diluted Average Shares": "4,772", "Total Operating Income as Reported": "-", "Total Expenses": "5,998", "Net Income from Continuing & Discontinued Operation": "-168.05", "Normalized Income": "-168.05", "Interest Income": "-", "Interest Expense": "-", "Net Interest Income": "-", "EBIT": "-255.497", "EBITDA": "-", "Reconciled Cost of Revenue": "1,788", "Reconciled Depreciation": "386.142", "Net Income from Continuing Operation Net Minority Interest": "-168.05", "Total Unusual Items Excluding Goodwill": "-", "Total Unusual Items": "-", "Normalized EBITDA": "130.645", "Tax Rate for Calcs": "0", "Tax Effect of Unusual Items": "0"}, "6/30/2015": {"Duration": "6/30/2015", "Total Revenue": "5,830", "Cost of Revenue": "1,620", "Gross Profit": "4,210", "Operating Expense": "4,015", "Operating Income": "194.943", "Other Income Expense": "-0.77", "Pretax Income": "194.173", "Tax Provision": "41.783", "Net Income Common Stockholders": "152.39", "Diluted NI Available to Com Stockholders": "152.39", "Basic EPS": "0.03", "Diluted EPS": "0.03", "Basic Average Shares": "4,772", "Diluted Average Shares": "4,772", "Total Operating Income as Reported": "-", "Total Expenses": "5,635", "Net Income from Continuing & Discontinued Operation": "152.39", "Normalized Income": "152.39", "Interest Income": "-", "Interest Expense": "-", "Net Interest Income": "-", "EBIT": "194.943", "EBITDA": "-", "Reconciled Cost of Revenue": "1,620", "Reconciled Depreciation": "405.923", "Net Income from Continuing Operation Net Minority Interest": "152.39", "Total Unusual Items Excluding Goodwill": "-", "Total Unusual Items": "-", "Normalized EBITDA": "600.866", "Tax Rate for Calcs": "0", "Tax Effect of Unusual Items": "0"}, "6/30/2014": {"Duration": "6/30/2014", "Total Revenue": "6,015", "Cost of Revenue": "1,702", "Gross Profit": "4,313", "Operating Expense": "3,997", "Operating Income": "316.372", "Other Income Expense": "-148.193", "Pretax Income": "168.179", "Tax Provision": "51.187", "Net Income Common Stockholders": "116.992", "Diluted NI Available to Com Stockholders": "116.992", "Basic EPS": "0.02", "Diluted EPS": "0.02", "Basic Average Shares": "4,772", "Diluted Average Shares": "4,772", "Total Operating Income as Reported": "-", "Total Expenses": "5,699", "Net Income from Continuing & Discontinued Operation": "116.992", "Normalized Income": "116.992", "Interest Income": "-", "Interest Expense": "-", "Net Interest Income": "-", "EBIT": "316.372", "EBITDA": "-", "Reconciled Cost of Revenue": "1,702", "Reconciled Depreciation": "422.807", "Net Income from Continuing Operation Net Minority Interest": "116.992", "Total Unusual Items Excluding Goodwill": "-", "Total Unusual Items": "-", "Normalized EBITDA": "739.179", "Tax Rate for Calcs": "0", "Tax Effect of Unusual Items": "0"}, "6/30/2013": {"Duration": "6/30/2013", "Total Revenue": "5,786", "Cost of Revenue": "1,585", "Gross Profit": "4,200", "Operating Expense": "3,748", "Operating Income": "452.599", "Other Income Expense": "-70.409", "Pretax Income": "382.19", "Tax Provision": "103.999", "Net Income Common Stockholders": "278.191", "Diluted NI Available to Com Stockholders": "278.191", "Basic EPS": "0.06", "Diluted EPS": "0.06", "Basic Average Shares": "4,772", "Diluted Average Shares": "4,772", "Total Operating Income as Reported": "-", "Total Expenses": "5,333", "Net Income from Continuing & Discontinued Operation": "278.191", "Normalized Income": "278.191", "Interest Income": "-", "Interest Expense": "-", "Net Interest Income": "-", "EBIT": "452.599", "EBITDA": "-", "Reconciled Cost of Revenue": "1,585", "Reconciled Depreciation": "403.1", "Net Income from Continuing Operation Net Minority Interest": "278.191", "Total Unusual Items Excluding Goodwill": "-", "Total Unusual Items": "-", "Normalized EBITDA": "855.699", "Tax Rate for Calcs": "0", "Tax Effect of Unusual Items": "0"}, "6/30/2012": {"Duration": "6/30/2012", "Total Revenue": "5,742", "Cost of Revenue": "1,676", "Gross Profit": "4,067", "Operating Expense": "4,246", "Operating Income": "-179.022", "Other Income Expense": "-203.085", "Pretax Income": "-382.107", "Tax Provision": "13.239", "Net Income Common Stockholders": "-395.346", "Diluted NI Available to Com Stockholders": "-395.346", "Basic EPS": "-0.08", "Diluted EPS": "-0.08", "Basic Average Shares": "4,772", "Diluted Average Shares": "4,772", "Total Operating Income as Reported": "-179.022", "Total Expenses": "5,921", "Net Income from Continuing & Discontinued Operation": "-395.346", "Normalized Income": "-263.3408", "Interest Income": "-", "Interest Expense": "-", "Net Interest Income": "-", "EBIT": "-179.022", "EBITDA": "-", "Reconciled Cost of Revenue": "1,676", "Reconciled Depreciation": "431.891", "Net Income from Continuing Operation Net Minority Interest": "-395.346", "Total Unusual Items Excluding Goodwill": "-203.085", "Total Unusual Items": "-203.085", "Normalized EBITDA": "455.954", "Tax Rate for Calcs": "0", "Tax Effect of Unusual Items": "-71.0798"}, "6/30/2011": {"Duration": "6/30/2011", "Total Revenue": "5,515", "Cost of Revenue": "1,591", "Gross Profit": "3,924", "Operating Expense": "4,626", "Operating Income": "-702.102", "Other Income Expense": "-206.258", "Pretax Income": "-908.36", "Tax Provision": "-327.062", "Net Income Common Stockholders": "-581.298", "Diluted NI Available to Com Stockholders": "-581.298", "Basic EPS": "-0.12", "Diluted EPS": "-0.12", "Basic Average Shares": "4,772", "Diluted Average Shares": "4,772", "Total Operating Income as Reported": "-702.102", "Total Expenses": "6,217", "Net Income from Continuing & Discontinued Operation": "-581.298", "Normalized Income": "-449.3048", "Interest Income": "-", "Interest Expense": "-", "Net Interest Income": "-", "EBIT": "-702.102", "EBITDA": "-", "Reconciled Cost of Revenue": "1,591", "Reconciled Depreciation": "431.793", "Net Income from Continuing Operation Net Minority Interest": "-581.298", "Total Unusual Items Excluding Goodwill": "-206.258", "Total Unusual Items": "-206.258", "Normalized EBITDA": "-64.051", "Tax Rate for Calcs": "0", "Tax Effect of Unusual Items": "-74.2648"}, "6/30/2010": {"Duration": "6/30/2010", "Total Revenue": "6,201", "Cost of Revenue": "2,405", "Gross Profit": "3,795", "Operating Expense": "5,152", "Operating Income": "-1,357", "Other Income Expense": "335.629", "Pretax Income": "-1,021", "Tax Provision": "-461.638", "Net Income Common Stockholders": "-559.352", "Diluted NI Available to Com Stockholders": "-559.352", "Basic EPS": "-0.12", "Diluted EPS": "-0.12", "Basic Average Shares": "4,772", "Diluted Average Shares": "4,772", "Total Operating Income as Reported": "-1,357", "Total Expenses": "7,557", "Net Income from Continuing & Discontinued Operation": "-559.352", "Normalized Income": "-777.5109", "Interest Income": "-", "Interest Expense": "-", "Net Interest Income": "-", "EBIT": "-1,357", "EBITDA": "-", "Reconciled Cost of Revenue": "2,405", "Reconciled Depreciation": "428.451", "Net Income from Continuing Operation Net Minority Interest": "-559.352", "Total Unusual Items Excluding Goodwill": "335.629", "Total Unusual Items": "335.629", "Normalized EBITDA": "-1,264", "Tax Rate for Calcs": "0", "Tax Effect of Unusual Items": "117.4701"}, "6/30/2009": {"Duration": "6/30/2009", "Total Revenue": "7,752", "Cost of Revenue": "3,194", "Gross Profit": "4,558", "Operating Expense": "4,943", "Operating Income": "-385.132", "Other Income Expense": "1,069", "Pretax Income": "684.33", "Tax Provision": "181.113", "Net Income Common Stockholders": "503.217", "Diluted NI Available to Com Stockholders": "503.217", "Basic EPS": "0.11", "Diluted EPS": "0.11", "Basic Average Shares": "4,772", "Diluted Average Shares": "4,773", "Total Operating Income as Reported": "-", "Total Expenses": "8,137", "Net Income from Continuing & Discontinued Operation": "503.217", "Normalized Income": "-283.204", "Interest Income": "-", "Interest Expense": "-", "Net Interest Income": "-", "EBIT": "-385.132", "EBITDA": "-", "Reconciled Cost of Revenue": "3,194", "Reconciled Depreciation": "475.01", "Net Income from Continuing Operation Net Minority Interest": "503.217", "Total Unusual Items Excluding Goodwill": "1,069", "Total Unusual Items": "1,069", "Normalized EBITDA": "-979.584", "Tax Rate for Calcs": "0", "Tax Effect of Unusual Items": "283.041"}, "6/30/2008": {"Duration": "6/30/2008", "Total Revenue": "8,010", "Cost of Revenue": "3,044", "Gross Profit": "4,966", "Operating Expense": "4,623", "Operating Income": "343.274", "Other Income Expense": "-152.553", "Pretax Income": "190.721", "Tax Provision": "13.255", "Net Income Common Stockholders": "177.466", "Diluted NI Available to Com Stockholders": "177.466", "Basic EPS": "0.04", "Diluted EPS": "0.04", "Basic Average Shares": "4,749", "Diluted Average Shares": "4,749", "Total Operating Income as Reported": "343.274", "Total Expenses": "7,667", "Net Income from Continuing & Discontinued Operation": "177.466", "Normalized Income": "319.4167", "Interest Income": "-", "Interest Expense": "-", "Net Interest Income": "-", "EBIT": "343.274", "EBITDA": "-", "Reconciled Cost of Revenue": "3,044", "Reconciled Depreciation": "434.055", "Net Income from Continuing Operation Net Minority Interest": "177.466", "Total Unusual Items Excluding Goodwill": "-152.553", "Total Unusual Items": "-152.553", "Normalized EBITDA": "929.882", "Tax Rate for Calcs": "0", "Tax Effect of Unusual Items": "-10.6023"}, "6/30/2007": {"Duration": "6/30/2007", "Total Revenue": "8,099", "Cost of Revenue": "3,139", "Gross Profit": "4,961", "Operating Expense": "5,014", "Operating Income": "-53.168", "Other Income Expense": "-154.458", "Pretax Income": "-207.626", "Tax Provision": "-101.002", "Net Income Common Stockholders": "-106.624", "Diluted NI Available to Com Stockholders": "-106.624", "Basic EPS": "-0.02", "Diluted EPS": "-0.02", "Basic Average Shares": "4,655", "Diluted Average Shares": "4,655", "Total Operating Income as Reported": "-53.168", "Total Expenses": "8,153", "Net Income from Continuing & Discontinued Operation": "-106.624", "Normalized Income": "-6.2263", "Interest Income": "-", "Interest Expense": "-", "Net Interest Income": "-", "EBIT": "-53.168", "EBITDA": "-", "Reconciled Cost of Revenue": "3,139", "Reconciled Depreciation": "405.868", "Net Income from Continuing Operation Net Minority Interest": "-106.624", "Total Unusual Items Excluding Goodwill": "-154.458", "Total Unusual Items": "-154.458", "Normalized EBITDA": "507.158", "Tax Rate for Calcs": "0", "Tax Effect of Unusual Items": "-54.0603"}, "6/30/2006": {"Duration": "6/30/2006", "Total Revenue": "7,870", "Cost of Revenue": "3,526", "Gross Profit": "4,344", "Operating Expense": "5,494", "Operating Income": "-1,151", "Other Income Expense": "-94.198", "Pretax Income": "-1,245", "Tax Provision": "-465.497", "Net Income Common Stockholders": "-779.377", "Diluted NI Available to Com Stockholders": "-779.377", "Basic EPS": "-0.17", "Diluted EPS": "-0.17", "Basic Average Shares": "4,639", "Diluted Average Shares": "4,639", "Total Operating Income as Reported": "-1,151", "Total Expenses": "9,020", "Net Income from Continuing & Discontinued Operation": "-779.377", "Normalized Income": "-720.4026", "Interest Income": "-", "Interest Expense": "-", "Net Interest Income": "-", "EBIT": "-1,151", "EBITDA": "-", "Reconciled Cost of Revenue": "3,526", "Reconciled Depreciation": "381.395", "Net Income from Continuing Operation Net Minority Interest": "-779.377", "Total Unusual Items Excluding Goodwill": "-94.198", "Total Unusual Items": "-94.198", "Normalized EBITDA": "-675.083", "Tax Rate for Calcs": "0", "Tax Effect of Unusual Items": "-35.2236"}, "6/30/2005": {"Duration": "6/30/2005", "Total Revenue": "8,486", "Cost of Revenue": "3,229", "Gross Profit": "5,257", "Operating Expense": "4,768", "Operating Income": "489.311", "Other Income Expense": "2,190", "Pretax Income": "379.316", "Tax Provision": "110.065", "Net Income Common Stockholders": "269.251", "Diluted NI Available to Com Stockholders": "269.251", "Basic EPS": "0.06", "Diluted EPS": "0.06", "Basic Average Shares": "4,615", "Diluted Average Shares": "4,782", "Total Operating Income as Reported": "489.311", "Total Expenses": "7,997", "Net Income from Continuing & Discontinued Operation": "269.251", "Normalized Income": "-1,286", "Interest Income": "-", "Interest Expense": "-", "Net Interest Income": "-", "EBIT": "489.311", "EBITDA": "-", "Reconciled Cost of Revenue": "3,229", "Reconciled Depreciation": "279.738", "Net Income from Continuing Operation Net Minority Interest": "269.251", "Total Unusual Items Excluding Goodwill": "2,190", "Total Unusual Items": "2,190", "Normalized EBITDA": "-1,421", "Tax Rate for Calcs": "0", "Tax Effect of Unusual Items": "635.5781"}, "6/30/2004": {"Duration": "6/30/2004", "Total Revenue": "8,690", "Cost of Revenue": "3,060", "Gross Profit": "5,630", "Operating Expense": "4,721", "Operating Income": "909.527", "Other Income Expense": "2,162", "Pretax Income": "548.855", "Tax Provision": "317.519", "Net Income Common Stockholders": "231.336", "Diluted NI Available to Com Stockholders": "231.336", "Basic EPS": "0.05", "Diluted EPS": "0.05", "Basic Average Shares": "4,595", "Diluted Average Shares": "5,062", "Total Operating Income as Reported": "909.527", "Total Expenses": "7,781", "Net Income from Continuing & Discontinued Operation": "231.336", "Normalized Income": "-1,066", "Interest Income": "-", "Interest Expense": "-", "Net Interest Income": "-", "EBIT": "909.527", "EBITDA": "-", "Reconciled Cost of Revenue": "3,060", "Reconciled Depreciation": "194.908", "Net Income from Continuing Operation Net Minority Interest": "231.336", "Total Unusual Items Excluding Goodwill": "2,162", "Total Unusual Items": "2,162", "Normalized EBITDA": "-1,057", "Tax Rate for Calcs": "0", "Tax Effect of Unusual Items": "864.7316"}, "6/30/2003": {"Duration": "6/30/2003", "Total Revenue": "6,373", "Cost of Revenue": "2,249", "Gross Profit": "4,124", "Operating Expense": "3,796", "Operating Income": "328.003", "Other Income Expense": "2,211", "Pretax Income": "203.088", "Tax Provision": "69.262", "Net Income Common Stockholders": "133.826", "Diluted NI Available to Com Stockholders": "133.826", "Basic EPS": "0.03", "Diluted EPS": "0.03", "Basic Average Shares": "4,588", "Diluted Average Shares": "4,733", "Total Operating Income as Reported": "328.003", "Total Expenses": "6,045", "Net Income from Continuing & Discontinued Operation": "133.826", "Normalized Income": "-1,323", "Interest Income": "-", "Interest Expense": "-", "Net Interest Income": "-", "EBIT": "328.003", "EBITDA": "-", "Reconciled Cost of Revenue": "2,249", "Reconciled Depreciation": "178.398", "Net Income from Continuing Operation Net Minority Interest": "133.826", "Total Unusual Items Excluding Goodwill": "2,211", "Total Unusual Items": "2,211", "Normalized EBITDA": "-1,705", "Tax Rate for Calcs": "0", "Tax Effect of Unusual Items": "754.1035"}, "6/30/2002": {"Duration": "6/30/2002", "Total Revenue": "3,594", "Cost of Revenue": "1,964", "Gross Profit": "1,630", "Operating Expense": "3,771", "Operating Income": "-2,141", "Other Income Expense": "2,194", "Pretax Income": "-39.407", "Tax Provision": "-225.505", "Net Income Common Stockholders": "186.098", "Diluted NI Available to Com Stockholders": "186.098", "Basic EPS": "0.04", "Diluted EPS": "0.04", "Basic Average Shares": "4,588", "Diluted Average Shares": "4,598", "Total Operating Income as Reported": "51.398", "Total Expenses": "5,735", "Net Income from Continuing & Discontinued Operation": "186.098", "Normalized Income": "-1,130", "Interest Income": "2.816", "Interest Expense": "95.321", "Net Interest Income": "-92.505", "EBIT": "-2,141", "EBITDA": "-", "Reconciled Cost of Revenue": "1,964", "Reconciled Depreciation": "168.345", "Net Income from Continuing Operation Net Minority Interest": "186.098", "Total Unusual Items Excluding Goodwill": "2,194", "Total Unusual Items": "2,194", "Normalized EBITDA": "-4,167", "Tax Rate for Calcs": "0", "Tax Effect of Unusual Items": "877.6348"}, "6/30/2001": {"Duration": "6/30/2001", "Total Revenue": "3,403", "Cost of Revenue": "1,823", "Gross Profit": "1,580", "Operating Expense": "3,537", "Operating Income": "-1,957", "Other Income Expense": "2,320", "Pretax Income": "310.507", "Tax Provision": "-86.649", "Net Income Common Stockholders": "397.156", "Diluted NI Available to Com Stockholders": "397.156", "Basic EPS": "0.09", "Diluted EPS": "0.08", "Basic Average Shares": "4,588", "Diluted Average Shares": "4,588", "Total Operating Income as Reported": "361.016", "Total Expenses": "5,360", "Net Income from Continuing & Discontinued Operation": "397.156", "Normalized Income": "-994.9784", "Interest Income": "10.801", "Interest Expense": "63.188", "Net Interest Income": "-52.387", "EBIT": "-1,957", "EBITDA": "-", "Reconciled Cost of Revenue": "1,823", "Reconciled Depreciation": "151.947", "Net Income from Continuing Operation Net Minority Interest": "397.156", "Total Unusual Items Excluding Goodwill": "2,320", "Total Unusual Items": "2,320", "Normalized EBITDA": "-4,126", "Tax Rate for Calcs": "0", "Tax Effect of Unusual Items": "928.0896"}, "6/30/2000": {"Duration": "6/30/2000", "Total Revenue": "3,933", "Cost of Revenue": "637.164", "Gross Profit": "3,296", "Operating Expense": "3,130", "Operating Income": "166.2", "Other Income Expense": "66.199", "Pretax Income": "213.221", "Tax Provision": "82.263", "Net Income Common Stockholders": "130.958", "Diluted NI Available to Com Stockholders": "130.958", "Basic EPS": "0.03", "Diluted EPS": "0.03", "Basic Average Shares": "4,599", "Diluted Average Shares": "4,599", "Total Operating Income as Reported": "166.2", "Total Expenses": "3,767", "Net Income from Continuing & Discontinued Operation": "130.958", "Normalized Income": "90.2993", "Interest Income": "-", "Interest Expense": "-", "Net Interest Income": "-", "EBIT": "166.2", "EBITDA": "-", "Reconciled Cost of Revenue": "637.164", "Reconciled Depreciation": "126.123", "Net Income from Continuing Operation Net Minority Interest": "130.958", "Total Unusual Items Excluding Goodwill": "66.199", "Total Unusual Items": "66.199", "Normalized EBITDA": "226.124", "Tax Rate for Calcs": "0", "Tax Effect of Unusual Items": "25.5403"}, "6/30/1999": {"Duration": "6/30/1999", "Total Revenue": "1,300", "Cost of Revenue": "200", "Gross Profit": "1,100", "Operating Expense": "2,200", "Operating Income": "-1,100", "Other Income Expense": "1,700", "Pretax Income": "500", "Tax Provision": "200", "Net Income Common Stockholders": "300", "Diluted NI Available to Com Stockholders": "300", "Basic EPS": "0.07", "Diluted EPS": "0.07", "Basic Average Shares": "4,286", "Diluted Average Shares": "4,286", "Total Operating Income as Reported": "-1,100", "Total Expenses": "2,400", "Net Income from Continuing & Discontinued Operation": "300", "Normalized Income": "-720", "Interest Income": "-", "Interest Expense": "-", "Net Interest Income": "-", "EBIT": "-1,100", "EBITDA": "-", "Reconciled Cost of Revenue": "200", "Reconciled Depreciation": "100", "Net Income from Continuing Operation Net Minority Interest": "300", "Total Unusual Items Excluding Goodwill": "1,700", "Total Unusual Items": "1,700", "Normalized EBITDA": "-2,700", "Tax Rate for Calcs": "0", "Tax Effect of Unusual Items": "680"}}, "bs": {"6/30/2018": {"Duration": "6/30/2018", "Total Assets": "4,841", "Total Liabilities Net Minority Interest": "3,143", "Total Equity Gross Minority Interest": "1,698", "Total Capitalization": "3,766", "Preferred Stock Equity": "-", "Common Stock Equity": "1,698", "Capital Lease Obligations": "-", "Net Tangible Assets": "1,182", "Working Capital": "1,199", "Invested Capital": "4,367", "Tangible Book Value": "1,182", "Total Debt": "2,669", "Net Debt": "2,195", "Share Issued": "4,772", "Ordinary Shares Number": "4,772", "Treasury Shares Number": "-"}, "6/30/2017": {"Duration": "6/30/2017", "Total Assets": "4,755", "Total Liabilities Net Minority Interest": "3,117", "Total Equity Gross Minority Interest": "1,638", "Total Capitalization": "3,794", "Preferred Stock Equity": "-", "Common Stock Equity": "1,638", "Capital Lease Obligations": "-", "Net Tangible Assets": "1,027", "Working Capital": "1,020", "Invested Capital": "4,090", "Tangible Book Value": "1,027", "Total Debt": "2,452", "Net Debt": "2,080", "Share Issued": "4,772", "Ordinary Shares Number": "4,772", "Treasury Shares Number": "-"}, "6/30/2016": {"Duration": "6/30/2016", "Total Assets": "6,287", "Total Liabilities Net Minority Interest": "3,370", "Total Equity Gross Minority Interest": "2,916", "Total Capitalization": "5,239", "Preferred Stock Equity": "-", "Common Stock Equity": "2,916", "Capital Lease Obligations": "-", "Net Tangible Assets": "2,238", "Working Capital": "1,271", "Invested Capital": "5,331", "Tangible Book Value": "2,238", "Total Debt": "2,414", "Net Debt": "2,084", "Share Issued": "4,772", "Ordinary Shares Number": "4,772", "Treasury Shares Number": "-"}, "6/30/2015": {"Duration": "6/30/2015", "Total Assets": "6,470", "Total Liabilities Net Minority Interest": "3,385", "Total Equity Gross Minority Interest": "3,085", "Total Capitalization": "5,497", "Preferred Stock Equity": "-", "Common Stock Equity": "3,085", "Capital Lease Obligations": "-", "Net Tangible Assets": "2,337", "Working Capital": "1,581", "Invested Capital": "5,584", "Tangible Book Value": "2,337", "Total Debt": "2,500", "Net Debt": "2,035", "Share Issued": "4,772", "Ordinary Shares Number": "4,772", "Treasury Shares Number": "-"}, "6/30/2014": {"Duration": "6/30/2014", "Total Assets": "6,437", "Total Liabilities Net Minority Interest": "3,504", "Total Equity Gross Minority Interest": "2,932", "Total Capitalization": "5,431", "Preferred Stock Equity": "-", "Common Stock Equity": "2,932", "Capital Lease Obligations": "-", "Net Tangible Assets": "2,128", "Working Capital": "1,374", "Invested Capital": "5,513", "Tangible Book Value": "2,128", "Total Debt": "2,581", "Net Debt": "2,035", "Share Issued": "4,772", "Ordinary Shares Number": "4,772", "Treasury Shares Number": "-"}, "6/30/2013": {"Duration": "6/30/2013", "Total Assets": "6,503", "Total Liabilities Net Minority Interest": "3,688", "Total Equity Gross Minority Interest": "2,815", "Total Capitalization": "5,409", "Preferred Stock Equity": "-", "Common Stock Equity": "2,815", "Capital Lease Obligations": "0", "Net Tangible Assets": "2,089", "Working Capital": "1,257", "Invested Capital": "5,469", "Tangible Book Value": "2,089", "Total Debt": "2,653", "Net Debt": "2,194", "Share Issued": "4,772", "Ordinary Shares Number": "4,772", "Treasury Shares Number": "-"}, "6/30/2012": {"Duration": "6/30/2012", "Total Assets": "6,526", "Total Liabilities Net Minority Interest": "3,989", "Total Equity Gross Minority Interest": "2,537", "Total Capitalization": "5,193", "Preferred Stock Equity": "0", "Common Stock Equity": "2,537", "Capital Lease Obligations": "16.499", "Net Tangible Assets": "1,775", "Working Capital": "859.122", "Invested Capital": "5,249", "Tangible Book Value": "1,775", "Total Debt": "2,729", "Net Debt": "2,431", "Share Issued": "4,783", "Ordinary Shares Number": "4,772", "Treasury Shares Number": "10.917"}, "6/30/2011": {"Duration": "6/30/2011", "Total Assets": "6,998", "Total Liabilities Net Minority Interest": "4,065", "Total Equity Gross Minority Interest": "2,932", "Total Capitalization": "5,647", "Preferred Stock Equity": "0", "Common Stock Equity": "2,932", "Capital Lease Obligations": "34.085", "Net Tangible Assets": "2,112", "Working Capital": "1,197", "Invested Capital": "5,699", "Tangible Book Value": "2,112", "Total Debt": "2,801", "Net Debt": "2,264", "Share Issued": "4,783", "Ordinary Shares Number": "4,772", "Treasury Shares Number": "10.917"}, "6/30/2010": {"Duration": "6/30/2010", "Total Assets": "7,535", "Total Liabilities Net Minority Interest": "4,022", "Total Equity Gross Minority Interest": "3,514", "Total Capitalization": "6,283", "Preferred Stock Equity": "-", "Common Stock Equity": "3,514", "Capital Lease Obligations": "50.716", "Net Tangible Assets": "2,674", "Working Capital": "1,961", "Invested Capital": "6,331", "Tangible Book Value": "2,674", "Total Debt": "2,869", "Net Debt": "1,974", "Share Issued": "4,783", "Ordinary Shares Number": "4,772", "Treasury Shares Number": "10.917"}, "6/30/2009": {"Duration": "6/30/2009", "Total Assets": "8,330", "Total Liabilities Net Minority Interest": "4,257", "Total Equity Gross Minority Interest": "4,073", "Total Capitalization": "6,893", "Preferred Stock Equity": "-", "Common Stock Equity": "4,073", "Capital Lease Obligations": "64.731", "Net Tangible Assets": "3,333", "Working Capital": "2,993", "Invested Capital": "6,939", "Tangible Book Value": "3,333", "Total Debt": "2,930", "Net Debt": "1,280", "Share Issued": "4,783", "Ordinary Shares Number": "4,772", "Treasury Shares Number": "10.917"}, "6/30/2008": {"Duration": "6/30/2008", "Total Assets": "7,178", "Total Liabilities Net Minority Interest": "3,608", "Total Equity Gross Minority Interest": "3,570", "Total Capitalization": "5,283", "Preferred Stock Equity": "-", "Common Stock Equity": "3,570", "Capital Lease Obligations": "-", "Net Tangible Assets": "2,749", "Working Capital": "833.477", "Invested Capital": "5,816", "Tangible Book Value": "2,749", "Total Debt": "2,246", "Net Debt": "2,138", "Share Issued": "4,783", "Ordinary Shares Number": "4,772", "Treasury Shares Number": "10.917"}, "6/30/2007": {"Duration": "6/30/2007", "Total Assets": "7,184", "Total Liabilities Net Minority Interest": "3,869", "Total Equity Gross Minority Interest": "3,314", "Total Capitalization": "5,192", "Preferred Stock Equity": "-", "Common Stock Equity": "3,314", "Capital Lease Obligations": "-", "Net Tangible Assets": "2,404", "Working Capital": "701.205", "Invested Capital": "5,922", "Tangible Book Value": "2,404", "Total Debt": "2,608", "Net Debt": "2,461", "Share Issued": "4,772", "Ordinary Shares Number": "4,772", "Treasury Shares Number": "-"}, "6/30/2006": {"Duration": "6/30/2006", "Total Assets": "7,816", "Total Liabilities Net Minority Interest": "4,455", "Total Equity Gross Minority Interest": "3,361", "Total Capitalization": "5,454", "Preferred Stock Equity": "-", "Common Stock Equity": "3,361", "Capital Lease Obligations": "-", "Net Tangible Assets": "2,512", "Working Capital": "970.111", "Invested Capital": "6,313", "Tangible Book Value": "2,512", "Total Debt": "2,952", "Net Debt": "2,517", "Share Issued": "4,772", "Ordinary Shares Number": "4,772", "Treasury Shares Number": "-"}, "6/30/2005": {"Duration": "6/30/2005", "Total Assets": "8,220", "Total Liabilities Net Minority Interest": "4,087", "Total Equity Gross Minority Interest": "4,133", "Total Capitalization": "6,428", "Preferred Stock Equity": "-", "Common Stock Equity": "4,133", "Capital Lease Obligations": "-", "Net Tangible Assets": "3,114", "Working Capital": "2,554", "Invested Capital": "6,890", "Tangible Book Value": "3,114", "Total Debt": "2,757", "Net Debt": "1,381", "Share Issued": "4,772", "Ordinary Shares Number": "4,772", "Treasury Shares Number": "-"}, "6/30/2004": {"Duration": "6/30/2004", "Total Assets": "6,802", "Total Liabilities Net Minority Interest": "2,955", "Total Equity Gross Minority Interest": "3,847", "Total Capitalization": "5,211", "Preferred Stock Equity": "-", "Common Stock Equity": "3,847", "Capital Lease Obligations": "-", "Net Tangible Assets": "2,933", "Working Capital": "1,671", "Invested Capital": "5,434", "Tangible Book Value": "2,933", "Total Debt": "1,586", "Net Debt": "1,444", "Share Issued": "4,772", "Ordinary Shares Number": "4,772", "Treasury Shares Number": "-"}, "6/30/2003": {"Duration": "6/30/2003", "Total Assets": "6,575", "Total Liabilities Net Minority Interest": "2,967", "Total Equity Gross Minority Interest": "3,609", "Total Capitalization": "5,049", "Preferred Stock Equity": "-", "Common Stock Equity": "3,609", "Capital Lease Obligations": "-", "Net Tangible Assets": "2,507", "Working Capital": "1,363", "Invested Capital": "5,747", "Tangible Book Value": "2,507", "Total Debt": "2,139", "Net Debt": "2,041", "Share Issued": "4,772", "Ordinary Shares Number": "4,772", "Treasury Shares Number": "-"}, "6/30/2002": {"Duration": "6/30/2002", "Total Assets": "6,468", "Total Liabilities Net Minority Interest": "2,993", "Total Equity Gross Minority Interest": "3,475", "Total Capitalization": "5,017", "Preferred Stock Equity": "-", "Common Stock Equity": "3,475", "Capital Lease Obligations": "-", "Net Tangible Assets": "2,942", "Working Capital": "1,308", "Invested Capital": "5,594", "Tangible Book Value": "2,942", "Total Debt": "2,120", "Net Debt": "2,009", "Share Issued": "4,772", "Ordinary Shares Number": "4,772", "Treasury Shares Number": "-"}, "6/30/2001": {"Duration": "6/30/2001", "Total Assets": "5,088", "Total Liabilities Net Minority Interest": "1,799", "Total Equity Gross Minority Interest": "3,289", "Total Capitalization": "4,012", "Preferred Stock Equity": "-", "Common Stock Equity": "3,289", "Capital Lease Obligations": "-", "Net Tangible Assets": "2,356", "Working Capital": "1,238", "Invested Capital": "4,112", "Tangible Book Value": "2,356", "Total Debt": "823.353", "Net Debt": "749.164", "Share Issued": "4,772", "Ordinary Shares Number": "4,772", "Treasury Shares Number": "-"}, "6/30/2000": {"Duration": "6/30/2000", "Total Assets": "4,259", "Total Liabilities Net Minority Interest": "1,367", "Total Equity Gross Minority Interest": "2,891", "Total Capitalization": "3,571", "Preferred Stock Equity": "-", "Common Stock Equity": "2,891", "Capital Lease Obligations": "-", "Net Tangible Assets": "2,103", "Working Capital": "1,019", "Invested Capital": "3,628", "Tangible Book Value": "2,103", "Total Debt": "736.667", "Net Debt": "718.428", "Share Issued": "4,772", "Ordinary Shares Number": "4,772", "Treasury Shares Number": "-"}, "6/30/1999": {"Duration": "6/30/1999", "Total Assets": "4,200", "Total Liabilities Net Minority Interest": "1,300", "Total Equity Gross Minority Interest": "2,900", "Total Capitalization": "3,600", "Preferred Stock Equity": "-", "Common Stock Equity": "2,900", "Capital Lease Obligations": "-", "Net Tangible Assets": "2,700", "Working Capital": "1,800", "Invested Capital": "3,700", "Tangible Book Value": "2,700", "Total Debt": "800", "Net Debt": "-", "Share Issued": "4,772", "Ordinary Shares Number": "4,772", "Treasury Shares Number": "-"}}, "cf": {"TTM": {"Duration": "TTM", "Operating Cash Flow": "-1,368", "Investing Cash Flow": "6,139", "Financing Cash Flow": "-3,899", "End Cash Position": "1,337", "Income Tax Paid Supplemental Data": "2.75", "Interest Paid Supplemental Data": "55.042", "Capital Expenditure": "-360.995", "Issuance of Capital Stock": "-", "Issuance of Debt": "-", "Repayment of Debt": "-2,706", "Free Cash Flow": "-1,729", "Domestic Sales": "-", "Foreign Sales": "-"}, "6/30/2018": {"Duration": "6/30/2018", "Operating Cash Flow": "-3.22", "Investing Cash Flow": "-111.876", "Financing Cash Flow": "216.523", "End Cash Position": "473.162", "Income Tax Paid Supplemental Data": "2.75", "Interest Paid Supplemental Data": "144.814", "Capital Expenditure": "-111.876", "Issuance of Capital Stock": "-", "Issuance of Debt": "300", "Repayment of Debt": "-83.477", "Free Cash Flow": "-115.096", "Domestic Sales": "-", "Foreign Sales": "-"}, "6/30/2017": {"Duration": "6/30/2017", "Operating Cash Flow": "157.963", "Investing Cash Flow": "-226.467", "Financing Cash Flow": "110.074", "End Cash Position": "371.735", "Income Tax Paid Supplemental Data": "2.75", "Interest Paid Supplemental Data": "121.444", "Capital Expenditure": "-226.467", "Issuance of Capital Stock": "-", "Issuance of Debt": "200", "Repayment of Debt": "-89.926", "Free Cash Flow": "-68.504", "Domestic Sales": "-", "Foreign Sales": "-"}, "6/30/2016": {"Duration": "6/30/2016", "Operating Cash Flow": "194.337", "Investing Cash Flow": "-243.394", "Financing Cash Flow": "-85.477", "End Cash Position": "330.165", "Income Tax Paid Supplemental Data": "3", "Interest Paid Supplemental Data": "128.559", "Capital Expenditure": "-243.394", "Issuance of Capital Stock": "-", "Issuance of Debt": "-", "Repayment of Debt": "-85.477", "Free Cash Flow": "-49.057", "Domestic Sales": "-", "Foreign Sales": "-"}, "6/30/2015": {"Duration": "6/30/2015", "Operating Cash Flow": "253.208", "Investing Cash Flow": "-252.906", "Financing Cash Flow": "-81.289", "End Cash Position": "464.699", "Income Tax Paid Supplemental Data": "3", "Interest Paid Supplemental Data": "131.904", "Capital Expenditure": "-252.906", "Issuance of Capital Stock": "-", "Issuance of Debt": "-", "Repayment of Debt": "-81.289", "Free Cash Flow": "0.302", "Domestic Sales": "-", "Foreign Sales": "-"}, "6/30/2014": {"Duration": "6/30/2014", "Operating Cash Flow": "506.584", "Investing Cash Flow": "-347.456", "Financing Cash Flow": "-72.396", "End Cash Position": "545.686", "Income Tax Paid Supplemental Data": "3.5", "Interest Paid Supplemental Data": "151.102", "Capital Expenditure": "-347.456", "Issuance of Capital Stock": "-", "Issuance of Debt": "-", "Repayment of Debt": "-72.396", "Free Cash Flow": "159.128", "Domestic Sales": "-", "Foreign Sales": "-"}, "6/30/2013": {"Duration": "6/30/2013", "Operating Cash Flow": "517.945", "Investing Cash Flow": "-281.105", "Financing Cash Flow": "-58.764", "End Cash Position": "458.954", "Income Tax Paid Supplemental Data": "-", "Interest Paid Supplemental Data": "-", "Capital Expenditure": "-281.105", "Issuance of Capital Stock": "-", "Issuance of Debt": "-", "Repayment of Debt": "-58.764", "Free Cash Flow": "236.84", "Domestic Sales": "-", "Foreign Sales": "-"}, "6/30/2012": {"Duration": "6/30/2012", "Operating Cash Flow": "-3.849", "Investing Cash Flow": "-163.471", "Financing Cash Flow": "-54.399", "End Cash Position": "280.878", "Income Tax Paid Supplemental Data": "-", "Interest Paid Supplemental Data": "-", "Capital Expenditure": "-213.471", "Issuance of Capital Stock": "-", "Issuance of Debt": "-", "Repayment of Debt": "-54.399", "Free Cash Flow": "-217.32", "Domestic Sales": "3,790", "Foreign Sales": "1,952"}, "6/30/2011": {"Duration": "6/30/2011", "Operating Cash Flow": "-378.006", "Investing Cash Flow": "88.292", "Financing Cash Flow": "-51.299", "End Cash Position": "502.597", "Income Tax Paid Supplemental Data": "-", "Interest Paid Supplemental Data": "-", "Capital Expenditure": "-301.708", "Issuance of Capital Stock": "-", "Issuance of Debt": "-", "Repayment of Debt": "-51.299", "Free Cash Flow": "-679.714", "Domestic Sales": "3,309", "Foreign Sales": "2,206"}, "6/30/2010": {"Duration": "6/30/2010", "Operating Cash Flow": "-955.802", "Investing Cash Flow": "261.562", "Financing Cash Flow": "-47.915", "End Cash Position": "843.61", "Income Tax Paid Supplemental Data": "-", "Interest Paid Supplemental Data": "-", "Capital Expenditure": "-548.438", "Issuance of Capital Stock": "-", "Issuance of Debt": "0", "Repayment of Debt": "-47.915", "Free Cash Flow": "-1,504", "Domestic Sales": "4,464", "Foreign Sales": "1,736"}, "6/30/2009": {"Duration": "6/30/2009", "Operating Cash Flow": "113.236", "Investing Cash Flow": "666.381", "Financing Cash Flow": "697.745", "End Cash Position": "1,586", "Income Tax Paid Supplemental Data": "-", "Interest Paid Supplemental Data": "-", "Capital Expenditure": "-483.619", "Issuance of Capital Stock": "0", "Issuance of Debt": "2,900", "Repayment of Debt": "-2,202", "Free Cash Flow": "-370.383", "Domestic Sales": "6,434", "Foreign Sales": "1,318"}, "6/30/2008": {"Duration": "6/30/2008", "Operating Cash Flow": "759.492", "Investing Cash Flow": "-435.903", "Financing Cash Flow": "-361.524", "End Cash Position": "108.403", "Income Tax Paid Supplemental Data": "-", "Interest Paid Supplemental Data": "-", "Capital Expenditure": "-435.903", "Issuance of Capital Stock": "78", "Issuance of Debt": "-", "Repayment of Debt": "-", "Free Cash Flow": "323.589", "Domestic Sales": "-", "Foreign Sales": "-"}, "6/30/2007": {"Duration": "6/30/2007", "Operating Cash Flow": "436.767", "Investing Cash Flow": "-385.428", "Financing Cash Flow": "-339.866", "End Cash Position": "146.338", "Income Tax Paid Supplemental Data": "-", "Interest Paid Supplemental Data": "-", "Capital Expenditure": "-385.428", "Issuance of Capital Stock": "4.5", "Issuance of Debt": "-", "Repayment of Debt": "-", "Free Cash Flow": "51.339", "Domestic Sales": "6,885", "Foreign Sales": "1,215"}, "6/30/2006": {"Duration": "6/30/2006", "Operating Cash Flow": "-677.039", "Investing Cash Flow": "-544.365", "Financing Cash Flow": "279.613", "End Cash Position": "434.865", "Income Tax Paid Supplemental Data": "-", "Interest Paid Supplemental Data": "-", "Capital Expenditure": "-551.732", "Issuance of Capital Stock": "7.7", "Issuance of Debt": "-", "Repayment of Debt": "-", "Free Cash Flow": "-1,229", "Domestic Sales": "-", "Foreign Sales": "-"}, "6/30/2005": {"Duration": "6/30/2005", "Operating Cash Flow": "862.721", "Investing Cash Flow": "-738.285", "Financing Cash Flow": "1,110", "End Cash Position": "1,377", "Income Tax Paid Supplemental Data": "-", "Interest Paid Supplemental Data": "-", "Capital Expenditure": "-560.277", "Issuance of Capital Stock": "16", "Issuance of Debt": "-", "Repayment of Debt": "-", "Free Cash Flow": "302.444", "Domestic Sales": "-", "Foreign Sales": "-"}, "6/30/2004": {"Duration": "6/30/2004", "Operating Cash Flow": "961.132", "Investing Cash Flow": "-371.322", "Financing Cash Flow": "-545.01", "End Cash Position": "142.476", "Income Tax Paid Supplemental Data": "-", "Interest Paid Supplemental Data": "-", "Capital Expenditure": "-371.322", "Issuance of Capital Stock": "7.497", "Issuance of Debt": "-", "Repayment of Debt": "-", "Free Cash Flow": "589.81", "Domestic Sales": "-", "Foreign Sales": "-"}, "6/30/2003": {"Duration": "6/30/2003", "Operating Cash Flow": "104.507", "Investing Cash Flow": "-137.025", "Financing Cash Flow": "19.046", "End Cash Position": "97.676", "Income Tax Paid Supplemental Data": "-", "Interest Paid Supplemental Data": "-", "Capital Expenditure": "-137.025", "Issuance of Capital Stock": "-", "Issuance of Debt": "-", "Repayment of Debt": "-", "Free Cash Flow": "-32.518", "Domestic Sales": "-", "Foreign Sales": "-"}, "6/30/2002": {"Duration": "6/30/2002", "Operating Cash Flow": "-232.539", "Investing Cash Flow": "-970.183", "Financing Cash Flow": "1,240", "End Cash Position": "111.148", "Income Tax Paid Supplemental Data": "-", "Interest Paid Supplemental Data": "-", "Capital Expenditure": "-971.683", "Issuance of Capital Stock": "-", "Issuance of Debt": "-", "Repayment of Debt": "-", "Free Cash Flow": "-1,204", "Domestic Sales": "-", "Foreign Sales": "-"}, "6/30/2001": {"Duration": "6/30/2001", "Operating Cash Flow": "231.381", "Investing Cash Flow": "-318.784", "Financing Cash Flow": "143.353", "End Cash Position": "74.189", "Income Tax Paid Supplemental Data": "-", "Interest Paid Supplemental Data": "-", "Capital Expenditure": "-302.124", "Issuance of Capital Stock": "-", "Issuance of Debt": "-", "Repayment of Debt": "-", "Free Cash Flow": "-70.743", "Domestic Sales": "-", "Foreign Sales": "-"}, "6/30/2000": {"Duration": "6/30/2000", "Operating Cash Flow": "-166.594", "Investing Cash Flow": "-890.826", "Financing Cash Flow": "-194.636", "End Cash Position": "18.239", "Income Tax Paid Supplemental Data": "-", "Interest Paid Supplemental Data": "-", "Capital Expenditure": "-316.826", "Issuance of Capital Stock": "-", "Issuance of Debt": "-", "Repayment of Debt": "-", "Free Cash Flow": "-483.42", "Domestic Sales": "-", "Foreign Sales": "-"}, "6/30/1999": {"Duration": "6/30/1999", "Operating Cash Flow": "200", "Investing Cash Flow": "-200", "Financing Cash Flow": "500", "End Cash Position": "1,300", "Income Tax Paid Supplemental Data": "-", "Interest Paid Supplemental Data": "-", "Capital Expenditure": "-200", "Issuance of Capital Stock": "700", "Issuance of Debt": "-", "Repayment of Debt": "-", "Free Cash Flow": "0", "Domestic Sales": "-", "Foreign Sales": "-"}}, "ks": {"Current": {"Duration": "Current", "Market Cap (intraday) 5": "3.34M", "Enterprise Value 3": "3.34M", "Trailing P/E ": "0.82", "Forward P/E 1": "N/A", "PEG Ratio (5 yr expected) 1": "N/A", "Price/Sales (ttm)": "0.64", "Price/Book (mrq)": "N/A", "Enterprise Value/Revenue 3": "0.52", "Enterprise Value/EBITDA 7": "26.36"}, "12/31/2016": {"Duration": "12/31/2016", "Market Cap (intraday) 5": "3.34M", "Enterprise Value 3": "3.34M", "Trailing P/E ": "N/A", "Forward P/E 1": "N/A", "PEG Ratio (5 yr expected) 1": "N/A", "Price/Sales (ttm)": "0.46", "Price/Book (mrq)": "N/A", "Enterprise Value/Revenue 3": "2.38", "Enterprise Value/EBITDA 7": "17.18"}, "12/31/2014": {"Duration": "12/31/2014", "Market Cap (intraday) 5": "2.96M", "Enterprise Value 3": "4.83M", "Trailing P/E ": "53.35", "Forward P/E 1": "N/A", "PEG Ratio (5 yr expected) 1": "N/A", "Price/Sales (ttm)": "0.48", "Price/Book (mrq)": "1.01", "Enterprise Value/Revenue 3": "3.80", "Enterprise Value/EBITDA 7": "-8.20k"}, "9/30/2014": {"Duration": "9/30/2014", "Market Cap (intraday) 5": "3.44M", "Enterprise Value 3": "5.45M", "Trailing P/E ": "9.00", "Forward P/E 1": "N/A", "PEG Ratio (5 yr expected) 1": "N/A", "Price/Sales (ttm)": "0.54", "Price/Book (mrq)": "1.17", "Enterprise Value/Revenue 3": "3.70", "Enterprise Value/EBITDA 7": "34.62"}, "6/30/2014": {"Duration": "6/30/2014", "Market Cap (intraday) 5": "4.06M", "Enterprise Value 3": "6.07M", "Trailing P/E ": "10.62", "Forward P/E 1": "N/A", "PEG Ratio (5 yr expected) 1": "N/A", "Price/Sales (ttm)": "0.63", "Price/Book (mrq)": "1.38", "Enterprise Value/Revenue 3": "4.39", "Enterprise Value/EBITDA 7": "48.33"}, "3/31/2014": {"Duration": "3/31/2014", "Market Cap (intraday) 5": "5.44M", "Enterprise Value 3": "7.71M", "Trailing P/E ": "14.25", "Forward P/E 1": "N/A", "PEG Ratio (5 yr expected) 1": "N/A", "Price/Sales (ttm)": "0.92", "Price/Book (mrq)": "1.89", "Enterprise Value/Revenue 3": "4.08", "Enterprise Value/EBITDA 7": "27.36"}, "12/31/2013": {"Duration": "12/31/2013", "Market Cap (intraday) 5": "4.15M", "Enterprise Value 3": "6.17M", "Trailing P/E ": "9.67", "Forward P/E 1": "N/A", "PEG Ratio (5 yr expected) 1": "N/A", "Price/Sales (ttm)": "0.70", "Price/Book (mrq)": "1.45", "Enterprise Value/Revenue 3": "4.53", "Enterprise Value/EBITDA 7": "40.34"}, "9/30/2013": {"Duration": "9/30/2013", "Market Cap (intraday) 5": "4.77M", "Enterprise Value 3": "7.08M", "Trailing P/E ": "N/A", "Forward P/E 1": "N/A", "PEG Ratio (5 yr expected) 1": "N/A", "Price/Sales (ttm)": "0.90", "Price/Book (mrq)": "1.86", "Enterprise Value/Revenue 3": "5.11", "Enterprise Value/EBITDA 7": "39.54"}, "6/30/2013": {"Duration": "6/30/2013", "Market Cap (intraday) 5": "4.77M", "Enterprise Value 3": "7.08M", "Trailing P/E ": "N/A", "Forward P/E 1": "N/A", "PEG Ratio (5 yr expected) 1": "N/A", "Price/Sales (ttm)": "0.90", "Price/Book (mrq)": "1.86", "Enterprise Value/Revenue 3": "3.96", "Enterprise Value/EBITDA 7": "14.43"}, "3/31/2013": {"Duration": "3/31/2013", "Market Cap (intraday) 5": "4.63M", "Enterprise Value 3": "7.02M", "Trailing P/E ": "N/A", "Forward P/E 1": "N/A", "PEG Ratio (5 yr expected) 1": "N/A", "Price/Sales (ttm)": "0.84", "Price/Book (mrq)": "1.86", "Enterprise Value/Revenue 3": "5.02", "Enterprise Value/EBITDA 7": "29.94"}, "12/31/2012": {"Duration": "12/31/2012", "Market Cap (intraday) 5": "4.96M", "Enterprise Value 3": "7.36M", "Trailing P/E ": "N/A", "Forward P/E 1": "N/A", "PEG Ratio (5 yr expected) 1": "N/A", "Price/Sales (ttm)": "0.90", "Price/Book (mrq)": "1.99", "Enterprise Value/Revenue 3": "5.53", "Enterprise Value/EBITDA 7": "87.37"}, "9/30/2012": {"Duration": "9/30/2012", "Market Cap (intraday) 5": "7.16M", "Enterprise Value 3": "9.61M", "Trailing P/E ": "N/A", "Forward P/E 1": "N/A", "PEG Ratio (5 yr expected) 1": "N/A", "Price/Sales (ttm)": "1.25", "Price/Book (mrq)": "2.82", "Enterprise Value/Revenue 3": "7.58", "Enterprise Value/EBITDA 7": "211.12"}, "6/30/2012": {"Duration": "6/30/2012", "Market Cap (intraday) 5": "5.97M", "Enterprise Value 3": "8.20M", "Trailing P/E ": "N/A", "Forward P/E 1": "N/A", "PEG Ratio (5 yr expected) 1": "N/A", "Price/Sales (ttm)": "1.01", "Price/Book (mrq)": "2.16", "Enterprise Value/Revenue 3": "6.21", "Enterprise Value/EBITDA 7": "183.93"}, "3/31/2012": {"Duration": "3/31/2012", "Market Cap (intraday) 5": "4.96M", "Enterprise Value 3": "7.37M", "Trailing P/E ": "N/A", "Forward P/E 1": "N/A", "PEG Ratio (5 yr expected) 1": "N/A", "Price/Sales (ttm)": "0.84", "Price/Book (mrq)": "1.79", "Enterprise Value/Revenue 3": "4.66", "Enterprise Value/EBITDA 7": "50.73"}, "12/31/2011": {"Duration": "12/31/2011", "Market Cap (intraday) 5": "4.44M", "Enterprise Value 3": "6.73M", "Trailing P/E ": "N/A", "Forward P/E 1": "N/A", "PEG Ratio (5 yr expected) 1": "N/A", "Price/Sales (ttm)": "0.78", "Price/Book (mrq)": "1.56", "Enterprise Value/Revenue 3": "4.83", "Enterprise Value/EBITDA 7": "219.18"}, "9/30/2011": {"Duration": "9/30/2011", "Market Cap (intraday) 5": "4.72M", "Enterprise Value 3": "7.02M", "Trailing P/E ": "N/A", "Forward P/E 1": "N/A", "PEG Ratio (5 yr expected) 1": "N/A", "Price/Sales (ttm)": "0.83", "Price/Book (mrq)": "1.66", "Enterprise Value/Revenue 3": "4.84", "Enterprise Value/EBITDA 7": "181.65"}, "6/30/2011": {"Duration": "6/30/2011", "Market Cap (intraday) 5": "3.10M", "Enterprise Value 3": "5.35M", "Trailing P/E ": "N/A", "Forward P/E 1": "N/A", "PEG Ratio (5 yr expected) 1": "N/A", "Price/Sales (ttm)": "0.56", "Price/Book (mrq)": "1.06", "Enterprise Value/Revenue 3": "3.56", "Enterprise Value/EBITDA 7": "29.53"}, "3/31/2011": {"Duration": "3/31/2011", "Market Cap (intraday) 5": "3.29M", "Enterprise Value 3": "5.24M", "Trailing P/E ": "N/A", "Forward P/E 1": "N/A", "PEG Ratio (5 yr expected) 1": "N/A", "Price/Sales (ttm)": "0.59", "Price/Book (mrq)": "1.10", "Enterprise Value/Revenue 3": "3.38", "Enterprise Value/EBITDA 7": "524.27"}, "12/31/2010": {"Duration": "12/31/2010", "Market Cap (intraday) 5": "3.10M", "Enterprise Value 3": "5.32M", "Trailing P/E ": "N/A", "Forward P/E 1": "N/A", "PEG Ratio (5 yr expected) 1": "N/A", "Price/Sales (ttm)": "0.56", "Price/Book (mrq)": "1.01", "Enterprise Value/Revenue 3": "4.41", "Enterprise Value/EBITDA 7": "-56.52"}, "9/30/2010": {"Duration": "9/30/2010", "Market Cap (intraday) 5": "2.39M", "Enterprise Value 3": "4.27M", "Trailing P/E ": "N/A", "Forward P/E 1": "N/A", "PEG Ratio (5 yr expected) 1": "N/A", "Price/Sales (ttm)": "0.42", "Price/Book (mrq)": "0.73", "Enterprise Value/Revenue 3": "3.40", "Enterprise Value/EBITDA 7": "-15.89"}, "6/30/2010": {"Duration": "6/30/2010", "Market Cap (intraday) 5": "4.72M", "Enterprise Value 3": "6.31M", "Trailing P/E ": "N/A", "Forward P/E 1": "N/A", "PEG Ratio (5 yr expected) 1": "N/A", "Price/Sales (ttm)": "0.76", "Price/Book (mrq)": "1.34", "Enterprise Value/Revenue 3": "3.94", "Enterprise Value/EBITDA 7": "-15.85"}, "3/31/2010": {"Duration": "3/31/2010", "Market Cap (intraday) 5": "2.62M", "Enterprise Value 3": "3.88M", "Trailing P/E ": "N/A", "Forward P/E 1": "N/A", "PEG Ratio (5 yr expected) 1": "N/A", "Price/Sales (ttm)": "0.41", "Price/Book (mrq)": "0.75", "Enterprise Value/Revenue 3": "2.63", "Enterprise Value/EBITDA 7": "-11.84"}, "12/31/2009": {"Duration": "12/31/2009", "Market Cap (intraday) 5": "3.20M", "Enterprise Value 3": "4.38M", "Trailing P/E ": "33.50", "Forward P/E 1": "N/A", "PEG Ratio (5 yr expected) 1": "N/A", "Price/Sales (ttm)": "0.48", "Price/Book (mrq)": "0.86", "Enterprise Value/Revenue 3": "3.10", "Enterprise Value/EBITDA 7": "-13.98"}, "9/30/2009": {"Duration": "9/30/2009", "Market Cap (intraday) 5": "5.20M", "Enterprise Value 3": "6.57M", "Trailing P/E ": "27.25", "Forward P/E 1": "N/A", "PEG Ratio (5 yr expected) 1": "N/A", "Price/Sales (ttm)": "0.70", "Price/Book (mrq)": "1.37", "Enterprise Value/Revenue 3": "3.85", "Enterprise Value/EBITDA 7": "-22.25"}, "6/30/2009": {"Duration": "6/30/2009", "Market Cap (intraday) 5": "3.10M", "Enterprise Value 3": "4.00M", "Trailing P/E ": "5.91", "Forward P/E 1": "N/A", "PEG Ratio (5 yr expected) 1": "N/A", "Price/Sales (ttm)": "0.40", "Price/Book (mrq)": "0.76", "Enterprise Value/Revenue 3": "2.31", "Enterprise Value/EBITDA 7": "-4.86"}, "3/31/2009": {"Duration": "3/31/2009", "Market Cap (intraday) 5": "2.82M", "Enterprise Value 3": "4.09M", "Trailing P/E ": "3.50", "Forward P/E 1": "N/A", "PEG Ratio (5 yr expected) 1": "N/A", "Price/Sales (ttm)": "0.34", "Price/Book (mrq)": "0.68", "Enterprise Value/Revenue 3": "2.23", "Enterprise Value/EBITDA 7": "6.52"}, "12/31/2008": {"Duration": "12/31/2008", "Market Cap (intraday) 5": "2.43M", "Enterprise Value 3": "4.35M", "Trailing P/E ": "7.66", "Forward P/E 1": "N/A", "PEG Ratio (5 yr expected) 1": "N/A", "Price/Sales (ttm)": "0.29", "Price/Book (mrq)": "0.67", "Enterprise Value/Revenue 3": "2.03", "Enterprise Value/EBITDA 7": "21.37"}, "9/30/2008": {"Duration": "9/30/2008", "Market Cap (intraday) 5": "5.25M", "Enterprise Value 3": "4.68M", "Trailing P/E ": "27.50", "Forward P/E 1": "N/A", "PEG Ratio (5 yr expected) 1": "N/A", "Price/Sales (ttm)": "0.65", "Price/Book (mrq)": "1.45", "Enterprise Value/Revenue 3": "2.30", "Enterprise Value/EBITDA 7": "23.63"}}, "inside": {"Date": ["INSIDER NAME", "TITLE", "DATE", "TRANSATION", "SHARE", "PRICE", "AMOUNT"], "2020-08-03 14:20:25": ["DYCK MARTIN C", "COO", "2020-07-30", "BUY", "200", "2.00", "399"], "2020-07-17 13:07:39": ["DYCK MARTIN C", "COO", "2020-07-16", "BUY", "200", "1.90", "380"], "2020-06-08 15:33:09": ["DYCK MARTIN C", "COO", "2020-06-01", "BUY", "200", "2.25", "450"]}}}, {"QGEN": {"quote": {"06/01/2021": {"value": "47.60", "Market Cap": "10.872B", "Beta (5Y Monthly)": "0.24", "PE Ratio (TTM)": "24.83", "EPS (TTM)": "1.92", "Earnings Date": "Jul 26, 2021 - Jul 30, 2021", "Forward Dividend & Yield": "N/A (N/A)", "Ex-Dividend Date": "N/A", "1y Target Est": "58.95", "Profit Margin ": "21.72%", "Operating Margin (ttm)": "28.56%", "Return on Assets (ttm)": "6.74%", "Return on Equity (ttm)": "16.80%", "Revenue (ttm)": "2.07B", "Revenue Per Share (ttm)": "9.04", "Quarterly Revenue Growth (yoy)": "52.40%", "Gross Profit (ttm)": "1.3B", "EBITDA ": "794.65M", "Net Income Avi to Common (ttm)": "448.58M", "Diluted EPS (ttm)": "1.92", "Quarterly Earnings Growth (yoy)": "224.40%", "Total Cash (mrq)": "791.73M", "Total Cash Per Share (mrq)": "3.47", "Total Debt (mrq)": "1.94B", "Total Debt/Equity (mrq)": "68.00", "Current Ratio (mrq)": "3.34", "Book Value Per Share (mrq)": "12.48", "Operating Cash Flow (ttm)": "570.52M", "Levered Free Cash Flow (ttm)": "79.73M", "Avg Vol (3 month) 3": "724.43k", "Avg Vol (10 day) 3": "598.82k", "Shares Outstanding 5": "228.41M", "Implied Shares Outstanding 6": "N/A", "Float ": "226.23M", "% Held by Insiders 1": "0.70%", "% Held by Institutions 1": "72.91%", "Shares Short (May 13, 2021) 4": "4.4M", "Short Ratio (May 13, 2021) 4": "5.55", "Short % of Float (May 13, 2021) 4": "2.29%", "Short % of Shares Outstanding (May 13, 2021) 4": "1.93%", "Shares Short (prior month Apr 14, 2021) 4": "4.68M", "Forward Annual Dividend Rate 4": "N/A", "Forward Annual Dividend Yield 4": "N/A", "Trailing Annual Dividend Rate 3": "N/A", "Trailing Annual Dividend Yield 3": "N/A", "5 Year Average Dividend Yield 4": "N/A", "Payout Ratio 4": "0.00%", "Dividend Date 3": "N/A", "Ex-Dividend Date 4": "N/A", "Last Split Factor 2": "962:1000", "Last Split Date 3": "Jan 24, 2017"}}, "fin": {"TTM": {"Duration": "TTM", "Total Revenue": "2,065,455", "Cost of Revenue": "705,687", "Gross Profit": "1,359,768", "Operating Expense": "731,795", "Operating Income": "627,973", "Net Non Operating Interest Income Expense": "-57,467", "Other Income Expense": "-18,263", "Pretax Income": "552,243", "Tax Provision": "103,661", "Net Income Common Stockholders": "448,582", "Diluted NI Available to Com Stockholders": "448,582", "Basic EPS": "-", "Diluted EPS": "-", "Basic Average Shares": "-", "Diluted Average Shares": "-", "Total Operating Income as Reported": "482,915", "Total Expenses": "1,437,482", "Net Income from Continuing & Discontinued Operation": "448,582", "Normalized Income": "556,283", "Interest Income": "8,466", "Interest Expense": "65,933", "Net Interest Income": "-57,467", "EBIT": "618,176", "EBITDA": "830,301", "Reconciled Cost of Revenue": "514,691", "Reconciled Depreciation": "212,125", "Net Income from Continuing Operation Net Minority Interest": "448,582", "Total Unusual Items Excluding Goodwill": "-132,589", "Total Unusual Items": "-132,589", "Normalized EBITDA": "962,890", "Tax Rate for Calcs": "0", "Tax Effect of Unusual Items": "-24,888"}, "12/31/2020": {"Duration": "12/31/2020", "Total Revenue": "1,870,346", "Cost of Revenue": "637,631", "Gross Profit": "1,232,715", "Operating Expense": "695,245", "Operating Income": "537,470", "Net Non Operating Interest Income Expense": "-61,285", "Other Income Expense": "-36,713", "Pretax Income": "439,472", "Tax Provision": "80,284", "Net Income Common Stockholders": "359,188", "Diluted NI Available to Com Stockholders": "359,188", "Basic EPS": "-", "Diluted EPS": "-", "Basic Average Shares": "-", "Diluted Average Shares": "-", "Total Operating Income as Reported": "386,431", "Total Expenses": "1,332,876", "Net Income from Continuing & Discontinued Operation": "359,188", "Normalized Income": "482,587", "Interest Income": "10,032", "Interest Expense": "71,317", "Net Interest Income": "-61,285", "EBIT": "510,789", "EBITDA": "-", "Reconciled Cost of Revenue": "453,428", "Reconciled Depreciation": "205,014", "Net Income from Continuing Operation Net Minority Interest": "359,188", "Total Unusual Items Excluding Goodwill": "-151,039", "Total Unusual Items": "-151,039", "Normalized EBITDA": "866,842", "Tax Rate for Calcs": "0", "Tax Effect of Unusual Items": "-27,640"}, "12/31/2019": {"Duration": "12/31/2019", "Total Revenue": "1,526,424", "Cost of Revenue": "521,162", "Gross Profit": "1,005,262", "Operating Expense": "691,589", "Operating Income": "313,673", "Net Non Operating Interest Income Expense": "-52,072", "Other Income Expense": "-339,377", "Pretax Income": "-77,776", "Tax Provision": "-36,321", "Net Income Common Stockholders": "-41,455", "Diluted NI Available to Com Stockholders": "-41,455", "Basic EPS": "-0.18", "Diluted EPS": "-0.18", "Basic Average Shares": "226,777", "Diluted Average Shares": "226,777", "Total Operating Income as Reported": "-26,136", "Total Expenses": "1,212,751", "Net Income from Continuing & Discontinued Operation": "-41,455", "Normalized Income": "206,606", "Interest Income": "22,113", "Interest Expense": "74,185", "Net Interest Income": "-52,072", "EBIT": "-3,591", "EBITDA": "-", "Reconciled Cost of Revenue": "319,677", "Reconciled Depreciation": "231,458", "Net Income from Continuing Operation Net Minority Interest": "-41,455", "Total Unusual Items Excluding Goodwill": "-339,809", "Total Unusual Items": "-339,809", "Normalized EBITDA": "567,676", "Tax Rate for Calcs": "0", "Tax Effect of Unusual Items": "-91,748"}, "12/31/2018": {"Duration": "12/31/2018", "Total Revenue": "1,501,848", "Cost of Revenue": "500,888", "Gross Profit": "1,000,960", "Operating Expense": "734,379", "Operating Income": "266,581", "Net Non Operating Interest Income Expense": "-46,442", "Other Income Expense": "5,598", "Pretax Income": "225,737", "Tax Provision": "35,357", "Net Income Common Stockholders": "190,380", "Diluted NI Available to Com Stockholders": "190,380", "Basic EPS": "0.84", "Diluted EPS": "0.82", "Basic Average Shares": "226,640", "Diluted Average Shares": "233,456", "Total Operating Income as Reported": "266,581", "Total Expenses": "1,235,267", "Net Income from Continuing & Discontinued Operation": "190,380", "Normalized Income": "190,380", "Interest Income": "20,851", "Interest Expense": "67,293", "Net Interest Income": "-46,442", "EBIT": "293,030", "EBITDA": "-", "Reconciled Cost of Revenue": "333,484", "Reconciled Depreciation": "206,436", "Net Income from Continuing Operation Net Minority Interest": "190,380", "Total Unusual Items Excluding Goodwill": "-", "Total Unusual Items": "-", "Normalized EBITDA": "499,466", "Tax Rate for Calcs": "0", "Tax Effect of Unusual Items": "0"}, "12/31/2017": {"Duration": "12/31/2017", "Total Revenue": "1,417,536", "Cost of Revenue": "494,975", "Gross Profit": "922,561", "Operating Expense": "769,142", "Operating Income": "153,419", "Net Non Operating Interest Income Expense": "-39,040", "Other Income Expense": "-4", "Pretax Income": "114,375", "Tax Provision": "73,981", "Net Income Common Stockholders": "40,394", "Diluted NI Available to Com Stockholders": "40,394", "Basic EPS": "0.18", "Diluted EPS": "0.17", "Basic Average Shares": "226,557", "Diluted Average Shares": "233,009", "Total Operating Income as Reported": "153,419", "Total Expenses": "1,264,117", "Net Income from Continuing & Discontinued Operation": "40,394", "Normalized Income": "40,394", "Interest Income": "10,645", "Interest Expense": "49,685", "Net Interest Income": "-39,040", "EBIT": "164,060", "EBITDA": "-", "Reconciled Cost of Revenue": "317,925", "Reconciled Depreciation": "216,448", "Net Income from Continuing Operation Net Minority Interest": "40,394", "Total Unusual Items Excluding Goodwill": "-", "Total Unusual Items": "-", "Normalized EBITDA": "380,508", "Tax Rate for Calcs": "0", "Tax Effect of Unusual Items": "0"}, "12/31/2016": {"Duration": "12/31/2016", "Total Revenue": "1,337,991", "Cost of Revenue": "493,338", "Gross Profit": "844,653", "Operating Expense": "745,826", "Operating Income": "98,827", "Net Non Operating Interest Income Expense": "-32,246", "Other Income Expense": "-9,673", "Pretax Income": "56,908", "Tax Provision": "-23,395", "Net Income Common Stockholders": "80,404", "Diluted NI Available to Com Stockholders": "80,404", "Basic EPS": "0.36", "Diluted EPS": "0.35", "Basic Average Shares": "225,873", "Diluted Average Shares": "230,141", "Total Operating Income as Reported": "98,827", "Total Expenses": "1,239,164", "Net Income from Continuing & Discontinued Operation": "80,404", "Normalized Income": "80,404", "Interest Income": "6,776", "Interest Expense": "39,022", "Net Interest Income": "-32,246", "EBIT": "95,930", "EBITDA": "-", "Reconciled Cost of Revenue": "319,373", "Reconciled Depreciation": "213,056", "Net Income from Continuing Operation Net Minority Interest": "80,404", "Total Unusual Items Excluding Goodwill": "-", "Total Unusual Items": "-", "Normalized EBITDA": "308,986", "Tax Rate for Calcs": "0", "Tax Effect of Unusual Items": "0"}, "12/31/2015": {"Duration": "12/31/2015", "Total Revenue": "1,280,986", "Cost of Revenue": "454,611", "Gross Profit": "826,375", "Operating Expense": "650,682", "Operating Income": "175,693", "Net Non Operating Interest Income Expense": "-32,643", "Other Income Expense": "-10,552", "Pretax Income": "132,498", "Tax Provision": "5,641", "Net Income Common Stockholders": "127,103", "Diluted NI Available to Com Stockholders": "127,103", "Basic EPS": "0.57", "Diluted EPS": "0.56", "Basic Average Shares": "224,376", "Diluted Average Shares": "228,374", "Total Operating Income as Reported": "175,693", "Total Expenses": "1,105,293", "Net Income from Continuing & Discontinued Operation": "127,103", "Normalized Income": "127,103", "Interest Income": "4,753", "Interest Expense": "37,396", "Net Interest Income": "-32,643", "EBIT": "169,894", "EBITDA": "-", "Reconciled Cost of Revenue": "301,804", "Reconciled Depreciation": "191,473", "Net Income from Continuing Operation Net Minority Interest": "127,103", "Total Unusual Items Excluding Goodwill": "-", "Total Unusual Items": "-", "Normalized EBITDA": "361,367", "Tax Rate for Calcs": "0", "Tax Effect of Unusual Items": "0"}, "12/31/2014": {"Duration": "12/31/2014", "Total Revenue": "1,344,777", "Cost of Revenue": "479,839", "Gross Profit": "864,938", "Operating Expense": "704,120", "Operating Income": "160,818", "Net Non Operating Interest Income Expense": "-35,366", "Other Income Expense": "-6,938", "Pretax Income": "118,514", "Tax Provision": "1,312", "Net Income Common Stockholders": "116,634", "Diluted NI Available to Com Stockholders": "116,634", "Basic EPS": "0.52", "Diluted EPS": "0.50", "Basic Average Shares": "223,429", "Diluted Average Shares": "232,592", "Total Operating Income as Reported": "160,818", "Total Expenses": "1,183,959", "Net Income from Continuing & Discontinued Operation": "116,634", "Normalized Income": "116,634", "Interest Income": "3,964", "Interest Expense": "39,330", "Net Interest Income": "-35,366", "EBIT": "157,844", "EBITDA": "-", "Reconciled Cost of Revenue": "316,127", "Reconciled Depreciation": "200,782", "Net Income from Continuing Operation Net Minority Interest": "116,634", "Total Unusual Items Excluding Goodwill": "-", "Total Unusual Items": "-", "Normalized EBITDA": "358,626", "Tax Rate for Calcs": "0", "Tax Effect of Unusual Items": "0"}, "12/31/2013": {"Duration": "12/31/2013", "Total Revenue": "1,301,984", "Cost of Revenue": "486,494", "Gross Profit": "815,490", "Operating Expense": "752,160", "Operating Income": "63,330", "Net Non Operating Interest Income Expense": "-28,583", "Other Income Expense": "2,591", "Pretax Income": "37,338", "Tax Provision": "-31,760", "Net Income Common Stockholders": "69,073", "Diluted NI Available to Com Stockholders": "69,073", "Basic EPS": "0.31", "Diluted EPS": "0.30", "Basic Average Shares": "225,228", "Diluted Average Shares": "233,206", "Total Operating Income as Reported": "63,330", "Total Expenses": "1,238,654", "Net Income from Continuing & Discontinued Operation": "69,073", "Normalized Income": "69,073", "Interest Income": "2,299", "Interest Expense": "30,882", "Net Interest Income": "-28,583", "EBIT": "68,220", "EBITDA": "-", "Reconciled Cost of Revenue": "322,634", "Reconciled Depreciation": "199,355", "Net Income from Continuing Operation Net Minority Interest": "69,073", "Total Unusual Items Excluding Goodwill": "-", "Total Unusual Items": "-", "Normalized EBITDA": "267,575", "Tax Rate for Calcs": "0", "Tax Effect of Unusual Items": "0"}, "12/31/2012": {"Duration": "12/31/2012", "Total Revenue": "1,254,456", "Cost of Revenue": "430,432", "Gross Profit": "824,024", "Operating Expense": "654,210", "Operating Income": "169,814", "Net Non Operating Interest Income Expense": "-21,070", "Other Income Expense": "-3,591", "Pretax Income": "145,153", "Tax Provision": "15,616", "Net Income Common Stockholders": "129,506", "Diluted NI Available to Com Stockholders": "129,506", "Basic EPS": "0.57", "Diluted EPS": "0.56", "Basic Average Shares": "225,857", "Diluted Average Shares": "231,829", "Total Operating Income as Reported": "169,814", "Total Expenses": "1,084,642", "Net Income from Continuing & Discontinued Operation": "129,506", "Normalized Income": "129,506", "Interest Income": "2,382", "Interest Expense": "23,452", "Net Interest Income": "-21,070", "EBIT": "168,605", "EBITDA": "-", "Reconciled Cost of Revenue": "268,657", "Reconciled Depreciation": "197,892", "Net Income from Continuing Operation Net Minority Interest": "129,506", "Total Unusual Items Excluding Goodwill": "-", "Total Unusual Items": "-", "Normalized EBITDA": "366,497", "Tax Rate for Calcs": "0", "Tax Effect of Unusual Items": "0"}, "12/31/2011": {"Duration": "12/31/2011", "Total Revenue": "1,169,747", "Cost of Revenue": "419,938", "Gross Profit": "749,809", "Operating Expense": "650,221", "Operating Income": "99,588", "Net Non Operating Interest Income Expense": "-19,230", "Other Income Expense": "15,854", "Pretax Income": "96,212", "Tax Provision": "1,263", "Net Income Common Stockholders": "96,038", "Diluted NI Available to Com Stockholders": "96,038", "Basic EPS": "0.43", "Diluted EPS": "0.42", "Basic Average Shares": "225,546", "Diluted Average Shares": "230,210", "Total Operating Income as Reported": "99,588", "Total Expenses": "1,070,159", "Net Income from Continuing & Discontinued Operation": "96,038", "Normalized Income": "80,392", "Interest Income": "6,128", "Interest Expense": "25,358", "Net Interest Income": "-19,230", "EBIT": "121,570", "EBITDA": "-", "Reconciled Cost of Revenue": "279,307", "Reconciled Depreciation": "167,377", "Net Income from Continuing Operation Net Minority Interest": "96,038", "Total Unusual Items Excluding Goodwill": "15,854", "Total Unusual Items": "15,854", "Normalized EBITDA": "273,093", "Tax Rate for Calcs": "0", "Tax Effect of Unusual Items": "208.1196"}, "12/31/2010": {"Duration": "12/31/2010", "Total Revenue": "1,087,431", "Cost of Revenue": "371,869", "Gross Profit": "715,562", "Operating Expense": "527,025", "Operating Income": "188,537", "Net Non Operating Interest Income Expense": "-23,358", "Other Income Expense": "7,942", "Pretax Income": "173,121", "Tax Provision": "28,810", "Net Income Common Stockholders": "144,311", "Diluted NI Available to Com Stockholders": "144,311", "Basic EPS": "0.64", "Diluted EPS": "0.62", "Basic Average Shares": "224,481", "Diluted Average Shares": "231,576", "Total Operating Income as Reported": "188,537", "Total Expenses": "898,894", "Net Income from Continuing & Discontinued Operation": "144,311", "Normalized Income": "137,691", "Interest Income": "4,457", "Interest Expense": "27,815", "Net Interest Income": "-23,358", "EBIT": "200,936", "EBITDA": "-", "Reconciled Cost of Revenue": "252,582", "Reconciled Depreciation": "142,779", "Net Income from Continuing Operation Net Minority Interest": "144,311", "Total Unusual Items Excluding Goodwill": "7,942", "Total Unusual Items": "7,942", "Normalized EBITDA": "335,773", "Tax Rate for Calcs": "0", "Tax Effect of Unusual Items": "1,322"}, "12/31/2009": {"Duration": "12/31/2009", "Total Revenue": "1,009,825", "Cost of Revenue": "342,752", "Gross Profit": "667,073", "Operating Expense": "486,868", "Operating Income": "180,205", "Net Non Operating Interest Income Expense": "-26,119", "Other Income Expense": "18,244", "Pretax Income": "172,330", "Tax Provision": "34,563", "Net Income Common Stockholders": "137,767", "Diluted NI Available to Com Stockholders": "137,767", "Basic EPS": "0.70", "Diluted EPS": "0.66", "Basic Average Shares": "199,264", "Diluted Average Shares": "205,700", "Total Operating Income as Reported": "180,205", "Total Expenses": "829,620", "Net Income from Continuing & Discontinued Operation": "137,767", "Normalized Income": "123,182", "Interest Income": "3,522", "Interest Expense": "29,641", "Net Interest Income": "-26,119", "EBIT": "201,971", "EBITDA": "-", "Reconciled Cost of Revenue": "240,579", "Reconciled Depreciation": "120,394", "Net Income from Continuing Operation Net Minority Interest": "137,767", "Total Unusual Items Excluding Goodwill": "18,244", "Total Unusual Items": "18,244", "Normalized EBITDA": "304,121", "Tax Rate for Calcs": "0", "Tax Effect of Unusual Items": "3,659"}, "12/31/2008": {"Duration": "12/31/2008", "Total Revenue": "892,975", "Cost of Revenue": "293,285", "Gross Profit": "599,690", "Operating Expense": "438,675", "Operating Income": "161,015", "Net Non Operating Interest Income Expense": "-", "Other Income Expense": "-13,713", "Pretax Income": "119,286", "Tax Provision": "29,762", "Net Income Common Stockholders": "89,033", "Diluted NI Available to Com Stockholders": "89,033", "Basic EPS": "0.47", "Diluted EPS": "0.46", "Basic Average Shares": "189,515", "Diluted Average Shares": "196,694", "Total Operating Income as Reported": "145,662", "Total Expenses": "731,960", "Net Income from Continuing & Discontinued Operation": "89,033", "Normalized Income": "99,325", "Interest Income": "-", "Interest Expense": "-", "Net Interest Income": "-", "EBIT": "161,015", "EBITDA": "-", "Reconciled Cost of Revenue": "293,285", "Reconciled Depreciation": "105,704", "Net Income from Continuing Operation Net Minority Interest": "89,033", "Total Unusual Items Excluding Goodwill": "-13,713", "Total Unusual Items": "-13,713", "Normalized EBITDA": "280,432", "Tax Rate for Calcs": "0", "Tax Effect of Unusual Items": "-3,421"}, "12/31/2007": {"Duration": "12/31/2007", "Total Revenue": "649,774", "Cost of Revenue": "216,227", "Gross Profit": "433,547", "Operating Expense": "301,557", "Operating Income": "131,990", "Net Non Operating Interest Income Expense": "-", "Other Income Expense": "-44,318", "Pretax Income": "75,726", "Tax Provision": "25,555", "Net Income Common Stockholders": "50,122", "Diluted NI Available to Com Stockholders": "50,122", "Basic EPS": "0.31", "Diluted EPS": "0.29", "Basic Average Shares": "162,218", "Diluted Average Shares": "169,442", "Total Operating Income as Reported": "83,133", "Total Expenses": "517,784", "Net Income from Continuing & Discontinued Operation": "50,122", "Normalized Income": "79,484", "Interest Income": "-", "Interest Expense": "-", "Net Interest Income": "-", "EBIT": "131,990", "EBITDA": "-", "Reconciled Cost of Revenue": "216,227", "Reconciled Depreciation": "62,583", "Net Income from Continuing Operation Net Minority Interest": "50,122", "Total Unusual Items Excluding Goodwill": "-44,318", "Total Unusual Items": "-44,318", "Normalized EBITDA": "238,891", "Tax Rate for Calcs": "0", "Tax Effect of Unusual Items": "-14,956"}, "12/31/2006": {"Duration": "12/31/2006", "Total Revenue": "465,778", "Cost of Revenue": "141,168", "Gross Profit": "324,610", "Operating Expense": "214,296", "Operating Income": "110,314", "Net Non Operating Interest Income Expense": "-", "Other Income Expense": "-8,687", "Pretax Income": "106,068", "Tax Provision": "35,529", "Net Income Common Stockholders": "70,539", "Diluted NI Available to Com Stockholders": "70,539", "Basic EPS": "0.49", "Diluted EPS": "0.48", "Basic Average Shares": "143,967", "Diluted Average Shares": "147,831", "Total Operating Income as Reported": "100,601", "Total Expenses": "355,464", "Net Income from Continuing & Discontinued Operation": "70,539", "Normalized Income": "77,148", "Interest Income": "-", "Interest Expense": "-", "Net Interest Income": "-", "EBIT": "110,314", "EBITDA": "-", "Reconciled Cost of Revenue": "119,350", "Reconciled Depreciation": "30,038", "Net Income from Continuing Operation Net Minority Interest": "70,539", "Total Unusual Items Excluding Goodwill": "-9,938", "Total Unusual Items": "-9,938", "Normalized EBITDA": "150,290", "Tax Rate for Calcs": "0", "Tax Effect of Unusual Items": "-3,329"}, "12/31/2005": {"Duration": "12/31/2005", "Total Revenue": "398,395", "Cost of Revenue": "123,194", "Gross Profit": "275,201", "Operating Expense": "173,912", "Operating Income": "101,289", "Net Non Operating Interest Income Expense": "-", "Other Income Expense": "-5,637", "Pretax Income": "97,264", "Tax Provision": "35,039", "Net Income Common Stockholders": "62,225", "Diluted NI Available to Com Stockholders": "62,225", "Basic EPS": "0.44", "Diluted EPS": "0.43", "Basic Average Shares": "142,362", "Diluted Average Shares": "144,610", "Total Operating Income as Reported": "94,837", "Total Expenses": "297,106", "Net Income from Continuing & Discontinued Operation": "62,225", "Normalized Income": "65,096", "Interest Income": "-", "Interest Expense": "-", "Net Interest Income": "-", "EBIT": "101,289", "EBITDA": "-", "Reconciled Cost of Revenue": "123,194", "Reconciled Depreciation": "24,955", "Net Income from Continuing Operation Net Minority Interest": "62,225", "Total Unusual Items Excluding Goodwill": "-4,488", "Total Unusual Items": "-4,488", "Normalized EBITDA": "130,732", "Tax Rate for Calcs": "0", "Tax Effect of Unusual Items": "-1,617"}, "12/31/2004": {"Duration": "12/31/2004", "Total Revenue": "380,629", "Cost of Revenue": "127,112", "Gross Profit": "253,517", "Operating Expense": "164,988", "Operating Income": "88,529", "Net Non Operating Interest Income Expense": "-", "Other Income Expense": "-15,236", "Pretax Income": "72,687", "Tax Provision": "23,982", "Net Income Common Stockholders": "48,705", "Diluted NI Available to Com Stockholders": "48,705", "Basic EPS": "0.34", "Diluted EPS": "0.34", "Basic Average Shares": "141,226", "Diluted Average Shares": "143,018", "Total Operating Income as Reported": "84,140", "Total Expenses": "292,100", "Net Income from Continuing & Discontinued Operation": "48,705", "Normalized Income": "57,411", "Interest Income": "-", "Interest Expense": "-", "Net Interest Income": "-", "EBIT": "88,529", "EBITDA": "-", "Reconciled Cost of Revenue": "127,112", "Reconciled Depreciation": "22,961", "Net Income from Continuing Operation Net Minority Interest": "48,705", "Total Unusual Items Excluding Goodwill": "-12,993", "Total Unusual Items": "-12,993", "Normalized EBITDA": "124,483", "Tax Rate for Calcs": "0", "Tax Effect of Unusual Items": "-4,287"}, "12/31/2003": {"Duration": "12/31/2003", "Total Revenue": "351,404", "Cost of Revenue": "122,404", "Gross Profit": "229,000", "Operating Expense": "157,063", "Operating Income": "71,937", "Net Non Operating Interest Income Expense": "-", "Other Income Expense": "-1,319", "Pretax Income": "67,255", "Tax Provision": "24,405", "Net Income Common Stockholders": "42,850", "Diluted NI Available to Com Stockholders": "42,850", "Basic EPS": "0.30", "Diluted EPS": "0.30", "Basic Average Shares": "140,431", "Diluted Average Shares": "141,722", "Total Operating Income as Reported": "68,889", "Total Expenses": "279,467", "Net Income from Continuing & Discontinued Operation": "42,850", "Normalized Income": "42,514", "Interest Income": "-", "Interest Expense": "-", "Net Interest Income": "-", "EBIT": "71,937", "EBITDA": "-", "Reconciled Cost of Revenue": "122,404", "Reconciled Depreciation": "25,788", "Net Income from Continuing Operation Net Minority Interest": "42,850", "Total Unusual Items Excluding Goodwill": "528", "Total Unusual Items": "528", "Normalized EBITDA": "97,197", "Tax Rate for Calcs": "0", "Tax Effect of Unusual Items": "191.5968"}, "12/31/2002": {"Duration": "12/31/2002", "Total Revenue": "298,607", "Cost of Revenue": "96,508", "Gross Profit": "202,099", "Operating Expense": "145,293", "Operating Income": "56,806", "Net Non Operating Interest Income Expense": "-", "Other Income Expense": "-16,615", "Pretax Income": "38,865", "Tax Provision": "15,723", "Net Income Common Stockholders": "23,142", "Diluted NI Available to Com Stockholders": "23,142", "Basic EPS": "0.17", "Diluted EPS": "0.17", "Basic Average Shares": "139,432", "Diluted Average Shares": "140,387", "Total Operating Income as Reported": "43,185", "Total Expenses": "241,801", "Net Income from Continuing & Discontinued Operation": "23,142", "Normalized Income": "32,307", "Interest Income": "-", "Interest Expense": "-", "Net Interest Income": "-", "EBIT": "56,806", "EBITDA": "-", "Reconciled Cost of Revenue": "96,508", "Reconciled Depreciation": "24,709", "Net Income from Continuing Operation Net Minority Interest": "23,142", "Total Unusual Items Excluding Goodwill": "-15,275", "Total Unusual Items": "-15,275", "Normalized EBITDA": "96,790", "Tax Rate for Calcs": "0", "Tax Effect of Unusual Items": "-6,110"}, "12/31/2001": {"Duration": "12/31/2001", "Total Revenue": "263,770", "Cost of Revenue": "79,673", "Gross Profit": "184,097", "Operating Expense": "130,621", "Operating Income": "53,476", "Net Non Operating Interest Income Expense": "-", "Other Income Expense": "-957", "Pretax Income": "56,315", "Tax Provision": "21,896", "Net Income Common Stockholders": "34,419", "Diluted NI Available to Com Stockholders": "34,419", "Basic EPS": "0.25", "Diluted EPS": "0.25", "Basic Average Shares": "137,667", "Diluted Average Shares": "139,683", "Total Operating Income as Reported": "53,476", "Total Expenses": "210,294", "Net Income from Continuing & Discontinued Operation": "34,419", "Normalized Income": "34,165", "Interest Income": "-", "Interest Expense": "-", "Net Interest Income": "-", "EBIT": "53,476", "EBITDA": "-", "Reconciled Cost of Revenue": "79,673", "Reconciled Depreciation": "15,059", "Net Income from Continuing Operation Net Minority Interest": "34,419", "Total Unusual Items Excluding Goodwill": "416", "Total Unusual Items": "416", "Normalized EBITDA": "68,119", "Tax Rate for Calcs": "0", "Tax Effect of Unusual Items": "161.7462"}, "12/31/2000": {"Duration": "12/31/2000", "Total Revenue": "204,031", "Cost of Revenue": "48,966", "Gross Profit": "155,065", "Operating Expense": "104,385", "Operating Income": "50,680", "Net Non Operating Interest Income Expense": "-", "Other Income Expense": "-4,591", "Pretax Income": "37,073", "Tax Provision": "16,967", "Net Income Common Stockholders": "20,106", "Diluted NI Available to Com Stockholders": "20,106", "Basic EPS": "0.15", "Diluted EPS": "0.15", "Basic Average Shares": "138,295", "Diluted Average Shares": "138,295", "Total Operating Income as Reported": "34,872", "Total Expenses": "153,351", "Net Income from Continuing & Discontinued Operation": "20,106", "Normalized Income": "22,861", "Interest Income": "-", "Interest Expense": "-", "Net Interest Income": "-", "EBIT": "50,680", "EBITDA": "-", "Reconciled Cost of Revenue": "48,966", "Reconciled Depreciation": "10,455", "Net Income from Continuing Operation Net Minority Interest": "20,106", "Total Unusual Items Excluding Goodwill": "-4,591", "Total Unusual Items": "-4,591", "Normalized EBITDA": "65,726", "Tax Rate for Calcs": "0", "Tax Effect of Unusual Items": "-1,836"}, "12/31/1999": {"Duration": "12/31/1999", "Total Revenue": "143,960", "Cost of Revenue": "32,130", "Gross Profit": "111,830", "Operating Expense": "85,363", "Operating Income": "26,467", "Net Non Operating Interest Income Expense": "-", "Other Income Expense": "-3,727", "Pretax Income": "22,964", "Tax Provision": "10,347", "Net Income Common Stockholders": "12,617", "Diluted NI Available to Com Stockholders": "12,617", "Basic EPS": "0.10", "Diluted EPS": "0.09", "Basic Average Shares": "131,348", "Diluted Average Shares": "134,997", "Total Operating Income as Reported": "26,467", "Total Expenses": "117,493", "Net Income from Continuing & Discontinued Operation": "12,617", "Normalized Income": "14,853", "Interest Income": "-", "Interest Expense": "-", "Net Interest Income": "-", "EBIT": "26,467", "EBITDA": "-", "Reconciled Cost of Revenue": "32,130", "Reconciled Depreciation": "7,831", "Net Income from Continuing Operation Net Minority Interest": "12,617", "Total Unusual Items Excluding Goodwill": "-3,727", "Total Unusual Items": "-3,727", "Normalized EBITDA": "38,025", "Tax Rate for Calcs": "0", "Tax Effect of Unusual Items": "-1,491"}, "12/31/1998": {"Duration": "12/31/1998", "Total Revenue": "110,200", "Cost of Revenue": "27,000", "Gross Profit": "83,200", "Operating Expense": "68,600", "Operating Income": "14,600", "Net Non Operating Interest Income Expense": "-", "Other Income Expense": "2,500", "Pretax Income": "17,500", "Tax Provision": "5,100", "Net Income Common Stockholders": "12,400", "Diluted NI Available to Com Stockholders": "12,400", "Basic EPS": "0.09", "Diluted EPS": "0.09", "Basic Average Shares": "132,675", "Diluted Average Shares": "132,675", "Total Operating Income as Reported": "14,600", "Total Expenses": "95,600", "Net Income from Continuing & Discontinued Operation": "12,400", "Normalized Income": "10,629", "Interest Income": "-", "Interest Expense": "-", "Net Interest Income": "-", "EBIT": "14,600", "EBITDA": "-", "Reconciled Cost of Revenue": "27,000", "Reconciled Depreciation": "5,800", "Net Income from Continuing Operation Net Minority Interest": "12,400", "Total Unusual Items Excluding Goodwill": "2,500", "Total Unusual Items": "2,500", "Normalized EBITDA": "17,900", "Tax Rate for Calcs": "0", "Tax Effect of Unusual Items": "728.5714"}, "12/31/1997": {"Duration": "12/31/1997", "Total Revenue": "74,300", "Cost of Revenue": "15,100", "Gross Profit": "59,200", "Operating Expense": "50,900", "Operating Income": "8,300", "Net Non Operating Interest Income Expense": "-", "Other Income Expense": "4,300", "Pretax Income": "13,600", "Tax Provision": "4,800", "Net Income Common Stockholders": "8,800", "Diluted NI Available to Com Stockholders": "8,800", "Basic EPS": "0.07", "Diluted EPS": "0.07", "Basic Average Shares": "121,058", "Diluted Average Shares": "121,058", "Total Operating Income as Reported": "8,300", "Total Expenses": "66,000", "Net Income from Continuing & Discontinued Operation": "8,800", "Normalized Income": "6,018", "Interest Income": "-", "Interest Expense": "-", "Net Interest Income": "-", "EBIT": "8,300", "EBITDA": "-", "Reconciled Cost of Revenue": "15,100", "Reconciled Depreciation": "4,900", "Net Income from Continuing Operation Net Minority Interest": "8,800", "Total Unusual Items Excluding Goodwill": "4,300", "Total Unusual Items": "4,300", "Normalized EBITDA": "8,900", "Tax Rate for Calcs": "0", "Tax Effect of Unusual Items": "1,518"}, "12/31/1996": {"Duration": "12/31/1996", "Total Revenue": "54,200", "Cost of Revenue": "12,200", "Gross Profit": "42,000", "Operating Expense": "36,000", "Operating Income": "6,000", "Net Non Operating Interest Income Expense": "-", "Other Income Expense": "2,200", "Pretax Income": "8,600", "Tax Provision": "3,300", "Net Income Common Stockholders": "5,300", "Diluted NI Available to Com Stockholders": "5,300", "Basic EPS": "0.05", "Diluted EPS": "0.05", "Basic Average Shares": "102,074", "Diluted Average Shares": "102,074", "Total Operating Income as Reported": "6,000", "Total Expenses": "48,200", "Net Income from Continuing & Discontinued Operation": "5,300", "Normalized Income": "3,944", "Interest Income": "-", "Interest Expense": "-", "Net Interest Income": "-", "EBIT": "6,000", "EBITDA": "-", "Reconciled Cost of Revenue": "12,200", "Reconciled Depreciation": "2,500", "Net Income from Continuing Operation Net Minority Interest": "5,300", "Total Unusual Items Excluding Goodwill": "2,200", "Total Unusual Items": "2,200", "Normalized EBITDA": "6,300", "Tax Rate for Calcs": "0", "Tax Effect of Unusual Items": "844.186"}, "12/31/1995": {"Duration": "12/31/1995", "Total Revenue": "37,000", "Cost of Revenue": "7,700", "Gross Profit": "29,300", "Operating Expense": "24,600", "Operating Income": "4,700", "Net Non Operating Interest Income Expense": "-", "Other Income Expense": "500", "Pretax Income": "4,500", "Tax Provision": "2,100", "Net Income Common Stockholders": "2,400", "Diluted NI Available to Com Stockholders": "2,400", "Basic EPS": "0.02", "Diluted EPS": "0.02", "Basic Average Shares": "115,556", "Diluted Average Shares": "115,556", "Total Operating Income as Reported": "4,700", "Total Expenses": "32,300", "Net Income from Continuing & Discontinued Operation": "2,400", "Normalized Income": "2,100", "Interest Income": "-", "Interest Expense": "-", "Net Interest Income": "-", "EBIT": "4,700", "EBITDA": "-", "Reconciled Cost of Revenue": "7,700", "Reconciled Depreciation": "1,800", "Net Income from Continuing Operation Net Minority Interest": "2,400", "Total Unusual Items Excluding Goodwill": "500", "Total Unusual Items": "500", "Normalized EBITDA": "6,000", "Tax Rate for Calcs": "0", "Tax Effect of Unusual Items": "200"}}, "bs": {"12/31/2020": {"Duration": "12/31/2020", "Total Assets": "5,912,530", "Total Liabilities Net Minority Interest": "3,114,691", "Total Equity Gross Minority Interest": "2,797,839", "Total Capitalization": "4,678,049", "Common Stock Equity": "2,797,839", "Capital Lease Obligations": "23,450", "Net Tangible Assets": "-292,386", "Working Capital": "1,052,230", "Invested Capital": "4,720,588", "Tangible Book Value": "-292,386", "Total Debt": "1,946,199", "Net Debt": "1,324,765", "Share Issued": "230,829", "Ordinary Shares Number": "227,985", "Treasury Shares Number": "2,844"}, "12/31/2019": {"Duration": "12/31/2019", "Total Assets": "5,235,616", "Total Liabilities Net Minority Interest": "2,699,025", "Total Equity Gross Minority Interest": "2,536,591", "Total Capitalization": "3,957,699", "Common Stock Equity": "2,536,591", "Capital Lease Obligations": "18,739", "Net Tangible Assets": "-236,346", "Working Capital": "618,903", "Invested Capital": "4,242,943", "Tangible Book Value": "-236,346", "Total Debt": "1,725,091", "Net Debt": "1,082,705", "Share Issued": "230,829", "Ordinary Shares Number": "227,752", "Treasury Shares Number": "3,077"}, "12/31/2018": {"Duration": "12/31/2018", "Total Assets": "5,748,332", "Total Liabilities Net Minority Interest": "3,113,362", "Total Equity Gross Minority Interest": "2,634,970", "Total Capitalization": "4,306,060", "Common Stock Equity": "2,634,970", "Capital Lease Obligations": "61", "Net Tangible Assets": "51,391", "Working Capital": "1,182,871", "Invested Capital": "4,809,176", "Tangible Book Value": "51,391", "Total Debt": "2,174,267", "Net Debt": "1,015,127", "Share Issued": "230,829", "Ordinary Shares Number": "225,509", "Treasury Shares Number": "5,320"}, "12/31/2017": {"Duration": "12/31/2017", "Total Assets": "5,038,516", "Total Liabilities Net Minority Interest": "2,497,520", "Total Equity Gross Minority Interest": "2,540,996", "Total Capitalization": "4,299,254", "Common Stock Equity": "2,540,996", "Capital Lease Obligations": "1,359", "Net Tangible Assets": "28,774", "Working Capital": "1,323,181", "Invested Capital": "4,299,254", "Tangible Book Value": "28,774", "Total Debt": "1,759,617", "Net Debt": "1,100,544", "Share Issued": "230,829", "Ordinary Shares Number": "226,557", "Treasury Shares Number": "4,272"}, "12/31/2016": {"Duration": "12/31/2016", "Total Assets": "4,308,194", "Total Liabilities Net Minority Interest": "1,701,098", "Total Equity Gross Minority Interest": "2,607,096", "Total Capitalization": "3,674,192", "Common Stock Equity": "2,607,096", "Capital Lease Obligations": "999", "Net Tangible Assets": "124,419", "Working Capital": "729,140", "Invested Capital": "3,674,192", "Tangible Book Value": "124,419", "Total Debt": "1,068,095", "Net Debt": "627,916", "Share Issued": "230,830", "Ordinary Shares Number": "225,873", "Treasury Shares Number": "4,956"}, "12/31/2015": {"Duration": "12/31/2015", "Total Assets": "4,189,678", "Total Liabilities Net Minority Interest": "1,627,724", "Total Equity Gross Minority Interest": "2,561,954", "Total Capitalization": "3,619,507", "Common Stock Equity": "2,559,920", "Capital Lease Obligations": "922", "Net Tangible Assets": "47,801", "Working Capital": "693,261", "Invested Capital": "3,619,507", "Tangible Book Value": "47,801", "Total Debt": "1,060,509", "Net Debt": "769,576", "Share Issued": "230,830", "Ordinary Shares Number": "224,376", "Treasury Shares Number": "6,454"}, "12/31/2014": {"Duration": "12/31/2014", "Total Assets": "4,454,372", "Total Liabilities Net Minority Interest": "1,796,373", "Total Equity Gross Minority Interest": "2,657,999", "Total Capitalization": "3,690,704", "Common Stock Equity": "2,649,744", "Capital Lease Obligations": "1,125", "Net Tangible Assets": "34,867", "Working Capital": "717,124", "Invested Capital": "3,821,823", "Tangible Book Value": "34,867", "Total Debt": "1,173,204", "Net Debt": "779,412", "Share Issued": "230,829", "Ordinary Shares Number": "223,429", "Treasury Shares Number": "7,399"}, "12/31/2013": {"Duration": "12/31/2013", "Total Assets": "4,088,392", "Total Liabilities Net Minority Interest": "1,364,521", "Total Equity Gross Minority Interest": "2,723,871", "Total Capitalization": "3,559,608", "Common Stock Equity": "2,714,332", "Capital Lease Obligations": "4,719", "Net Tangible Assets": "68,236", "Working Capital": "583,851", "Invested Capital": "3,559,815", "Tangible Book Value": "68,236", "Total Debt": "850,202", "Net Debt": "515,180", "Share Issued": "230,829", "Ordinary Shares Number": "225,228", "Treasury Shares Number": "5,602"}, "12/31/2012": {"Duration": "12/31/2012", "Total Assets": "4,087,631", "Total Liabilities Net Minority Interest": "1,363,268", "Total Equity Gross Minority Interest": "2,724,363", "Total Capitalization": "3,560,748", "Common Stock Equity": "2,714,704", "Capital Lease Obligations": "4,203", "Net Tangible Assets": "100,934", "Working Capital": "725,752", "Invested Capital": "3,561,696", "Tangible Book Value": "100,934", "Total Debt": "851,195", "Net Debt": "452,955", "Share Issued": "227,728", "Ordinary Shares Number": "225,857", "Treasury Shares Number": "1,871"}, "12/31/2011": {"Duration": "12/31/2011", "Total Assets": "3,756,453", "Total Liabilities Net Minority Interest": "1,198,655", "Total Equity Gross Minority Interest": "2,557,798", "Total Capitalization": "2,994,309", "Common Stock Equity": "2,548,304", "Capital Lease Obligations": "-", "Net Tangible Assets": "-4,905", "Working Capital": "266,775", "Invested Capital": "3,138,255", "Tangible Book Value": "-4,905", "Total Debt": "589,951", "Net Debt": "368,818", "Share Issued": "225,546", "Ordinary Shares Number": "225,546", "Treasury Shares Number": "-"}, "12/31/2010": {"Duration": "12/31/2010", "Total Assets": "3,913,995", "Total Liabilities Net Minority Interest": "1,437,642", "Total Equity Gross Minority Interest": "2,476,353", "Total Capitalization": "3,273,524", "Common Stock Equity": "2,476,353", "Capital Lease Obligations": "-", "Net Tangible Assets": "370,745", "Working Capital": "976,181", "Invested Capital": "3,349,359", "Tangible Book Value": "370,745", "Total Debt": "873,006", "Net Debt": "44,599", "Share Issued": "224,481", "Ordinary Shares Number": "224,481", "Treasury Shares Number": "-"}, "12/31/2009": {"Duration": "12/31/2009", "Total Assets": "3,796,464", "Total Liabilities Net Minority Interest": "1,505,295", "Total Equity Gross Minority Interest": "2,291,169", "Total Capitalization": "3,161,169", "Common Stock Equity": "2,291,169", "Capital Lease Obligations": "30,971", "Net Tangible Assets": "201,809", "Working Capital": "957,940", "Invested Capital": "3,211,169", "Tangible Book Value": "201,809", "Total Debt": "950,971", "Net Debt": "94,443", "Share Issued": "223,479", "Ordinary Shares Number": "223,479", "Treasury Shares Number": "-"}, "12/31/2008": {"Duration": "12/31/2008", "Total Assets": "2,885,323", "Total Liabilities Net Minority Interest": "1,431,479", "Total Equity Gross Minority Interest": "1,453,844", "Total Capitalization": "2,373,844", "Common Stock Equity": "1,453,844", "Capital Lease Obligations": "29,718", "Net Tangible Assets": "-338,570", "Working Capital": "441,180", "Invested Capital": "2,401,828", "Tangible Book Value": "-338,570", "Total Debt": "977,702", "Net Debt": "614,671", "Share Issued": "190,512", "Ordinary Shares Number": "190,512", "Treasury Shares Number": "-"}, "12/31/2007": {"Duration": "12/31/2007", "Total Assets": "2,775,174", "Total Liabilities Net Minority Interest": "1,383,046", "Total Equity Gross Minority Interest": "1,392,128", "Total Capitalization": "2,341,575", "Common Stock Equity": "1,391,575", "Capital Lease Obligations": "33,017", "Net Tangible Assets": "-355,414", "Working Capital": "482,215", "Invested Capital": "2,344,348", "Tangible Book Value": "-355,414", "Total Debt": "985,790", "Net Debt": "605,453", "Share Issued": "188,100", "Ordinary Shares Number": "188,100", "Treasury Shares Number": "-"}, "12/31/2006": {"Duration": "12/31/2006", "Total Assets": "1,212,012", "Total Liabilities Net Minority Interest": "645,847", "Total Equity Gross Minority Interest": "566,165", "Total Capitalization": "1,055,757", "Common Stock Equity": "566,165", "Capital Lease Obligations": "12,009", "Net Tangible Assets": "287,532", "Working Capital": "566,660", "Invested Capital": "1,063,179", "Tangible Book Value": "287,532", "Total Debt": "509,023", "Net Debt": "66,657", "Share Issued": "144,606", "Ordinary Shares Number": "144,606", "Treasury Shares Number": "-"}, "12/31/2005": {"Duration": "12/31/2005", "Total Assets": "765,298", "Total Liabilities Net Minority Interest": "314,841", "Total Equity Gross Minority Interest": "450,457", "Total Capitalization": "641,904", "Common Stock Equity": "450,457", "Capital Lease Obligations": "11,101", "Net Tangible Assets": "281,977", "Working Capital": "278,586", "Invested Capital": "648,820", "Tangible Book Value": "281,977", "Total Debt": "209,464", "Net Debt": "6,663", "Share Issued": "142,958", "Ordinary Shares Number": "142,958", "Treasury Shares Number": "-"}, "12/31/2004": {"Duration": "12/31/2004", "Total Assets": "714,599", "Total Liabilities Net Minority Interest": "314,223", "Total Equity Gross Minority Interest": "400,376", "Total Capitalization": "597,759", "Common Stock Equity": "400,376", "Capital Lease Obligations": "13,737", "Net Tangible Assets": "309,355", "Working Capital": "299,029", "Invested Capital": "605,729", "Tangible Book Value": "309,355", "Total Debt": "219,090", "Net Debt": "8,978", "Share Issued": "141,575", "Ordinary Shares Number": "141,575", "Treasury Shares Number": "-"}, "12/31/2003": {"Duration": "12/31/2003", "Total Assets": "551,930", "Total Liabilities Net Minority Interest": "217,144", "Total Equity Gross Minority Interest": "334,786", "Total Capitalization": "435,230", "Common Stock Equity": "334,786", "Capital Lease Obligations": "13,716", "Net Tangible Assets": "290,148", "Working Capital": "163,583", "Invested Capital": "444,459", "Tangible Book Value": "290,148", "Total Debt": "123,389", "Net Debt": "10,680", "Share Issued": "140,802", "Ordinary Shares Number": "140,802", "Treasury Shares Number": "-"}, "12/31/2002": {"Duration": "12/31/2002", "Total Assets": "454,511", "Total Liabilities Net Minority Interest": "191,480", "Total Equity Gross Minority Interest": "263,031", "Total Capitalization": "358,764", "Common Stock Equity": "263,031", "Capital Lease Obligations": "11,107", "Net Tangible Assets": "224,712", "Working Capital": "111,554", "Invested Capital": "362,038", "Tangible Book Value": "224,712", "Total Debt": "110,114", "Net Debt": "54,114", "Share Issued": "140,143", "Ordinary Shares Number": "140,143", "Treasury Shares Number": "-"}, "12/31/2001": {"Duration": "12/31/2001", "Total Assets": "356,968", "Total Liabilities Net Minority Interest": "143,993", "Total Equity Gross Minority Interest": "212,975", "Total Capitalization": "283,695", "Common Stock Equity": "212,975", "Capital Lease Obligations": "10,463", "Net Tangible Assets": "205,835", "Working Capital": "119,448", "Invested Capital": "292,237", "Tangible Book Value": "205,835", "Total Debt": "89,725", "Net Debt": "22,802", "Share Issued": "138,150", "Ordinary Shares Number": "138,150", "Treasury Shares Number": "-"}, "12/31/2000": {"Duration": "12/31/2000", "Total Assets": "230,261", "Total Liabilities Net Minority Interest": "65,683", "Total Equity Gross Minority Interest": "164,578", "Total Capitalization": "174,658", "Common Stock Equity": "164,385", "Capital Lease Obligations": "11,744", "Net Tangible Assets": "157,268", "Working Capital": "97,940", "Invested Capital": "182,982", "Tangible Book Value": "157,268", "Total Debt": "30,341", "Net Debt": "-", "Share Issued": "136,446", "Ordinary Shares Number": "136,446", "Treasury Shares Number": "-"}, "12/31/1999": {"Duration": "12/31/1999", "Total Assets": "148,117", "Total Liabilities Net Minority Interest": "55,455", "Total Equity Gross Minority Interest": "92,662", "Total Capitalization": "107,606", "Common Stock Equity": "92,393", "Capital Lease Obligations": "-", "Net Tangible Assets": "83,671", "Working Capital": "57,213", "Invested Capital": "125,759", "Tangible Book Value": "83,671", "Total Debt": "33,366", "Net Debt": "21,226", "Share Issued": "132,495", "Ordinary Shares Number": "132,495", "Treasury Shares Number": "-"}, "12/31/1998": {"Duration": "12/31/1998", "Total Assets": "106,700", "Total Liabilities Net Minority Interest": "33,600", "Total Equity Gross Minority Interest": "73,100", "Total Capitalization": "78,300", "Common Stock Equity": "73,000", "Capital Lease Obligations": "-", "Net Tangible Assets": "68,400", "Working Capital": "46,200", "Invested Capital": "87,400", "Tangible Book Value": "68,400", "Total Debt": "14,400", "Net Debt": "8,100", "Share Issued": "131,614", "Ordinary Shares Number": "131,614", "Treasury Shares Number": "-"}, "12/31/1997": {"Duration": "12/31/1997", "Total Assets": "78,900", "Total Liabilities Net Minority Interest": "24,900", "Total Equity Gross Minority Interest": "54,000", "Total Capitalization": "59,000", "Common Stock Equity": "54,000", "Capital Lease Obligations": "-", "Net Tangible Assets": "52,200", "Working Capital": "38,700", "Invested Capital": "64,300", "Tangible Book Value": "52,200", "Total Debt": "10,300", "Net Debt": "6,000", "Share Issued": "129,249", "Ordinary Shares Number": "129,249", "Treasury Shares Number": "-"}, "12/31/1996": {"Duration": "12/31/1996", "Total Assets": "66,200", "Total Liabilities Net Minority Interest": "18,500", "Total Equity Gross Minority Interest": "47,700", "Total Capitalization": "53,400", "Common Stock Equity": "47,700", "Capital Lease Obligations": "-", "Net Tangible Assets": "46,800", "Working Capital": "35,900", "Invested Capital": "56,600", "Tangible Book Value": "46,800", "Total Debt": "8,900", "Net Debt": "6,900", "Share Issued": "128,964", "Ordinary Shares Number": "128,964", "Treasury Shares Number": "-"}, "12/31/1995": {"Duration": "12/31/1995", "Total Assets": "26,200", "Total Liabilities Net Minority Interest": "14,000", "Total Equity Gross Minority Interest": "12,200", "Total Capitalization": "18,700", "Common Stock Equity": "12,200", "Capital Lease Obligations": "-", "Net Tangible Assets": "12,200", "Working Capital": "9,900", "Invested Capital": "19,900", "Tangible Book Value": "12,200", "Total Debt": "7,700", "Net Debt": "2,400", "Share Issued": "105,618", "Ordinary Shares Number": "105,618", "Treasury Shares Number": "-"}}, "cf": {"TTM": {"Duration": "TTM", "Operating Cash Flow": "570,520", "Investing Cash Flow": "-350,425", "Financing Cash Flow": "-100,365", "End Cash Position": "781,506", "Income Tax Paid Supplemental Data": "-", "Interest Paid Supplemental Data": "-", "Capital Expenditure": "-331,270", "Issuance of Capital Stock": "5,060", "Issuance of Debt": "-", "Repayment of Debt": "-633,888", "Repurchase of Capital Stock": "-", "Free Cash Flow": "239,250"}, "12/31/2020": {"Duration": "12/31/2020", "Operating Cash Flow": "457,806", "Investing Cash Flow": "-443,281", "Financing Cash Flow": "-50,127", "End Cash Position": "597,984", "Income Tax Paid Supplemental Data": "42,572", "Interest Paid Supplemental Data": "25,351", "Capital Expenditure": "-304,237", "Issuance of Capital Stock": "7,662", "Issuance of Debt": "556,991", "Repayment of Debt": "-592,543", "Repurchase of Capital Stock": "-63,995", "Free Cash Flow": "153,569"}, "12/31/2019": {"Duration": "12/31/2019", "Operating Cash Flow": "330,843", "Investing Cash Flow": "-222,278", "Financing Cash Flow": "-639,080", "End Cash Position": "629,390", "Income Tax Paid Supplemental Data": "41,474", "Interest Paid Supplemental Data": "29,721", "Capital Expenditure": "-274,884", "Issuance of Capital Stock": "2,075", "Issuance of Debt": "0", "Repayment of Debt": "-640,163", "Repurchase of Capital Stock": "-74,450", "Free Cash Flow": "55,959"}, "12/31/2018": {"Duration": "12/31/2018", "Operating Cash Flow": "359,496", "Investing Cash Flow": "-211,356", "Financing Cash Flow": "360,408", "End Cash Position": "1,159,079", "Income Tax Paid Supplemental Data": "29,317", "Interest Paid Supplemental Data": "25,902", "Capital Expenditure": "-150,763", "Issuance of Capital Stock": "4,412", "Issuance of Debt": "494,879", "Repayment of Debt": "-1,308", "Repurchase of Capital Stock": "-104,685", "Free Cash Flow": "208,733"}, "12/31/2017": {"Duration": "12/31/2017", "Operating Cash Flow": "286,779", "Investing Cash Flow": "-464,264", "Financing Cash Flow": "387,187", "End Cash Position": "657,714", "Income Tax Paid Supplemental Data": "40,499", "Interest Paid Supplemental Data": "20,252", "Capital Expenditure": "-124,405", "Issuance of Capital Stock": "6,075", "Issuance of Debt": "724,266", "Repayment of Debt": "-1,402", "Repurchase of Capital Stock": "-60,970", "Free Cash Flow": "162,374"}, "12/31/2016": {"Duration": "12/31/2016", "Operating Cash Flow": "341,602", "Investing Cash Flow": "-179,056", "Financing Cash Flow": "-10,604", "End Cash Position": "439,180", "Income Tax Paid Supplemental Data": "22,670", "Interest Paid Supplemental Data": "18,227", "Capital Expenditure": "-93,924", "Issuance of Capital Stock": "6,269", "Issuance of Debt": "-", "Repayment of Debt": "-8,060", "Repurchase of Capital Stock": "0", "Free Cash Flow": "247,678"}, "12/31/2015": {"Duration": "12/31/2015", "Operating Cash Flow": "317,497", "Investing Cash Flow": "-146,200", "Financing Cash Flow": "-258,613", "End Cash Position": "290,011", "Income Tax Paid Supplemental Data": "34,441", "Interest Paid Supplemental Data": "20,799", "Capital Expenditure": "-117,481", "Issuance of Capital Stock": "10,316", "Issuance of Debt": "-", "Repayment of Debt": "-253,033", "Repurchase of Capital Stock": "-20,818", "Free Cash Flow": "200,016"}, "12/31/2014": {"Duration": "12/31/2014", "Operating Cash Flow": "287,965", "Investing Cash Flow": "-407,601", "Financing Cash Flow": "192,843", "End Cash Position": "392,667", "Income Tax Paid Supplemental Data": "12,539", "Interest Paid Supplemental Data": "24,052", "Capital Expenditure": "-97,003", "Issuance of Capital Stock": "-", "Issuance of Debt": "716,967", "Repayment of Debt": "-391,629", "Repurchase of Capital Stock": "-126,889", "Free Cash Flow": "190,962"}, "12/31/2013": {"Duration": "12/31/2013", "Operating Cash Flow": "258,957", "Investing Cash Flow": "-251,735", "Financing Cash Flow": "-68,759", "End Cash Position": "330,303", "Income Tax Paid Supplemental Data": "14,518", "Interest Paid Supplemental Data": "31,000", "Capital Expenditure": "-118,693", "Issuance of Capital Stock": "-", "Issuance of Debt": "13", "Repayment of Debt": "-7,951", "Repurchase of Capital Stock": "-86,029", "Free Cash Flow": "140,264"}, "12/31/2012": {"Duration": "12/31/2012", "Operating Cash Flow": "244,880", "Investing Cash Flow": "-300,886", "Financing Cash Flow": "226,604", "End Cash Position": "394,037", "Income Tax Paid Supplemental Data": "61,586", "Interest Paid Supplemental Data": "17,298", "Capital Expenditure": "-128,085", "Issuance of Capital Stock": "-", "Issuance of Debt": "400,000", "Repayment of Debt": "-150,782", "Repurchase of Capital Stock": "-35,653", "Free Cash Flow": "116,795"}, "12/31/2011": {"Duration": "12/31/2011", "Operating Cash Flow": "244,779", "Investing Cash Flow": "-540,322", "Financing Cash Flow": "-310,630", "End Cash Position": "221,133", "Income Tax Paid Supplemental Data": "41,494", "Interest Paid Supplemental Data": "20,760", "Capital Expenditure": "-121,388", "Issuance of Capital Stock": "8,778", "Issuance of Debt": "187,340", "Repayment of Debt": "-473,560", "Repurchase of Capital Stock": "-", "Free Cash Flow": "123,391"}, "12/31/2010": {"Duration": "12/31/2010", "Operating Cash Flow": "250,752", "Investing Cash Flow": "-215,511", "Financing Cash Flow": "-35,228", "End Cash Position": "828,407", "Income Tax Paid Supplemental Data": "33,781", "Interest Paid Supplemental Data": "25,557", "Capital Expenditure": "-123,909", "Issuance of Capital Stock": "11,241", "Issuance of Debt": "4,003", "Repayment of Debt": "-53,262", "Repurchase of Capital Stock": "-", "Free Cash Flow": "126,843"}, "12/31/2009": {"Duration": "12/31/2009", "Operating Cash Flow": "216,995", "Investing Cash Flow": "-341,744", "Financing Cash Flow": "629,198", "End Cash Position": "825,557", "Income Tax Paid Supplemental Data": "36,003", "Interest Paid Supplemental Data": "27,662", "Capital Expenditure": "-69,357", "Issuance of Capital Stock": "650,492", "Issuance of Debt": "965", "Repayment of Debt": "-27,991", "Repurchase of Capital Stock": "-", "Free Cash Flow": "147,638"}, "12/31/2008": {"Duration": "12/31/2008", "Operating Cash Flow": "172,998", "Investing Cash Flow": "-210,518", "Financing Cash Flow": "12,769", "End Cash Position": "333,313", "Income Tax Paid Supplemental Data": "-", "Interest Paid Supplemental Data": "-", "Capital Expenditure": "-57,917", "Issuance of Capital Stock": "18,455", "Issuance of Debt": "-", "Repayment of Debt": "-", "Repurchase of Capital Stock": "-", "Free Cash Flow": "115,081"}, "12/31/2007": {"Duration": "12/31/2007", "Operating Cash Flow": "84,811", "Investing Cash Flow": "-659,671", "Financing Cash Flow": "494,054", "End Cash Position": "347,320", "Income Tax Paid Supplemental Data": "-", "Interest Paid Supplemental Data": "-", "Capital Expenditure": "-58,614", "Issuance of Capital Stock": "42,282", "Issuance of Debt": "-", "Repayment of Debt": "-", "Repurchase of Capital Stock": "-", "Free Cash Flow": "26,197"}, "12/31/2006": {"Duration": "12/31/2006", "Operating Cash Flow": "101,479", "Investing Cash Flow": "-165,472", "Financing Cash Flow": "303,160", "End Cash Position": "430,357", "Income Tax Paid Supplemental Data": "-", "Interest Paid Supplemental Data": "-", "Capital Expenditure": "-35,353", "Issuance of Capital Stock": "11,006", "Issuance of Debt": "-", "Repayment of Debt": "-", "Repurchase of Capital Stock": "-", "Free Cash Flow": "66,126"}, "12/31/2005": {"Duration": "12/31/2005", "Operating Cash Flow": "91,237", "Investing Cash Flow": "-98,501", "Financing Cash Flow": "2,955", "End Cash Position": "191,700", "Income Tax Paid Supplemental Data": "-", "Interest Paid Supplemental Data": "-", "Capital Expenditure": "-13,728", "Issuance of Capital Stock": "7,959", "Issuance of Debt": "-", "Repayment of Debt": "-", "Repurchase of Capital Stock": "-", "Free Cash Flow": "77,509"}, "12/31/2004": {"Duration": "12/31/2004", "Operating Cash Flow": "53,798", "Investing Cash Flow": "-51,149", "Financing Cash Flow": "95,623", "End Cash Position": "196,375", "Income Tax Paid Supplemental Data": "-", "Interest Paid Supplemental Data": "-", "Capital Expenditure": "-12,621", "Issuance of Capital Stock": "5,132", "Issuance of Debt": "-", "Repayment of Debt": "-", "Repurchase of Capital Stock": "-", "Free Cash Flow": "41,177"}, "12/31/2003": {"Duration": "12/31/2003", "Operating Cash Flow": "64,060", "Investing Cash Flow": "-14,057", "Financing Cash Flow": "-1,884", "End Cash Position": "98,993", "Income Tax Paid Supplemental Data": "-", "Interest Paid Supplemental Data": "-", "Capital Expenditure": "-19,558", "Issuance of Capital Stock": "2,113", "Issuance of Debt": "-", "Repayment of Debt": "-", "Repurchase of Capital Stock": "-", "Free Cash Flow": "44,502"}, "12/31/2002": {"Duration": "12/31/2002", "Operating Cash Flow": "36,686", "Investing Cash Flow": "-64,792", "Financing Cash Flow": "6,123", "End Cash Position": "44,893", "Income Tax Paid Supplemental Data": "-", "Interest Paid Supplemental Data": "-", "Capital Expenditure": "-59,136", "Issuance of Capital Stock": "2,330", "Issuance of Debt": "-", "Repayment of Debt": "-", "Repurchase of Capital Stock": "-", "Free Cash Flow": "-22,450"}, "12/31/2001": {"Duration": "12/31/2001", "Operating Cash Flow": "58,087", "Investing Cash Flow": "-90,798", "Financing Cash Flow": "66,245", "End Cash Position": "56,460", "Income Tax Paid Supplemental Data": "-", "Interest Paid Supplemental Data": "-", "Capital Expenditure": "-102,067", "Issuance of Capital Stock": "4,089", "Issuance of Debt": "-", "Repayment of Debt": "-", "Repurchase of Capital Stock": "-", "Free Cash Flow": "-43,980"}, "12/31/2000": {"Duration": "12/31/2000", "Operating Cash Flow": "38,872", "Investing Cash Flow": "-45,026", "Financing Cash Flow": "14,840", "End Cash Position": "21,534", "Income Tax Paid Supplemental Data": "-", "Interest Paid Supplemental Data": "-", "Capital Expenditure": "-39,445", "Issuance of Capital Stock": "20,757", "Issuance of Debt": "-", "Repayment of Debt": "-", "Repurchase of Capital Stock": "-", "Free Cash Flow": "-573"}, "12/31/1999": {"Duration": "12/31/1999", "Operating Cash Flow": "26,176", "Investing Cash Flow": "-23,728", "Financing Cash Flow": "3,595", "End Cash Position": "12,140", "Income Tax Paid Supplemental Data": "-", "Interest Paid Supplemental Data": "-", "Capital Expenditure": "-11,811", "Issuance of Capital Stock": "2,665", "Issuance of Debt": "-", "Repayment of Debt": "-", "Repurchase of Capital Stock": "-", "Free Cash Flow": "14,365"}, "12/31/1998": {"Duration": "12/31/1998", "Operating Cash Flow": "11,600", "Investing Cash Flow": "-11,700", "Financing Cash Flow": "1,800", "End Cash Position": "6,300", "Income Tax Paid Supplemental Data": "-", "Interest Paid Supplemental Data": "-", "Capital Expenditure": "-10,500", "Issuance of Capital Stock": "900", "Issuance of Debt": "-", "Repayment of Debt": "-", "Repurchase of Capital Stock": "-", "Free Cash Flow": "1,100"}, "12/31/1997": {"Duration": "12/31/1997", "Operating Cash Flow": "8,500", "Investing Cash Flow": "-5,900", "Financing Cash Flow": "3,200", "End Cash Position": "4,300", "Income Tax Paid Supplemental Data": "-", "Interest Paid Supplemental Data": "-", "Capital Expenditure": "-6,800", "Issuance of Capital Stock": "700", "Issuance of Debt": "-", "Repayment of Debt": "-", "Repurchase of Capital Stock": "-", "Free Cash Flow": "1,700"}, "12/31/1996": {"Duration": "12/31/1996", "Operating Cash Flow": "4,100", "Investing Cash Flow": "-38,300", "Financing Cash Flow": "31,900", "End Cash Position": "2,000", "Income Tax Paid Supplemental Data": "-", "Interest Paid Supplemental Data": "-", "Capital Expenditure": "-9,700", "Issuance of Capital Stock": "31,100", "Issuance of Debt": "-", "Repayment of Debt": "-", "Repurchase of Capital Stock": "-", "Free Cash Flow": "-5,600"}, "12/31/1995": {"Duration": "12/31/1995", "Operating Cash Flow": "3,900", "Investing Cash Flow": "-1,600", "Financing Cash Flow": "-1,200", "End Cash Position": "5,300", "Income Tax Paid Supplemental Data": "-", "Interest Paid Supplemental Data": "-", "Capital Expenditure": "-1,700", "Issuance of Capital Stock": "-", "Issuance of Debt": "-", "Repayment of Debt": "-", "Repurchase of Capital Stock": "-", "Free Cash Flow": "2,200"}}, "ks": {"Current": {"Duration": "Current", "Market Cap (intraday) 5": "10.91B", "Enterprise Value 3": "12.05B", "Trailing P/E ": "24.88", "Forward P/E 1": "19.27", "PEG Ratio (5 yr expected) 1": "3.83", "Price/Sales (ttm)": "5.42", "Price/Book (mrq)": "3.83", "Enterprise Value/Revenue 3": "5.83", "Enterprise Value/EBITDA 7": "14.51"}, "3/31/2021": {"Duration": "3/31/2021", "Market Cap (intraday) 5": "11.12B", "Enterprise Value 3": "12.35B", "Trailing P/E ": "31.82", "Forward P/E 1": "19.57", "PEG Ratio (5 yr expected) 1": "3.89", "Price/Sales (ttm)": "6.10", "Price/Book (mrq)": "3.97", "Enterprise Value/Revenue 3": "21.78", "Enterprise Value/EBITDA 7": "54.12"}, "12/31/2020": {"Duration": "12/31/2020", "Market Cap (intraday) 5": "12.05B", "Enterprise Value 3": "13.34B", "Trailing P/E ": "63.67", "Forward P/E 1": "21.55", "PEG Ratio (5 yr expected) 1": "1.96", "Price/Sales (ttm)": "7.17", "Price/Book (mrq)": "4.44", "Enterprise Value/Revenue 3": "23.34", "Enterprise Value/EBITDA 7": "40.34"}, "9/30/2020": {"Duration": "9/30/2020", "Market Cap (intraday) 5": "11.95B", "Enterprise Value 3": "12.92B", "Trailing P/E ": "871.00", "Forward P/E 1": "22.62", "PEG Ratio (5 yr expected) 1": "2.44", "Price/Sales (ttm)": "7.38", "Price/Book (mrq)": "4.56", "Enterprise Value/Revenue 3": "26.70", "Enterprise Value/EBITDA 7": "133.45"}, "6/30/2020": {"Duration": "6/30/2020", "Market Cap (intraday) 5": "9.78B", "Enterprise Value 3": "10.75B", "Trailing P/E ": "N/A", "Forward P/E 1": "27.47", "PEG Ratio (5 yr expected) 1": "2.57", "Price/Sales (ttm)": "6.28", "Price/Book (mrq)": "3.93", "Enterprise Value/Revenue 3": "24.25", "Enterprise Value/EBITDA 7": "61.52"}, "3/31/2020": {"Duration": "3/31/2020", "Market Cap (intraday) 5": "9.49B", "Enterprise Value 3": "10.46B", "Trailing P/E ": "N/A", "Forward P/E 1": "27.10", "PEG Ratio (5 yr expected) 1": "2.53", "Price/Sales (ttm)": "6.18", "Price/Book (mrq)": "3.74", "Enterprise Value/Revenue 3": "28.12", "Enterprise Value/EBITDA 7": "92.00"}, "12/31/2019": {"Duration": "12/31/2019", "Market Cap (intraday) 5": "7.70B", "Enterprise Value 3": "8.76B", "Trailing P/E ": "N/A", "Forward P/E 1": "22.37", "PEG Ratio (5 yr expected) 1": "2.17", "Price/Sales (ttm)": "5.08", "Price/Book (mrq)": "3.12", "Enterprise Value/Revenue 3": "21.20", "Enterprise Value/EBITDA 7": "62.50"}, "9/30/2019": {"Duration": "9/30/2019", "Market Cap (intraday) 5": "7.47B", "Enterprise Value 3": "8.45B", "Trailing P/E ": "39.25", "Forward P/E 1": "21.14", "PEG Ratio (5 yr expected) 1": "1.87", "Price/Sales (ttm)": "5.09", "Price/Book (mrq)": "2.84", "Enterprise Value/Revenue 3": "22.07", "Enterprise Value/EBITDA 7": "-55.24"}, "6/30/2019": {"Duration": "6/30/2019", "Market Cap (intraday) 5": "9.20B", "Enterprise Value 3": "10.17B", "Trailing P/E ": "50.06", "Forward P/E 1": "28.49", "PEG Ratio (5 yr expected) 1": "N/A", "Price/Sales (ttm)": "6.29", "Price/Book (mrq)": "3.52", "Enterprise Value/Revenue 3": "26.65", "Enterprise Value/EBITDA 7": "76.82"}, "3/31/2019": {"Duration": "3/31/2019", "Market Cap (intraday) 5": "9.17B", "Enterprise Value 3": "9.95B", "Trailing P/E ": "49.61", "Forward P/E 1": "28.09", "PEG Ratio (5 yr expected) 1": "2.48", "Price/Sales (ttm)": "6.32", "Price/Book (mrq)": "3.50", "Enterprise Value/Revenue 3": "28.55", "Enterprise Value/EBITDA 7": "92.08"}, "12/31/2018": {"Duration": "12/31/2018", "Market Cap (intraday) 5": "7.77B", "Enterprise Value 3": "8.62B", "Trailing P/E ": "90.66", "Forward P/E 1": "23.04", "PEG Ratio (5 yr expected) 1": "2.71", "Price/Sales (ttm)": "5.37", "Price/Book (mrq)": "3.07", "Enterprise Value/Revenue 3": "21.37", "Enterprise Value/EBITDA 7": "62.17"}, "9/30/2018": {"Duration": "9/30/2018", "Market Cap (intraday) 5": "8.60B", "Enterprise Value 3": "9.46B", "Trailing P/E ": "114.79", "Forward P/E 1": "25.32", "PEG Ratio (5 yr expected) 1": "2.98", "Price/Sales (ttm)": "5.95", "Price/Book (mrq)": "3.40", "Enterprise Value/Revenue 3": "25.04", "Enterprise Value/EBITDA 7": "68.91"}, "6/30/2018": {"Duration": "6/30/2018", "Market Cap (intraday) 5": "8.22B", "Enterprise Value 3": "8.98B", "Trailing P/E ": "157.22", "Forward P/E 1": "27.32", "PEG Ratio (5 yr expected) 1": "3.14", "Price/Sales (ttm)": "5.78", "Price/Book (mrq)": "3.18", "Enterprise Value/Revenue 3": "23.80", "Enterprise Value/EBITDA 7": "77.07"}, "3/31/2018": {"Duration": "3/31/2018", "Market Cap (intraday) 5": "7.32B", "Enterprise Value 3": "8.06B", "Trailing P/E ": "190.06", "Forward P/E 1": "23.87", "PEG Ratio (5 yr expected) 1": "2.74", "Price/Sales (ttm)": "5.31", "Price/Book (mrq)": "2.89", "Enterprise Value/Revenue 3": "23.47", "Enterprise Value/EBITDA 7": "75.30"}, "12/31/2017": {"Duration": "12/31/2017", "Market Cap (intraday) 5": "7.00B", "Enterprise Value 3": "7.77B", "Trailing P/E ": "78.69", "Forward P/E 1": "22.94", "PEG Ratio (5 yr expected) 1": "1.62", "Price/Sales (ttm)": "5.04", "Price/Book (mrq)": "2.73", "Enterprise Value/Revenue 3": "19.59", "Enterprise Value/EBITDA 7": "75.03"}, "9/30/2017": {"Duration": "9/30/2017", "Market Cap (intraday) 5": "7.19B", "Enterprise Value 3": "7.96B", "Trailing P/E ": "94.57", "Forward P/E 1": "23.31", "PEG Ratio (5 yr expected) 1": "1.65", "Price/Sales (ttm)": "5.27", "Price/Book (mrq)": "2.85", "Enterprise Value/Revenue 3": "21.88", "Enterprise Value/EBITDA 7": "68.70"}, "6/30/2017": {"Duration": "6/30/2017", "Market Cap (intraday) 5": "7.65B", "Enterprise Value 3": "8.45B", "Trailing P/E ": "92.35", "Forward P/E 1": "27.03", "PEG Ratio (5 yr expected) 1": "1.91", "Price/Sales (ttm)": "5.71", "Price/Book (mrq)": "3.15", "Enterprise Value/Revenue 3": "24.22", "Enterprise Value/EBITDA 7": "106.21"}, "3/31/2017": {"Duration": "3/31/2017", "Market Cap (intraday) 5": "6.60B", "Enterprise Value 3": "7.13B", "Trailing P/E ": "82.05", "Forward P/E 1": "23.36", "PEG Ratio (5 yr expected) 1": "2.56", "Price/Sales (ttm)": "4.98", "Price/Book (mrq)": "2.53", "Enterprise Value/Revenue 3": "23.18", "Enterprise Value/EBITDA 7": "87.61"}, "12/31/2016": {"Duration": "12/31/2016", "Market Cap (intraday) 5": "6.56B", "Enterprise Value 3": "7.17B", "Trailing P/E ": "56.04", "Forward P/E 1": "22.62", "PEG Ratio (5 yr expected) 1": "2.51", "Price/Sales (ttm)": "5.04", "Price/Book (mrq)": "2.47", "Enterprise Value/Revenue 3": "19.56", "Enterprise Value/EBITDA 7": "128.47"}, "9/30/2016": {"Duration": "9/30/2016", "Market Cap (intraday) 5": "6.43B", "Enterprise Value 3": "7.09B", "Trailing P/E ": "54.88", "Forward P/E 1": "22.42", "PEG Ratio (5 yr expected) 1": "2.48", "Price/Sales (ttm)": "5.02", "Price/Book (mrq)": "2.45", "Enterprise Value/Revenue 3": "20.94", "Enterprise Value/EBITDA 7": "71.18"}, "6/30/2016": {"Duration": "6/30/2016", "Market Cap (intraday) 5": "5.10B", "Enterprise Value 3": "5.72B", "Trailing P/E ": "41.94", "Forward P/E 1": "20.33", "PEG Ratio (5 yr expected) 1": "2.62", "Price/Sales (ttm)": "4.04", "Price/Book (mrq)": "1.94", "Enterprise Value/Revenue 3": "17.09", "Enterprise Value/EBITDA 7": "67.66"}, "3/31/2016": {"Duration": "3/31/2016", "Market Cap (intraday) 5": "5.21B", "Enterprise Value 3": "5.85B", "Trailing P/E ": "41.37", "Forward P/E 1": "20.62", "PEG Ratio (5 yr expected) 1": "3.15", "Price/Sales (ttm)": "4.14", "Price/Book (mrq)": "2.04", "Enterprise Value/Revenue 3": "19.62", "Enterprise Value/EBITDA 7": "84.79"}, "12/31/2015": {"Duration": "12/31/2015", "Market Cap (intraday) 5": "6.44B", "Enterprise Value 3": "7.07B", "Trailing P/E ": "64.30", "Forward P/E 1": "23.87", "PEG Ratio (5 yr expected) 1": "2.80", "Price/Sales (ttm)": "5.09", "Price/Book (mrq)": "2.56", "Enterprise Value/Revenue 3": "20.29", "Enterprise Value/EBITDA 7": "65.50"}, "9/30/2015": {"Duration": "9/30/2015", "Market Cap (intraday) 5": "6.01B", "Enterprise Value 3": "6.69B", "Trailing P/E ": "58.64", "Forward P/E 1": "21.51", "PEG Ratio (5 yr expected) 1": "2.52", "Price/Sales (ttm)": "4.69", "Price/Book (mrq)": "2.37", "Enterprise Value/Revenue 3": "21.26", "Enterprise Value/EBITDA 7": "69.50"}, "6/30/2015": {"Duration": "6/30/2015", "Market Cap (intraday) 5": "5.77B", "Enterprise Value 3": "6.43B", "Trailing P/E ": "53.89", "Forward P/E 1": "19.80", "PEG Ratio (5 yr expected) 1": "2.14", "Price/Sales (ttm)": "4.49", "Price/Book (mrq)": "2.34", "Enterprise Value/Revenue 3": "20.12", "Enterprise Value/EBITDA 7": "77.68"}, "3/31/2015": {"Duration": "3/31/2015", "Market Cap (intraday) 5": "5.86B", "Enterprise Value 3": "6.46B", "Trailing P/E ": "52.50", "Forward P/E 1": "20.12", "PEG Ratio (5 yr expected) 1": "2.17", "Price/Sales (ttm)": "4.53", "Price/Book (mrq)": "2.21", "Enterprise Value/Revenue 3": "21.65", "Enterprise Value/EBITDA 7": "86.87"}, "12/31/2014": {"Duration": "12/31/2014", "Market Cap (intraday) 5": "5.44B", "Enterprise Value 3": "5.92B", "Trailing P/E ": "37.24", "Forward P/E 1": "20.00", "PEG Ratio (5 yr expected) 1": "2.16", "Price/Sales (ttm)": "4.23", "Price/Book (mrq)": "2.01", "Enterprise Value/Revenue 3": "16.41", "Enterprise Value/EBITDA 7": "78.79"}, "9/30/2014": {"Duration": "9/30/2014", "Market Cap (intraday) 5": "5.31B", "Enterprise Value 3": "5.83B", "Trailing P/E ": "34.50", "Forward P/E 1": "19.65", "PEG Ratio (5 yr expected) 1": "2.23", "Price/Sales (ttm)": "4.21", "Price/Book (mrq)": "1.94", "Enterprise Value/Revenue 3": "17.34", "Enterprise Value/EBITDA 7": "58.56"}, "6/30/2014": {"Duration": "6/30/2014", "Market Cap (intraday) 5": "5.69B", "Enterprise Value 3": "6.18B", "Trailing P/E ": "78.87", "Forward P/E 1": "21.10", "PEG Ratio (5 yr expected) 1": "2.39", "Price/Sales (ttm)": "4.51", "Price/Book (mrq)": "2.09", "Enterprise Value/Revenue 3": "18.69", "Enterprise Value/EBITDA 7": "62.47"}, "3/31/2014": {"Duration": "3/31/2014", "Market Cap (intraday) 5": "4.92B", "Enterprise Value 3": "5.39B", "Trailing P/E ": "72.72", "Forward P/E 1": "18.42", "PEG Ratio (5 yr expected) 1": "4.02", "Price/Sales (ttm)": "3.92", "Price/Book (mrq)": "1.81", "Enterprise Value/Revenue 3": "16.99", "Enterprise Value/EBITDA 7": "63.40"}, "12/31/2013": {"Duration": "12/31/2013", "Market Cap (intraday) 5": "5.57B", "Enterprise Value 3": "6.06B", "Trailing P/E ": "119.05", "Forward P/E 1": "21.93", "PEG Ratio (5 yr expected) 1": "3.01", "Price/Sales (ttm)": "4.47", "Price/Book (mrq)": "2.09", "Enterprise Value/Revenue 3": "16.78", "Enterprise Value/EBITDA 7": "65.12"}, "9/30/2013": {"Duration": "9/30/2013", "Market Cap (intraday) 5": "5.02B", "Enterprise Value 3": "5.49B", "Trailing P/E ": "152.86", "Forward P/E 1": "18.48", "PEG Ratio (5 yr expected) 1": "2.54", "Price/Sales (ttm)": "4.01", "Price/Book (mrq)": "1.94", "Enterprise Value/Revenue 3": "17.04", "Enterprise Value/EBITDA 7": "62.20"}, "6/30/2013": {"Duration": "6/30/2013", "Market Cap (intraday) 5": "4.66B", "Enterprise Value 3": "5.05B", "Trailing P/E ": "39.82", "Forward P/E 1": "16.26", "PEG Ratio (5 yr expected) 1": "2.23", "Price/Sales (ttm)": "3.81", "Price/Book (mrq)": "1.74", "Enterprise Value/Revenue 3": "16.01", "Enterprise Value/EBITDA 7": "470.11"}, "3/31/2013": {"Duration": "3/31/2013", "Market Cap (intraday) 5": "4.99B", "Enterprise Value 3": "5.35B", "Trailing P/E ": "39.04", "Forward P/E 1": "16.58", "PEG Ratio (5 yr expected) 1": "2.06", "Price/Sales (ttm)": "4.05", "Price/Book (mrq)": "1.82", "Enterprise Value/Revenue 3": "17.63", "Enterprise Value/EBITDA 7": "70.88"}, "12/31/2012": {"Duration": "12/31/2012", "Market Cap (intraday) 5": "4.26B", "Enterprise Value 3": "4.62B", "Trailing P/E ": "33.61", "Forward P/E 1": "17.24", "PEG Ratio (5 yr expected) 1": "2.56", "Price/Sales (ttm)": "3.48", "Price/Book (mrq)": "1.57", "Enterprise Value/Revenue 3": "13.34", "Enterprise Value/EBITDA 7": "45.69"}, "9/30/2012": {"Duration": "9/30/2012", "Market Cap (intraday) 5": "4.37B", "Enterprise Value 3": "4.76B", "Trailing P/E ": "45.15", "Forward P/E 1": "16.42", "PEG Ratio (5 yr expected) 1": "2.44", "Price/Sales (ttm)": "3.60", "Price/Book (mrq)": "1.66", "Enterprise Value/Revenue 3": "15.65", "Enterprise Value/EBITDA 7": "53.41"}, "6/30/2012": {"Duration": "6/30/2012", "Market Cap (intraday) 5": "3.93B", "Enterprise Value 3": "4.25B", "Trailing P/E ": "41.75", "Forward P/E 1": "14.37", "PEG Ratio (5 yr expected) 1": "2.52", "Price/Sales (ttm)": "3.32", "Price/Book (mrq)": "1.50", "Enterprise Value/Revenue 3": "13.84", "Enterprise Value/EBITDA 7": "45.84"}, "3/31/2012": {"Duration": "3/31/2012", "Market Cap (intraday) 5": "3.65B", "Enterprise Value 3": "3.96B", "Trailing P/E ": "38.92", "Forward P/E 1": "13.61", "PEG Ratio (5 yr expected) 1": "1.42", "Price/Sales (ttm)": "3.18", "Price/Book (mrq)": "1.44", "Enterprise Value/Revenue 3": "13.36", "Enterprise Value/EBITDA 7": "47.51"}, "12/31/2011": {"Duration": "12/31/2011", "Market Cap (intraday) 5": "3.23B", "Enterprise Value 3": "3.54B", "Trailing P/E ": "25.11", "Forward P/E 1": "13.24", "PEG Ratio (5 yr expected) 1": "1.37", "Price/Sales (ttm)": "2.95", "Price/Book (mrq)": "1.27", "Enterprise Value/Revenue 3": "10.60", "Enterprise Value/EBITDA 7": "115.83"}, "9/30/2011": {"Duration": "9/30/2011", "Market Cap (intraday) 5": "3.24B", "Enterprise Value 3": "3.55B", "Trailing P/E ": "25.15", "Forward P/E 1": "13.18", "PEG Ratio (5 yr expected) 1": "1.30", "Price/Sales (ttm)": "2.96", "Price/Book (mrq)": "1.27", "Enterprise Value/Revenue 3": "12.29", "Enterprise Value/EBITDA 7": "38.38"}, "6/30/2011": {"Duration": "6/30/2011", "Market Cap (intraday) 5": "4.45B", "Enterprise Value 3": "4.37B", "Trailing P/E ": "34.58", "Forward P/E 1": "17.21", "PEG Ratio (5 yr expected) 1": "1.69", "Price/Sales (ttm)": "4.12", "Price/Book (mrq)": "1.71", "Enterprise Value/Revenue 3": "15.48", "Enterprise Value/EBITDA 7": "51.06"}, "3/31/2011": {"Duration": "3/31/2011", "Market Cap (intraday) 5": "4.69B", "Enterprise Value 3": "4.62B", "Trailing P/E ": "34.57", "Forward P/E 1": "18.08", "PEG Ratio (5 yr expected) 1": "1.92", "Price/Sales (ttm)": "4.43", "Price/Book (mrq)": "1.85", "Enterprise Value/Revenue 3": "17.48", "Enterprise Value/EBITDA 7": "57.54"}, "12/31/2010": {"Duration": "12/31/2010", "Market Cap (intraday) 5": "4.56B", "Enterprise Value 3": "4.50B", "Trailing P/E ": "32.58", "Forward P/E 1": "19.49", "PEG Ratio (5 yr expected) 1": "1.84", "Price/Sales (ttm)": "4.32", "Price/Book (mrq)": "1.84", "Enterprise Value/Revenue 3": "15.72", "Enterprise Value/EBITDA 7": "49.57"}, "9/30/2010": {"Duration": "9/30/2010", "Market Cap (intraday) 5": "4.13B", "Enterprise Value 3": "4.14B", "Trailing P/E ": "27.72", "Forward P/E 1": "N/A", "PEG Ratio (5 yr expected) 1": "N/A", "Price/Sales (ttm)": "3.91", "Price/Book (mrq)": "1.70", "Enterprise Value/Revenue 3": "15.11", "Enterprise Value/EBITDA 7": "46.34"}, "6/30/2010": {"Duration": "6/30/2010", "Market Cap (intraday) 5": "4.47B", "Enterprise Value 3": "4.50B", "Trailing P/E ": "28.69", "Forward P/E 1": "N/A", "PEG Ratio (5 yr expected) 1": "N/A", "Price/Sales (ttm)": "4.16", "Price/Book (mrq)": "1.92", "Enterprise Value/Revenue 3": "17.15", "Enterprise Value/EBITDA 7": "54.90"}, "3/31/2010": {"Duration": "3/31/2010", "Market Cap (intraday) 5": "5.34B", "Enterprise Value 3": "5.40B", "Trailing P/E ": "34.83", "Forward P/E 1": "N/A", "PEG Ratio (5 yr expected) 1": "N/A", "Price/Sales (ttm)": "4.87", "Price/Book (mrq)": "2.31", "Enterprise Value/Revenue 3": "20.44", "Enterprise Value/EBITDA 7": "66.27"}, "12/31/2009": {"Duration": "12/31/2009", "Market Cap (intraday) 5": "5.18B", "Enterprise Value 3": "5.27B", "Trailing P/E ": "34.89", "Forward P/E 1": "N/A", "PEG Ratio (5 yr expected) 1": "N/A", "Price/Sales (ttm)": "4.72", "Price/Book (mrq)": "2.26", "Enterprise Value/Revenue 3": "18.22", "Enterprise Value/EBITDA 7": "58.06"}, "9/30/2009": {"Duration": "9/30/2009", "Market Cap (intraday) 5": "4.92B", "Enterprise Value 3": "5.01B", "Trailing P/E ": "36.69", "Forward P/E 1": "N/A", "PEG Ratio (5 yr expected) 1": "N/A", "Price/Sales (ttm)": "4.54", "Price/Book (mrq)": "2.21", "Enterprise Value/Revenue 3": "19.29", "Enterprise Value/EBITDA 7": "57.51"}, "6/30/2009": {"Duration": "6/30/2009", "Market Cap (intraday) 5": "3.70B", "Enterprise Value 3": "4.29B", "Trailing P/E ": "37.18", "Forward P/E 1": "17.01", "PEG Ratio (5 yr expected) 1": "0.85", "Price/Sales (ttm)": "4.07", "Price/Book (mrq)": "2.41", "Enterprise Value/Revenue 3": "17.84", "Enterprise Value/EBITDA 7": "55.53"}, "3/31/2009": {"Duration": "3/31/2009", "Market Cap (intraday) 5": "3.16B", "Enterprise Value 3": "3.80B", "Trailing P/E ": "34.70", "Forward P/E 1": "N/A", "PEG Ratio (5 yr expected) 1": "N/A", "Price/Sales (ttm)": "3.59", "Price/Book (mrq)": "2.16", "Enterprise Value/Revenue 3": "17.22", "Enterprise Value/EBITDA 7": "56.47"}, "12/31/2008": {"Duration": "12/31/2008", "Market Cap (intraday) 5": "3.47B", "Enterprise Value 3": "4.12B", "Trailing P/E ": "39.91", "Forward P/E 1": "N/A", "PEG Ratio (5 yr expected) 1": "N/A", "Price/Sales (ttm)": "4.02", "Price/Book (mrq)": "2.39", "Enterprise Value/Revenue 3": "17.36", "Enterprise Value/EBITDA 7": "93.34"}, "9/30/2008": {"Duration": "9/30/2008", "Market Cap (intraday) 5": "3.89B", "Enterprise Value 3": "4.55B", "Trailing P/E ": "51.92", "Forward P/E 1": "N/A", "PEG Ratio (5 yr expected) 1": "N/A", "Price/Sales (ttm)": "4.67", "Price/Book (mrq)": "2.67", "Enterprise Value/Revenue 3": "19.71", "Enterprise Value/EBITDA 7": "57.01"}, "6/30/2008": {"Duration": "6/30/2008", "Market Cap (intraday) 5": "3.96B", "Enterprise Value 3": "4.56B", "Trailing P/E ": "91.50", "Forward P/E 1": "N/A", "PEG Ratio (5 yr expected) 1": "N/A", "Price/Sales (ttm)": "4.99", "Price/Book (mrq)": "2.67", "Enterprise Value/Revenue 3": "20.93", "Enterprise Value/EBITDA 7": "66.41"}, "3/31/2008": {"Duration": "3/31/2008", "Market Cap (intraday) 5": "4.08B", "Enterprise Value 3": "4.72B", "Trailing P/E ": "83.20", "Forward P/E 1": "N/A", "PEG Ratio (5 yr expected) 1": "N/A", "Price/Sales (ttm)": "5.37", "Price/Book (mrq)": "2.81", "Enterprise Value/Revenue 3": "22.78", "Enterprise Value/EBITDA 7": "23.82"}, "12/31/2007": {"Duration": "12/31/2007", "Market Cap (intraday) 5": "4.11B", "Enterprise Value 3": "4.75B", "Trailing P/E ": "75.18", "Forward P/E 1": "N/A", "PEG Ratio (5 yr expected) 1": "N/A", "Price/Sales (ttm)": "5.70", "Price/Book (mrq)": "2.95", "Enterprise Value/Revenue 3": "22.59", "Enterprise Value/EBITDA 7": "77.55"}, "9/30/2007": {"Duration": "9/30/2007", "Market Cap (intraday) 5": "3.74B", "Enterprise Value 3": "3.76B", "Trailing P/E ": "37.33", "Forward P/E 1": "N/A", "PEG Ratio (5 yr expected) 1": "N/A", "Price/Sales (ttm)": "5.95", "Price/Book (mrq)": "6.06", "Enterprise Value/Revenue 3": "21.31", "Enterprise Value/EBITDA 7": "73.13"}, "6/30/2007": {"Duration": "6/30/2007", "Market Cap (intraday) 5": "2.68B", "Enterprise Value 3": "2.71B", "Trailing P/E ": "37.85", "Forward P/E 1": "N/A", "PEG Ratio (5 yr expected) 1": "N/A", "Price/Sales (ttm)": "5.67", "Price/Book (mrq)": "4.56", "Enterprise Value/Revenue 3": "20.04", "Enterprise Value/EBITDA 7": "64.68"}, "3/31/2007": {"Duration": "3/31/2007", "Market Cap (intraday) 5": "2.59B", "Enterprise Value 3": "2.62B", "Trailing P/E ": "37.46", "Forward P/E 1": "N/A", "PEG Ratio (5 yr expected) 1": "N/A", "Price/Sales (ttm)": "5.68", "Price/Book (mrq)": "4.58", "Enterprise Value/Revenue 3": "20.48", "Enterprise Value/EBITDA 7": "67.80"}, "12/31/2006": {"Duration": "12/31/2006", "Market Cap (intraday) 5": "2.27B", "Enterprise Value 3": "2.29B", "Trailing P/E ": "34.39", "Forward P/E 1": "N/A", "PEG Ratio (5 yr expected) 1": "N/A", "Price/Sales (ttm)": "5.21", "Price/Book (mrq)": "4.30", "Enterprise Value/Revenue 3": "18.17", "Enterprise Value/EBITDA 7": "59.22"}, "9/30/2006": {"Duration": "9/30/2006", "Market Cap (intraday) 5": "2.37B", "Enterprise Value 3": "2.40B", "Trailing P/E ": "36.84", "Forward P/E 1": "N/A", "PEG Ratio (5 yr expected) 1": "N/A", "Price/Sales (ttm)": "5.66", "Price/Book (mrq)": "4.66", "Enterprise Value/Revenue 3": "20.32", "Enterprise Value/EBITDA 7": "66.40"}, "6/30/2006": {"Duration": "6/30/2006", "Market Cap (intraday) 5": "2.05B", "Enterprise Value 3": "2.08B", "Trailing P/E ": "31.91", "Forward P/E 1": "N/A", "PEG Ratio (5 yr expected) 1": "N/A", "Price/Sales (ttm)": "4.90", "Price/Book (mrq)": "4.03", "Enterprise Value/Revenue 3": "18.33", "Enterprise Value/EBITDA 7": "69.30"}, "3/31/2006": {"Duration": "3/31/2006", "Market Cap (intraday) 5": "2.23B", "Enterprise Value 3": "2.23B", "Trailing P/E ": "33.89", "Forward P/E 1": "N/A", "PEG Ratio (5 yr expected) 1": "N/A", "Price/Sales (ttm)": "5.46", "Price/Book (mrq)": "4.63", "Enterprise Value/Revenue 3": "20.48", "Enterprise Value/EBITDA 7": "69.23"}, "12/31/2005": {"Duration": "12/31/2005", "Market Cap (intraday) 5": "1.74B", "Enterprise Value 3": "1.74B", "Trailing P/E ": "28.66", "Forward P/E 1": "N/A", "PEG Ratio (5 yr expected) 1": "N/A", "Price/Sales (ttm)": "4.50", "Price/Book (mrq)": "3.99", "Enterprise Value/Revenue 3": "16.71", "Enterprise Value/EBITDA 7": "46.07"}, "9/30/2005": {"Duration": "9/30/2005", "Market Cap (intraday) 5": "1.93B", "Enterprise Value 3": "1.93B", "Trailing P/E ": "31.80", "Forward P/E 1": "N/A", "PEG Ratio (5 yr expected) 1": "N/A", "Price/Sales (ttm)": "5.00", "Price/Book (mrq)": "4.41", "Enterprise Value/Revenue 3": "19.57", "Enterprise Value/EBITDA 7": "60.00"}, "6/30/2005": {"Duration": "6/30/2005", "Market Cap (intraday) 5": "1.71B", "Enterprise Value 3": "1.72B", "Trailing P/E ": "30.53", "Forward P/E 1": "N/A", "PEG Ratio (5 yr expected) 1": "N/A", "Price/Sales (ttm)": "4.53", "Price/Book (mrq)": "4.15", "Enterprise Value/Revenue 3": "17.11", "Enterprise Value/EBITDA 7": "54.74"}, "3/31/2005": {"Duration": "3/31/2005", "Market Cap (intraday) 5": "1.76B", "Enterprise Value 3": "1.73B", "Trailing P/E ": "35.12", "Forward P/E 1": "N/A", "PEG Ratio (5 yr expected) 1": "N/A", "Price/Sales (ttm)": "4.67", "Price/Book (mrq)": "4.29", "Enterprise Value/Revenue 3": "18.24", "Enterprise Value/EBITDA 7": "63.23"}, "12/31/2004": {"Duration": "12/31/2004", "Market Cap (intraday) 5": "1.61B", "Enterprise Value 3": "1.60B", "Trailing P/E ": "33.18", "Forward P/E 1": "N/A", "PEG Ratio (5 yr expected) 1": "N/A", "Price/Sales (ttm)": "4.27", "Price/Book (mrq)": "4.02", "Enterprise Value/Revenue 3": "16.77", "Enterprise Value/EBITDA 7": "57.29"}, "9/30/2004": {"Duration": "9/30/2004", "Market Cap (intraday) 5": "1.68B", "Enterprise Value 3": "1.69B", "Trailing P/E ": "40.89", "Forward P/E 1": "N/A", "PEG Ratio (5 yr expected) 1": "N/A", "Price/Sales (ttm)": "4.47", "Price/Book (mrq)": "4.57", "Enterprise Value/Revenue 3": "18.70", "Enterprise Value/EBITDA 7": "62.98"}, "6/30/2004": {"Duration": "6/30/2004", "Market Cap (intraday) 5": "1.79B", "Enterprise Value 3": "1.75B", "Trailing P/E ": "43.57", "Forward P/E 1": "N/A", "PEG Ratio (5 yr expected) 1": "N/A", "Price/Sales (ttm)": "4.76", "Price/Book (mrq)": "5.11", "Enterprise Value/Revenue 3": "17.77", "Enterprise Value/EBITDA 7": "57.00"}, "3/31/2004": {"Duration": "3/31/2004", "Market Cap (intraday) 5": "1.93B", "Enterprise Value 3": "1.93B", "Trailing P/E ": "45.34", "Forward P/E 1": "N/A", "PEG Ratio (5 yr expected) 1": "N/A", "Price/Sales (ttm)": "5.28", "Price/Book (mrq)": "5.58", "Enterprise Value/Revenue 3": "20.11", "Enterprise Value/EBITDA 7": "74.49"}, "12/31/2003": {"Duration": "12/31/2003", "Market Cap (intraday) 5": "1.75B", "Enterprise Value 3": "1.77B", "Trailing P/E ": "41.24", "Forward P/E 1": "N/A", "PEG Ratio (5 yr expected) 1": "N/A", "Price/Sales (ttm)": "5.01", "Price/Book (mrq)": "5.22", "Enterprise Value/Revenue 3": "18.57", "Enterprise Value/EBITDA 7": "72.12"}, "9/30/2003": {"Duration": "9/30/2003", "Market Cap (intraday) 5": "1.55B", "Enterprise Value 3": "1.58B", "Trailing P/E ": "44.21", "Forward P/E 1": "N/A", "PEG Ratio (5 yr expected) 1": "N/A", "Price/Sales (ttm)": "4.65", "Price/Book (mrq)": "4.96", "Enterprise Value/Revenue 3": "17.47", "Enterprise Value/EBITDA 7": "61.13"}, "6/30/2003": {"Duration": "6/30/2003", "Market Cap (intraday) 5": "1.18B", "Enterprise Value 3": "1.24B", "Trailing P/E ": "38.67", "Forward P/E 1": "N/A", "PEG Ratio (5 yr expected) 1": "N/A", "Price/Sales (ttm)": "3.70", "Price/Book (mrq)": "4.05", "Enterprise Value/Revenue 3": "14.33", "Enterprise Value/EBITDA 7": "51.79"}, "3/31/2003": {"Duration": "3/31/2003", "Market Cap (intraday) 5": "845.94M", "Enterprise Value 3": "904.25M", "Trailing P/E ": "34.18", "Forward P/E 1": "N/A", "PEG Ratio (5 yr expected) 1": "N/A", "Price/Sales (ttm)": "2.76", "Price/Book (mrq)": "3.07", "Enterprise Value/Revenue 3": "11.36", "Enterprise Value/EBITDA 7": "38.44"}, "12/31/2002": {"Duration": "12/31/2002", "Market Cap (intraday) 5": "755.32M", "Enterprise Value 3": "809.01M", "Trailing P/E ": "32.44", "Forward P/E 1": "N/A", "PEG Ratio (5 yr expected) 1": "N/A", "Price/Sales (ttm)": "2.53", "Price/Book (mrq)": "2.87", "Enterprise Value/Revenue 3": "10.31", "Enterprise Value/EBITDA 7": "35.78"}, "9/30/2002": {"Duration": "9/30/2002", "Market Cap (intraday) 5": "667.78M", "Enterprise Value 3": "714.22M", "Trailing P/E ": "19.96", "Forward P/E 1": "N/A", "PEG Ratio (5 yr expected) 1": "N/A", "Price/Sales (ttm)": "2.27", "Price/Book (mrq)": "2.50", "Enterprise Value/Revenue 3": "9.29", "Enterprise Value/EBITDA 7": "37.00"}, "6/30/2002": {"Duration": "6/30/2002", "Market Cap (intraday) 5": "1.69B", "Enterprise Value 3": "1.71B", "Trailing P/E ": "43.15", "Forward P/E 1": "N/A", "PEG Ratio (5 yr expected) 1": "N/A", "Price/Sales (ttm)": "6.23", "Price/Book (mrq)": "7.65", "Enterprise Value/Revenue 3": "23.57", "Enterprise Value/EBITDA 7": "88.79"}, "3/31/2002": {"Duration": "3/31/2002", "Market Cap (intraday) 5": "2.14B", "Enterprise Value 3": "2.15B", "Trailing P/E ": "62.04", "Forward P/E 1": "N/A", "PEG Ratio (5 yr expected) 1": "N/A", "Price/Sales (ttm)": "8.19", "Price/Book (mrq)": "10.05", "Enterprise Value/Revenue 3": "30.49", "Enterprise Value/EBITDA 7": "105.96"}, "12/31/2001": {"Duration": "12/31/2001", "Market Cap (intraday) 5": "2.66B", "Enterprise Value 3": "2.67B", "Trailing P/E ": "77.33", "Forward P/E 1": "N/A", "PEG Ratio (5 yr expected) 1": "N/A", "Price/Sales (ttm)": "10.21", "Price/Book (mrq)": "12.50", "Enterprise Value/Revenue 3": "37.53", "Enterprise Value/EBITDA 7": "128.56"}, "9/30/2001": {"Duration": "9/30/2001", "Market Cap (intraday) 5": "2.11B", "Enterprise Value 3": "2.08B", "Trailing P/E ": "70.05", "Forward P/E 1": "N/A", "PEG Ratio (5 yr expected) 1": "N/A", "Price/Sales (ttm)": "9.22", "Price/Book (mrq)": "11.40", "Enterprise Value/Revenue 3": "32.91", "Enterprise Value/EBITDA 7": "148.28"}, "6/30/2001": {"Duration": "6/30/2001", "Market Cap (intraday) 5": "3.17B", "Enterprise Value 3": "3.15B", "Trailing P/E ": "158.56", "Forward P/E 1": "N/A", "PEG Ratio (5 yr expected) 1": "N/A", "Price/Sales (ttm)": "14.79", "Price/Book (mrq)": "18.34", "Enterprise Value/Revenue 3": "47.70", "Enterprise Value/EBITDA 7": "170.29"}, "3/31/2001": {"Duration": "3/31/2001", "Market Cap (intraday) 5": "2.93B", "Enterprise Value 3": "2.91B", "Trailing P/E ": "146.88", "Forward P/E 1": "N/A", "PEG Ratio (5 yr expected) 1": "N/A", "Price/Sales (ttm)": "14.47", "Price/Book (mrq)": "17.85", "Enterprise Value/Revenue 3": "46.00", "Enterprise Value/EBITDA 7": "192.63"}, "12/31/2000": {"Duration": "12/31/2000", "Market Cap (intraday) 5": "4.90B", "Enterprise Value 3": "4.87B", "Trailing P/E ": "384.38", "Forward P/E 1": "N/A", "PEG Ratio (5 yr expected) 1": "N/A", "Price/Sales (ttm)": "27.63", "Price/Book (mrq)": "33.48", "Enterprise Value/Revenue 3": "85.84", "Enterprise Value/EBITDA 7": "195.77"}, "9/30/2000": {"Duration": "9/30/2000", "Market Cap (intraday) 5": "6.67B", "Enterprise Value 3": "6.64B", "Trailing P/E ": "589.06", "Forward P/E 1": "N/A", "PEG Ratio (5 yr expected) 1": "N/A", "Price/Sales (ttm)": "40.76", "Price/Book (mrq)": "52.58", "Enterprise Value/Revenue 3": "131.49", "Enterprise Value/EBITDA 7": "523.22"}, "6/30/2000": {"Duration": "6/30/2000", "Market Cap (intraday) 5": "6.14B", "Enterprise Value 3": "6.11B", "Trailing P/E ": "543.75", "Forward P/E 1": "N/A", "PEG Ratio (5 yr expected) 1": "N/A", "Price/Sales (ttm)": "37.63", "Price/Book (mrq)": "48.39", "Enterprise Value/Revenue 3": "122.64", "Enterprise Value/EBITDA 7": "460.44"}, "3/31/2000": {"Duration": "3/31/2000", "Market Cap (intraday) 5": "4.71B", "Enterprise Value 3": "4.68B", "Trailing P/E ": "340.00", "Forward P/E 1": "N/A", "PEG Ratio (5 yr expected) 1": "N/A", "Price/Sales (ttm)": "32.12", "Price/Book (mrq)": "39.90", "Enterprise Value/Revenue 3": "110.85", "Enterprise Value/EBITDA 7": "483.50"}, "12/31/1999": {"Duration": "12/31/1999", "Market Cap (intraday) 5": "2.60B", "Enterprise Value 3": "2.59B", "Trailing P/E ": "209.72", "Forward P/E 1": "N/A", "PEG Ratio (5 yr expected) 1": "N/A", "Price/Sales (ttm)": "18.38", "Price/Book (mrq)": "28.11", "Enterprise Value/Revenue 3": "66.10", "Enterprise Value/EBITDA 7": "276.34"}, "9/30/1999": {"Duration": "9/30/1999", "Market Cap (intraday) 5": "1.46B", "Enterprise Value 3": "1.44B", "Trailing P/E ": "88.80", "Forward P/E 1": "N/A", "PEG Ratio (5 yr expected) 1": "N/A", "Price/Sales (ttm)": "10.50", "Price/Book (mrq)": "16.23", "Enterprise Value/Revenue 3": "40.52", "Enterprise Value/EBITDA 7": "156.28"}, "6/30/1999": {"Duration": "6/30/1999", "Market Cap (intraday) 5": "1.16B", "Enterprise Value 3": "1.15B", "Trailing P/E ": "77.27", "Forward P/E 1": "N/A", "PEG Ratio (5 yr expected) 1": "N/A", "Price/Sales (ttm)": "8.93", "Price/Book (mrq)": "14.56", "Enterprise Value/Revenue 3": "32.75", "Enterprise Value/EBITDA 7": "140.58"}, "3/31/1999": {"Duration": "3/31/1999", "Market Cap (intraday) 5": "1.17B", "Enterprise Value 3": "1.16B", "Trailing P/E ": "85.16", "Forward P/E 1": "N/A", "PEG Ratio (5 yr expected) 1": "N/A", "Price/Sales (ttm)": "9.83", "Price/Book (mrq)": "15.26", "Enterprise Value/Revenue 3": "34.04", "Enterprise Value/EBITDA 7": "152.26"}, "12/31/1998": {"Duration": "12/31/1998", "Market Cap (intraday) 5": "1.03B", "Enterprise Value 3": "1.01B", "Trailing P/E ": "83.68", "Forward P/E 1": "N/A", "PEG Ratio (5 yr expected) 1": "N/A", "Price/Sales (ttm)": "9.42", "Price/Book (mrq)": "14.10", "Enterprise Value/Revenue 3": "33.67", "Enterprise Value/EBITDA 7": "298.12"}, "9/30/1998": {"Duration": "9/30/1998", "Market Cap (intraday) 5": "930.52M", "Enterprise Value 3": "912.02M", "Trailing P/E ": "75.70", "Forward P/E 1": "N/A", "PEG Ratio (5 yr expected) 1": "N/A", "Price/Sales (ttm)": "8.85", "Price/Book (mrq)": "14.08", "Enterprise Value/Revenue 3": "32.23", "Enterprise Value/EBITDA 7": "202.67"}, "6/30/1998": {"Duration": "6/30/1998", "Market Cap (intraday) 5": "1.08B", "Enterprise Value 3": "1.05B", "Trailing P/E ": "98.44", "Forward P/E 1": "N/A", "PEG Ratio (5 yr expected) 1": "N/A", "Price/Sales (ttm)": "11.19", "Price/Book (mrq)": "17.51", "Enterprise Value/Revenue 3": "40.21", "Enterprise Value/EBITDA 7": "309.86"}, "3/31/1998": {"Duration": "3/31/1998", "Market Cap (intraday) 5": "1.12B", "Enterprise Value 3": "1.10B", "Trailing P/E ": "119.20", "Forward P/E 1": "N/A", "PEG Ratio (5 yr expected) 1": "N/A", "Price/Sales (ttm)": "14.07", "Price/Book (mrq)": "19.61", "Enterprise Value/Revenue 3": "45.76", "Enterprise Value/EBITDA 7": "296.85"}, "12/31/1997": {"Duration": "12/31/1997", "Market Cap (intraday) 5": "748.68M", "Enterprise Value 3": "728.88M", "Trailing P/E ": "79.69", "Forward P/E 1": "N/A", "PEG Ratio (5 yr expected) 1": "N/A", "Price/Sales (ttm)": "9.44", "Price/Book (mrq)": "13.86", "Enterprise Value/Revenue 3": "35.91", "Enterprise Value/EBITDA 7": "364.44"}, "9/30/1997": {"Duration": "9/30/1997", "Market Cap (intraday) 5": "780.06M", "Enterprise Value 3": "760.46M", "Trailing P/E ": "83.04", "Forward P/E 1": "N/A", "PEG Ratio (5 yr expected) 1": "N/A", "Price/Sales (ttm)": "9.01", "Price/Book (mrq)": "15.30", "Enterprise Value/Revenue 3": "40.02", "Enterprise Value/EBITDA 7": "345.66"}, "6/30/1997": {"Duration": "6/30/1997", "Market Cap (intraday) 5": "807.82M", "Enterprise Value 3": "789.72M", "Trailing P/E ": "100.40", "Forward P/E 1": "N/A", "PEG Ratio (5 yr expected) 1": "N/A", "Price/Sales (ttm)": "11.37", "Price/Book (mrq)": "16.62", "Enterprise Value/Revenue 3": "44.12", "Enterprise Value/EBITDA 7": "394.86"}, "3/31/1997": {"Duration": "3/31/1997", "Market Cap (intraday) 5": "556.59M", "Enterprise Value 3": "538.49M", "Trailing P/E ": "69.27", "Forward P/E 1": "N/A", "PEG Ratio (5 yr expected) 1": "N/A", "Price/Sales (ttm)": "7.49", "Price/Book (mrq)": "11.69", "Enterprise Value/Revenue 3": "31.49", "Enterprise Value/EBITDA 7": "269.24"}, "12/31/1996": {"Duration": "12/31/1996", "Market Cap (intraday) 5": "431.10M", "Enterprise Value 3": "409.90M", "Trailing P/E ": "64.38", "Forward P/E 1": "N/A", "PEG Ratio (5 yr expected) 1": "N/A", "Price/Sales (ttm)": "6.30", "Price/Book (mrq)": "9.04", "Enterprise Value/Revenue 3": "27.33", "Enterprise Value/EBITDA 7": "-12.35"}, "9/30/1996": {"Duration": "9/30/1996", "Market Cap (intraday) 5": "404.50M", "Enterprise Value 3": "409.20M", "Trailing P/E ": "184.40", "Forward P/E 1": "N/A", "PEG Ratio (5 yr expected) 1": "N/A", "Price/Sales (ttm)": "11.96", "Price/Book (mrq)": "30.88", "Enterprise Value/Revenue 3": "28.82", "Enterprise Value/EBITDA 7": "28.82"}, "6/30/1996": {"Duration": "6/30/1996", "Market Cap (intraday) 5": "207.40M", "Enterprise Value 3": "212.10M", "Trailing P/E ": "94.55", "Forward P/E 1": "N/A", "PEG Ratio (5 yr expected) 1": "N/A", "Price/Sales (ttm)": "6.13", "Price/Book (mrq)": "15.83", "Enterprise Value/Revenue 3": "16.83", "Enterprise Value/EBITDA 7": "16.83"}}}}, {"BASI": {"fin": {}, "bs": {}, "cf": {}}}]