[{"CACQ": {"quote": {"05/11/2021": {"value": "", "Net Assets": "N/A", "Beta (5Y Monthly)": "N/A", "Yield": "N/A", "5y Average Return": "N/A", "Holdings Turnover": "N/A", "Last Dividend": "N/A", "Average for Category": "N/A", "Inception Date": "N/A"}}, "fin": {}, "bs": {}, "cf": {}}}, {"BYD": {"quote": {"05/11/2021": {"value": "63.25", "Market Cap": "7.089B", "Beta (5Y Monthly)": "2.20", "PE Ratio (TTM)": "62.44", "EPS (TTM)": "1.01", "Earnings Date": "Jul 26, 2021 - Jul 30, 2021", "Forward Dividend & Yield": "N/A (N/A)", "Ex-Dividend Date": "Dec 26, 2019", "1y Target Est": "77.60"}}, "fin": {"TTM": {"Duration": "TTM", "Total Revenue": "2,251,272", "Cost of Revenue": "989,182", "Gross Profit": "1,262,090", "Operating Expense": "912,731", "Operating Income": "349,359", "Net Non Operating Interest Income Expense": "-234,559", "Other Income Expense": "37,606", "Pretax Income": "152,406", "Tax Provision": "37,386", "Net Income Common Stockholders": "115,020", "Diluted NI Available to Com Stockholders": "115,020", "Basic EPS": "-", "Diluted EPS": "-", "Basic Average Shares": "-", "Diluted Average Shares": "-", "Total Operating Income as Reported": "345,759", "Rent Expense Supplemental": "103,157", "Total Expenses": "1,901,913", "Net Income from Continuing & Discontinued Operation": "115,020", "Normalized Income": "118,956", "Interest Income": "1,970", "Interest Expense": "236,529", "Net Interest Income": "-234,559", "EBIT": "388,935", "EBITDA": "667,468", "Reconciled Cost of Revenue": "989,182", "Reconciled Depreciation": "278,533", "Net Income from Continuing Operation Net Minority Interest": "115,020", "Total Unusual Items Excluding Goodwill": "-5,216", "Total Unusual Items": "-5,216", "Normalized EBITDA": "672,684", "Tax Rate for Calcs": "0", "Tax Effect of Unusual Items": "-1,280"}, "12/31/2020": {"Duration": "12/31/2020", "Total Revenue": "2,178,490", "Cost of Revenue": "1,037,088", "Gross Profit": "1,141,402", "Operating Expense": "952,439", "Operating Income": "188,963", "Net Non Operating Interest Income Expense": "-228,584", "Other Income Expense": "-131,393", "Pretax Income": "-171,014", "Tax Provision": "-36,314", "Net Income Common Stockholders": "-134,700", "Diluted NI Available to Com Stockholders": "-134,700", "Basic EPS": "-1.19", "Diluted EPS": "-1.19", "Basic Average Shares": "113,515", "Diluted Average Shares": "113,515", "Total Operating Income as Reported": "14,263", "Rent Expense Supplemental": "101,907", "Total Expenses": "1,989,527", "Net Income from Continuing & Discontinued Operation": "-134,700", "Normalized Income": "4,375", "Interest Income": "1,900", "Interest Expense": "230,484", "Net Interest Income": "-228,584", "EBIT": "59,470", "EBITDA": "-", "Reconciled Cost of Revenue": "1,037,088", "Reconciled Depreciation": "281,031", "Net Income from Continuing Operation Net Minority Interest": "-134,700", "Total Unusual Items Excluding Goodwill": "-176,491", "Total Unusual Items": "-176,491", "Normalized EBITDA": "516,992", "Tax Rate for Calcs": "0", "Tax Effect of Unusual Items": "-37,416"}, "12/31/2019": {"Duration": "12/31/2019", "Total Revenue": "3,326,119", "Cost of Revenue": "1,736,217", "Gross Profit": "1,589,902", "Operating Expense": "1,117,334", "Operating Income": "472,568", "Net Non Operating Interest Income Expense": "-235,607", "Other Income Expense": "-34,835", "Pretax Income": "202,126", "Tax Provision": "44,490", "Net Income Common Stockholders": "157,636", "Diluted NI Available to Com Stockholders": "157,636", "Basic EPS": "1.39", "Diluted EPS": "1.38", "Basic Average Shares": "113,474", "Diluted Average Shares": "113,947", "Total Operating Income as Reported": "472,568", "Rent Expense Supplemental": "97,723", "Total Expenses": "2,853,551", "Net Income from Continuing & Discontinued Operation": "157,636", "Normalized Income": "184,966", "Interest Income": "1,858", "Interest Expense": "237,465", "Net Interest Income": "-235,607", "EBIT": "439,591", "EBITDA": "-", "Reconciled Cost of Revenue": "1,736,217", "Reconciled Depreciation": "276,569", "Net Income from Continuing Operation Net Minority Interest": "157,636", "Total Unusual Items Excluding Goodwill": "-34,949", "Total Unusual Items": "-34,949", "Normalized EBITDA": "751,109", "Tax Rate for Calcs": "0", "Tax Effect of Unusual Items": "-7,619"}, "12/31/2018": {"Duration": "12/31/2018", "Total Revenue": "2,626,730", "Cost of Revenue": "1,371,379", "Gross Profit": "1,255,351", "Operating Expense": "899,074", "Operating Income": "356,277", "Net Non Operating Interest Income Expense": "-200,467", "Other Income Expense": "-778", "Pretax Income": "155,032", "Tax Provision": "40,331", "Net Income Common Stockholders": "115,048", "Diluted NI Available to Com Stockholders": "115,048", "Basic EPS": "1.01", "Diluted EPS": "1.00", "Basic Average Shares": "114,401", "Diluted Average Shares": "115,071", "Total Operating Income as Reported": "355,284", "Rent Expense Supplemental": "73,682", "Total Expenses": "2,270,453", "Net Income from Continuing & Discontinued Operation": "115,048", "Normalized Income": "115,481", "Interest Income": "3,721", "Interest Expense": "204,188", "Net Interest Income": "-200,467", "EBIT": "359,220", "EBITDA": "-", "Reconciled Cost of Revenue": "1,371,379", "Reconciled Depreciation": "229,979", "Net Income from Continuing Operation Net Minority Interest": "114,701", "Total Unusual Items Excluding Goodwill": "-1,054", "Total Unusual Items": "-1,054", "Normalized EBITDA": "590,253", "Tax Rate for Calcs": "0", "Tax Effect of Unusual Items": "-274.04"}}, "bs": {"12/31/2020": {"Duration": "12/31/2020", "Total Assets": "6,558,948", "Total Liabilities Net Minority Interest": "5,435,005", "Total Equity Gross Minority Interest": "1,123,943", "Total Capitalization": "4,990,686", "Common Stock Equity": "1,123,943", "Capital Lease Obligations": "939,303", "Net Tangible Assets": "-1,229,517", "Working Capital": "126,255", "Invested Capital": "5,021,426", "Tangible Book Value": "-1,229,517", "Total Debt": "4,836,786", "Net Debt": "3,378,301", "Share Issued": "111,831", "Ordinary Shares Number": "111,831"}, "12/31/2019": {"Duration": "12/31/2019", "Total Assets": "6,650,145", "Total Liabilities Net Minority Interest": "5,384,903", "Total Equity Gross Minority Interest": "1,265,242", "Total Capitalization": "5,004,179", "Common Stock Equity": "1,265,242", "Capital Lease Obligations": "927,971", "Net Tangible Assets": "-1,284,936", "Working Capital": "-157,399", "Invested Capital": "5,031,173", "Tangible Book Value": "-1,284,936", "Total Debt": "4,693,902", "Net Debt": "3,515,954", "Share Issued": "111,542", "Ordinary Shares Number": "111,542"}, "12/31/2018": {"Duration": "12/31/2018", "Total Assets": "5,756,339", "Total Liabilities Net Minority Interest": "4,610,598", "Total Equity Gross Minority Interest": "1,145,741", "Total Capitalization": "5,100,860", "Common Stock Equity": "1,145,741", "Capital Lease Obligations": "-", "Net Tangible Assets": "-1,383,031", "Working Capital": "-69,950", "Invested Capital": "5,125,041", "Tangible Book Value": "-1,383,031", "Total Debt": "3,979,300", "Net Debt": "3,729,883", "Share Issued": "111,757", "Ordinary Shares Number": "111,757"}}, "cf": {"TTM": {"Duration": "TTM", "Operating Cash Flow": "482,126", "Investing Cash Flow": "-120,677", "Financing Cash Flow": "-462,948", "End Cash Position": "748,276", "Income Tax Paid Supplemental Data": "-", "Interest Paid Supplemental Data": "222,582", "Capital Expenditure": "-162,461", "Issuance of Debt": "600,000", "Repayment of Debt": "-1,041,274", "Repurchase of Capital Stock": "-1", "Free Cash Flow": "319,665"}, "12/31/2020": {"Duration": "12/31/2020", "Operating Cash Flow": "289,032", "Investing Cash Flow": "-171,181", "Financing Cash Flow": "146,700", "End Cash Position": "534,999", "Income Tax Paid Supplemental Data": "-", "Interest Paid Supplemental Data": "214,686", "Capital Expenditure": "-175,030", "Issuance of Debt": "1,565,100", "Repayment of Debt": "-1,374,548", "Repurchase of Capital Stock": "-11,121", "Free Cash Flow": "114,002"}, "12/31/2019": {"Duration": "12/31/2019", "Operating Cash Flow": "548,992", "Investing Cash Flow": "-231,431", "Financing Cash Flow": "-320,315", "End Cash Position": "270,448", "Income Tax Paid Supplemental Data": "-", "Interest Paid Supplemental Data": "231,734", "Capital Expenditure": "-207,637", "Issuance of Debt": "2,666,329", "Repayment of Debt": "-2,882,024", "Repurchase of Capital Stock": "-28,045", "Free Cash Flow": "341,355"}, "12/31/2018": {"Duration": "12/31/2018", "Operating Cash Flow": "434,527", "Investing Cash Flow": "-1,134,845", "Financing Cash Flow": "746,241", "End Cash Position": "273,202", "Income Tax Paid Supplemental Data": "5,657", "Interest Paid Supplemental Data": "179,154", "Capital Expenditure": "-161,544", "Issuance of Debt": "1,814,600", "Repayment of Debt": "-964,322", "Repurchase of Capital Stock": "-59,570", "Free Cash Flow": "272,983"}}}}, {"LVS": {"quote": {"05/11/2021": {"value": "56.24", "Market Cap": "42.965B", "Beta (5Y Monthly)": "1.46", "PE Ratio (TTM)": "N/A", "EPS (TTM)": "-2.58", "Earnings Date": "Jul 20, 2021 - Jul 26, 2021", "Forward Dividend & Yield": "N/A (N/A)", "Ex-Dividend Date": "Mar 17, 2020", "1y Target Est": "68.58"}}, "fin": {"TTM": {"Duration": "TTM", "Total Revenue": "3,391,000", "Cost of Revenue": "2,508,000", "Gross Profit": "883,000", "Operating Expense": "2,593,000", "Operating Income": "-1,710,000", "Net Non Operating Interest Income Expense": "-553,000", "Other Income Expense": "-114,000", "Pretax Income": "-2,377,000", "Tax Provision": "-46,000", "Net Income Common Stockholders": "-1,962,000", "Diluted NI Available to Com Stockholders": "-1,962,000", "Basic EPS": "-", "Diluted EPS": "-", "Basic Average Shares": "-", "Diluted Average Shares": "-", "Total Operating Income as Reported": "-1,790,000", "Total Expenses": "5,101,000", "Net Income from Continuing & Discontinued Operation": "-1,962,000", "Normalized Income": "-1,780,548", "Interest Income": "9,000", "Interest Expense": "562,000", "Net Interest Income": "-553,000", "EBIT": "-1,815,000", "EBITDA": "-598,000", "Reconciled Cost of Revenue": "2,508,000", "Reconciled Depreciation": "1,217,000", "Net Income from Continuing Operation Net Minority Interest": "-1,859,000", "Total Unusual Items Excluding Goodwill": "-80,000", "Total Unusual Items": "-80,000", "Normalized EBITDA": "-518,000", "Tax Rate for Calcs": "0", "Tax Effect of Unusual Items": "-1,548"}, "12/31/2020": {"Duration": "12/31/2020", "Total Revenue": "3,612,000", "Cost of Revenue": "2,608,000", "Gross Profit": "1,004,000", "Operating Expense": "2,612,000", "Operating Income": "-1,608,000", "Net Non Operating Interest Income Expense": "-515,000", "Other Income Expense": "-58,000", "Pretax Income": "-2,181,000", "Tax Provision": "-38,000", "Net Income Common Stockholders": "-1,685,000", "Diluted NI Available to Com Stockholders": "-1,685,000", "Basic EPS": "-2.21", "Diluted EPS": "-2.21", "Basic Average Shares": "764,000", "Diluted Average Shares": "764,000", "Total Operating Income as Reported": "-1,688,000", "Total Expenses": "5,220,000", "Net Income from Continuing & Discontinued Operation": "-1,685,000", "Normalized Income": "-1,606,360", "Interest Income": "21,000", "Interest Expense": "536,000", "Net Interest Income": "-515,000", "EBIT": "-1,645,000", "EBITDA": "-", "Reconciled Cost of Revenue": "2,608,000", "Reconciled Depreciation": "1,215,000", "Net Income from Continuing Operation Net Minority Interest": "-1,685,000", "Total Unusual Items Excluding Goodwill": "-80,000", "Total Unusual Items": "-80,000", "Normalized EBITDA": "-350,000", "Tax Rate for Calcs": "0", "Tax Effect of Unusual Items": "-1,360"}, "12/31/2019": {"Duration": "12/31/2019", "Total Revenue": "13,739,000", "Cost of Revenue": "6,832,000", "Gross Profit": "6,907,000", "Operating Expense": "3,119,000", "Operating Income": "3,788,000", "Net Non Operating Interest Income Expense": "-481,000", "Other Income Expense": "465,000", "Pretax Income": "3,772,000", "Tax Provision": "468,000", "Net Income Common Stockholders": "2,698,000", "Diluted NI Available to Com Stockholders": "2,698,000", "Basic EPS": "3.50", "Diluted EPS": "3.50", "Basic Average Shares": "771,000", "Diluted Average Shares": "771,000", "Total Operating Income as Reported": "3,698,000", "Total Expenses": "9,951,000", "Net Income from Continuing & Discontinued Operation": "2,698,000", "Normalized Income": "2,310,808", "Interest Income": "74,000", "Interest Expense": "555,000", "Net Interest Income": "-481,000", "EBIT": "4,327,000", "EBITDA": "-", "Reconciled Cost of Revenue": "6,832,000", "Reconciled Depreciation": "1,216,000", "Net Income from Continuing Operation Net Minority Interest": "2,698,000", "Total Unusual Items Excluding Goodwill": "442,000", "Total Unusual Items": "442,000", "Normalized EBITDA": "5,101,000", "Tax Rate for Calcs": "0", "Tax Effect of Unusual Items": "54,808"}, "12/31/2018": {"Duration": "12/31/2018", "Total Revenue": "13,729,000", "Cost of Revenue": "6,974,000", "Gross Profit": "6,755,000", "Operating Expense": "2,854,000", "Operating Income": "3,901,000", "Net Non Operating Interest Income Expense": "-387,000", "Other Income Expense": "-188,000", "Pretax Income": "3,326,000", "Tax Provision": "375,000", "Net Income Common Stockholders": "2,413,000", "Diluted NI Available to Com Stockholders": "2,413,000", "Basic EPS": "3.07", "Diluted EPS": "3.07", "Basic Average Shares": "786,000", "Diluted Average Shares": "786,000", "Total Operating Income as Reported": "3,751,000", "Total Expenses": "9,828,000", "Net Income from Continuing & Discontinued Operation": "2,413,000", "Normalized Income": "2,602,818", "Interest Income": "59,000", "Interest Expense": "446,000", "Net Interest Income": "-387,000", "EBIT": "3,772,000", "EBITDA": "-", "Reconciled Cost of Revenue": "6,974,000", "Reconciled Depreciation": "1,146,000", "Net Income from Continuing Operation Net Minority Interest": "2,413,000", "Total Unusual Items Excluding Goodwill": "-214,000", "Total Unusual Items": "-214,000", "Normalized EBITDA": "5,132,000", "Tax Rate for Calcs": "0", "Tax Effect of Unusual Items": "-24,182"}}, "bs": {"12/31/2020": {"Duration": "12/31/2020", "Total Assets": "20,807,000", "Total Liabilities Net Minority Interest": "17,269,000", "Total Equity Gross Minority Interest": "3,538,000", "Total Capitalization": "16,904,000", "Common Stock Equity": "2,973,000", "Net Tangible Assets": "2,948,000", "Working Capital": "335,000", "Invested Capital": "16,980,000", "Tangible Book Value": "2,948,000", "Total Debt": "14,007,000", "Net Debt": "11,886,000", "Share Issued": "833,000", "Ordinary Shares Number": "764,000", "Treasury Shares Number": "69,000"}, "12/31/2019": {"Duration": "12/31/2019", "Total Assets": "23,199,000", "Total Liabilities Net Minority Interest": "16,692,000", "Total Equity Gross Minority Interest": "6,507,000", "Total Capitalization": "17,609,000", "Common Stock Equity": "5,187,000", "Net Tangible Assets": "5,145,000", "Working Capital": "2,081,000", "Invested Capital": "17,679,000", "Tangible Book Value": "5,145,000", "Total Debt": "12,492,000", "Net Debt": "8,266,000", "Share Issued": "833,000", "Ordinary Shares Number": "764,000", "Treasury Shares Number": "69,000"}, "12/31/2018": {"Duration": "12/31/2018", "Total Assets": "22,547,000", "Total Liabilities Net Minority Interest": "15,802,000", "Total Equity Gross Minority Interest": "6,745,000", "Total Capitalization": "17,558,000", "Common Stock Equity": "5,684,000", "Net Tangible Assets": "5,612,000", "Working Capital": "2,409,000", "Invested Capital": "17,669,000", "Tangible Book Value": "5,612,000", "Total Debt": "11,985,000", "Net Debt": "7,337,000", "Share Issued": "832,000", "Ordinary Shares Number": "775,000", "Treasury Shares Number": "57,000"}}, "cf": {"TTM": {"Duration": "TTM", "Operating Cash Flow": "-1,112,000", "Investing Cash Flow": "-1,328,000", "Financing Cash Flow": "1,972,000", "End Cash Position": "-", "Income Tax Paid Supplemental Data": "244,000", "Interest Paid Supplemental Data": "479,000", "Capital Expenditure": "-1,331,000", "Issuance of Debt": "2,450,000", "Repayment of Debt": "-469,000", "Repurchase of Capital Stock": "-", "Free Cash Flow": "-2,443,000"}, "12/31/2020": {"Duration": "12/31/2020", "Operating Cash Flow": "-1,312,000", "Investing Cash Flow": "-1,329,000", "Financing Cash Flow": "560,000", "End Cash Position": "2,137,000", "Income Tax Paid Supplemental Data": "196,000", "Interest Paid Supplemental Data": "419,000", "Capital Expenditure": "-1,330,000", "Issuance of Debt": "1,945,000", "Repayment of Debt": "-467,000", "Repurchase of Capital Stock": "0", "Free Cash Flow": "-2,642,000"}, "12/31/2019": {"Duration": "12/31/2019", "Operating Cash Flow": "3,038,000", "Investing Cash Flow": "-103,000", "Financing Cash Flow": "-3,368,000", "End Cash Position": "4,242,000", "Income Tax Paid Supplemental Data": "253,000", "Interest Paid Supplemental Data": "462,000", "Capital Expenditure": "-1,269,000", "Issuance of Debt": "4,000,000", "Repayment of Debt": "-3,536,000", "Repurchase of Capital Stock": "-754,000", "Free Cash Flow": "1,769,000"}, "12/31/2018": {"Duration": "12/31/2018", "Operating Cash Flow": "4,701,000", "Investing Cash Flow": "-930,000", "Financing Cash Flow": "-1,522,000", "End Cash Position": "4,661,000", "Income Tax Paid Supplemental Data": "264,000", "Interest Paid Supplemental Data": "326,000", "Capital Expenditure": "-949,000", "Issuance of Debt": "7,593,000", "Repayment of Debt": "-5,178,000", "Repurchase of Capital Stock": "-905,000", "Free Cash Flow": "3,752,000"}}}}, {"CCL": {"quote": {"05/11/2021": {"value": "25.88", "Market Cap": "30.811B", "Beta (5Y Monthly)": "2.34", "PE Ratio (TTM)": "N/A", "EPS (TTM)": "-13.02", "Earnings Date": "Jul 08, 2021 - Jul 12, 2021", "Forward Dividend & Yield": "N/A (N/A)", "Ex-Dividend Date": "Feb 20, 2020", "1y Target Est": "27.36"}}, "fin": {"TTM": {"Duration": "TTM", "Total Revenue": "830,000", "Cost of Revenue": "5,257,000", "Gross Profit": "-4,427,000", "Operating Expense": "3,885,000", "Operating Income": "-8,312,000", "Net Non Operating Interest Income Expense": "-1,222,000", "Other Income Expense": "-1,930,000", "Pretax Income": "-11,462,000", "Tax Provision": "-34,000", "Net Income Common Stockholders": "-11,428,000", "Diluted NI Available to Com Stockholders": "-11,428,000", "Basic EPS": "-", "Diluted EPS": "-", "Basic Average Shares": "-", "Diluted Average Shares": "-", "Total Operating Income as Reported": "-9,676,000", "Total Expenses": "9,142,000", "Net Income from Continuing & Discontinued Operation": "-11,428,000", "Normalized Income": "-10,067,049", "Interest Income": "16,000", "Interest Expense": "1,238,000", "Net Interest Income": "-1,222,000", "EBIT": "-10,224,000", "EBITDA": "-8,001,000", "Reconciled Cost of Revenue": "5,257,000", "Reconciled Depreciation": "2,223,000", "Net Income from Continuing Operation Net Minority Interest": "-11,428,000", "Total Unusual Items Excluding Goodwill": "-1,365,000", "Total Unusual Items": "-1,365,000", "Normalized EBITDA": "-6,636,000", "Tax Rate for Calcs": "0", "Tax Effect of Unusual Items": "-4,049"}, "11/30/2020": {"Duration": "11/30/2020", "Total Revenue": "5,594,000", "Cost of Revenue": "8,245,000", "Gross Profit": "-2,651,000", "Operating Expense": "4,119,000", "Operating Income": "-6,770,000", "Net Non Operating Interest Income Expense": "-877,000", "Other Income Expense": "-2,607,000", "Pretax Income": "-10,253,000", "Tax Provision": "-17,000", "Net Income Common Stockholders": "-10,236,000", "Diluted NI Available to Com Stockholders": "-10,236,000", "Basic EPS": "-13.20", "Diluted EPS": "-13.20", "Basic Average Shares": "775,000", "Diluted Average Shares": "775,000", "Total Operating Income as Reported": "-8,865,000", "Total Expenses": "12,364,000", "Net Income from Continuing & Discontinued Operation": "-10,236,000", "Normalized Income": "-8,143,475", "Interest Income": "18,000", "Interest Expense": "895,000", "Net Interest Income": "-877,000", "EBIT": "-9,358,000", "EBITDA": "-", "Reconciled Cost of Revenue": "8,245,000", "Reconciled Depreciation": "2,241,000", "Net Income from Continuing Operation Net Minority Interest": "-10,236,000", "Total Unusual Items Excluding Goodwill": "-2,096,000", "Total Unusual Items": "-2,096,000", "Normalized EBITDA": "-5,021,000", "Tax Rate for Calcs": "0", "Tax Effect of Unusual Items": "-3,475"}, "11/30/2019": {"Duration": "11/30/2019", "Total Revenue": "20,825,000", "Cost of Revenue": "12,909,000", "Gross Profit": "7,916,000", "Operating Expense": "4,640,000", "Operating Income": "3,276,000", "Net Non Operating Interest Income Expense": "-183,000", "Other Income Expense": "-32,000", "Pretax Income": "3,060,000", "Tax Provision": "71,000", "Net Income Common Stockholders": "2,990,000", "Diluted NI Available to Com Stockholders": "2,990,000", "Basic EPS": "4.34", "Diluted EPS": "4.32", "Basic Average Shares": "690,000", "Diluted Average Shares": "692,000", "Total Operating Income as Reported": "3,276,000", "Total Expenses": "17,549,000", "Net Income from Continuing & Discontinued Operation": "2,990,000", "Normalized Income": "2,990,000", "Interest Income": "23,000", "Interest Expense": "206,000", "Net Interest Income": "-183,000", "EBIT": "3,266,000", "EBITDA": "-", "Reconciled Cost of Revenue": "12,909,000", "Reconciled Depreciation": "2,160,000", "Net Income from Continuing Operation Net Minority Interest": "2,990,000", "Total Unusual Items Excluding Goodwill": "0", "Total Unusual Items": "0", "Normalized EBITDA": "5,426,000", "Tax Rate for Calcs": "0", "Tax Effect of Unusual Items": "0"}, "11/30/2018": {"Duration": "11/30/2018", "Total Revenue": "18,881,000", "Cost of Revenue": "11,089,000", "Gross Profit": "7,792,000", "Operating Expense": "4,467,000", "Operating Income": "3,325,000", "Net Non Operating Interest Income Expense": "-180,000", "Other Income Expense": "62,000", "Pretax Income": "3,207,000", "Tax Provision": "54,000", "Net Income Common Stockholders": "3,152,000", "Diluted NI Available to Com Stockholders": "3,152,000", "Basic EPS": "4.45", "Diluted EPS": "4.44", "Basic Average Shares": "709,000", "Diluted Average Shares": "710,000", "Total Operating Income as Reported": "3,325,000", "Total Expenses": "15,556,000", "Net Income from Continuing & Discontinued Operation": "3,152,000", "Normalized Income": "3,093,993", "Interest Income": "14,000", "Interest Expense": "194,000", "Net Interest Income": "-180,000", "EBIT": "3,401,000", "EBITDA": "-", "Reconciled Cost of Revenue": "11,089,000", "Reconciled Depreciation": "2,017,000", "Net Income from Continuing Operation Net Minority Interest": "3,152,000", "Total Unusual Items Excluding Goodwill": "59,000", "Total Unusual Items": "59,000", "Normalized EBITDA": "5,359,000", "Tax Rate for Calcs": "0", "Tax Effect of Unusual Items": "993.4518"}}, "bs": {"11/30/2020": {"Duration": "11/30/2020", "Total Assets": "53,593,000", "Total Liabilities Net Minority Interest": "33,038,000", "Total Equity Gross Minority Interest": "20,555,000", "Total Capitalization": "42,685,000", "Common Stock Equity": "20,555,000", "Capital Lease Obligations": "1,424,000", "Net Tangible Assets": "18,562,000", "Working Capital": "1,877,000", "Invested Capital": "47,511,000", "Tangible Book Value": "18,562,000", "Total Debt": "28,380,000", "Net Debt": "17,443,000", "Share Issued": "1,216,736", "Ordinary Shares Number": "1,086,736", "Treasury Shares Number": "190,000"}, "11/30/2019": {"Duration": "11/30/2019", "Total Assets": "45,058,000", "Total Liabilities Net Minority Interest": "19,693,000", "Total Equity Gross Minority Interest": "25,365,000", "Total Capitalization": "35,040,000", "Common Stock Equity": "25,365,000", "Capital Lease Obligations": "-", "Net Tangible Assets": "21,279,000", "Working Capital": "-7,068,000", "Invested Capital": "36,867,000", "Tangible Book Value": "21,279,000", "Total Debt": "11,502,000", "Net Debt": "10,984,000", "Share Issued": "813,984", "Ordinary Shares Number": "683,984", "Treasury Shares Number": "190,000"}, "11/30/2018": {"Duration": "11/30/2018", "Total Assets": "42,401,000", "Total Liabilities Net Minority Interest": "17,958,000", "Total Equity Gross Minority Interest": "24,443,000", "Total Capitalization": "32,340,000", "Common Stock Equity": "24,443,000", "Capital Lease Obligations": "-", "Net Tangible Assets": "20,342,000", "Working Capital": "-6,979,000", "Invested Capital": "34,766,000", "Tangible Book Value": "20,342,000", "Total Debt": "10,323,000", "Net Debt": "9,341,000", "Share Issued": "825,000", "Ordinary Shares Number": "696,000", "Treasury Shares Number": "177,000"}}, "cf": {"TTM": {"Duration": "TTM", "Operating Cash Flow": "-8,720,000", "Investing Cash Flow": "-5,668,000", "Financing Cash Flow": "22,777,000", "End Cash Position": "9,755,000", "Capital Expenditure": "-4,068,000", "Issuance of Capital Stock": "4,244,000", "Issuance of Debt": "19,177,000", "Repayment of Debt": "-2,157,000", "Repurchase of Capital Stock": "-", "Free Cash Flow": "-12,788,000"}, "11/30/2020": {"Duration": "11/30/2020", "Operating Cash Flow": "-6,301,000", "Investing Cash Flow": "-3,240,000", "Financing Cash Flow": "18,650,000", "End Cash Position": "9,692,000", "Capital Expenditure": "-3,620,000", "Issuance of Capital Stock": "3,249,000", "Issuance of Debt": "15,020,000", "Repayment of Debt": "-1,621,000", "Repurchase of Capital Stock": "-12,000", "Free Cash Flow": "-9,921,000"}, "11/30/2019": {"Duration": "11/30/2019", "Operating Cash Flow": "5,475,000", "Investing Cash Flow": "-5,277,000", "Financing Cash Flow": "-655,000", "End Cash Position": "530,000", "Capital Expenditure": "-5,429,000", "Issuance of Capital Stock": "-", "Issuance of Debt": "3,674,000", "Repayment of Debt": "-1,651,000", "Repurchase of Capital Stock": "-603,000", "Free Cash Flow": "46,000"}, "11/30/2018": {"Duration": "11/30/2018", "Operating Cash Flow": "5,549,000", "Investing Cash Flow": "-3,502,000", "Financing Cash Flow": "-1,460,000", "End Cash Position": "982,000", "Capital Expenditure": "-3,749,000", "Issuance of Capital Stock": "0", "Issuance of Debt": "2,542,000", "Repayment of Debt": "-1,556,000", "Repurchase of Capital Stock": "-1,468,000", "Free Cash Flow": "1,800,000"}}}}, {"CZR": {"quote": {"05/11/2021": {"value": "100.77", "Market Cap": "21.031B", "Beta (5Y Monthly)": "3.19", "PE Ratio (TTM)": "N/A", "EPS (TTM)": "-12.33", "Earnings Date": "Aug 06, 2021 - Aug 10, 2021", "Forward Dividend & Yield": "N/A (N/A)", "Ex-Dividend Date": "N/A", "1y Target Est": "119.83"}}, "fin": {"TTM": {"Duration": "TTM", "Total Revenue": "4,700,000", "Cost of Revenue": "2,301,000", "Gross Profit": "2,399,000", "Operating Expense": "2,193,000", "Operating Income": "206,000", "Net Non Operating Interest Income Expense": "-1,670,000", "Other Income Expense": "-465,000", "Pretax Income": "-1,929,000", "Tax Provision": "84,000", "Net Income Common Stockholders": "-2,004,000", "Diluted NI Available to Com Stockholders": "-2,004,000", "Basic EPS": "-", "Diluted EPS": "-", "Basic Average Shares": "-", "Diluted Average Shares": "-", "Total Operating Income as Reported": "-128,000", "Total Expenses": "4,494,000", "Net Income from Continuing & Discontinued Operation": "-2,004,000", "Normalized Income": "-1,692,400", "Interest Expense": "1,670,000", "Net Interest Income": "-1,670,000", "EBIT": "-259,000", "EBITDA": "539,000", "Reconciled Cost of Revenue": "2,301,000", "Reconciled Depreciation": "798,000", "Net Income from Continuing Operation Net Minority Interest": "-2,011,000", "Total Unusual Items Excluding Goodwill": "-531,000", "Total Unusual Items": "-531,000", "Normalized EBITDA": "1,070,000", "Tax Rate for Calcs": "0", "Tax Effect of Unusual Items": "-212,400"}, "12/31/2020": {"Duration": "12/31/2020", "Total Revenue": "3,474,000", "Cost of Revenue": "1,768,000", "Gross Profit": "1,706,000", "Operating Expense": "1,660,000", "Operating Income": "46,000", "Net Non Operating Interest Income Expense": "-1,174,000", "Other Income Expense": "-504,000", "Pretax Income": "-1,632,000", "Tax Provision": "126,000", "Net Income Common Stockholders": "-1,757,000", "Diluted NI Available to Com Stockholders": "-1,757,000", "Basic EPS": "-", "Diluted EPS": "-", "Basic Average Shares": "-", "Diluted Average Shares": "-", "Total Operating Income as Reported": "-437,000", "Total Expenses": "3,428,000", "Net Income from Continuing & Discontinued Operation": "-1,757,000", "Normalized Income": "-1,260,600", "Interest Expense": "1,174,000", "Net Interest Income": "-1,174,000", "EBIT": "-458,000", "EBITDA": "-", "Reconciled Cost of Revenue": "1,768,000", "Reconciled Depreciation": "583,000", "Net Income from Continuing Operation Net Minority Interest": "-1,757,000", "Total Unusual Items Excluding Goodwill": "-680,000", "Total Unusual Items": "-680,000", "Normalized EBITDA": "805,000", "Tax Rate for Calcs": "0", "Tax Effect of Unusual Items": "-183,600"}, "12/31/2019": {"Duration": "12/31/2019", "Total Revenue": "2,528,249", "Cost of Revenue": "1,186,149", "Gross Profit": "1,342,100", "Operating Expense": "893,645", "Operating Income": "448,455", "Net Non Operating Interest Income Expense": "-286,248", "Other Income Expense": "-37,229", "Pretax Income": "124,978", "Tax Provision": "43,977", "Net Income Common Stockholders": "81,001", "Diluted NI Available to Com Stockholders": "81,001", "Basic EPS": "1.04", "Diluted EPS": "1.03", "Basic Average Shares": "77,677", "Diluted Average Shares": "78,594", "Total Operating Income as Reported": "409,973", "Total Expenses": "2,079,794", "Net Income from Continuing & Discontinued Operation": "81,001", "Normalized Income": "103,544", "Interest Expense": "286,248", "Net Interest Income": "-286,248", "EBIT": "411,226", "EBITDA": "-", "Reconciled Cost of Revenue": "1,186,149", "Reconciled Depreciation": "221,525", "Net Income from Continuing Operation Net Minority Interest": "81,001", "Total Unusual Items Excluding Goodwill": "-34,788", "Total Unusual Items": "-34,788", "Normalized EBITDA": "667,539", "Tax Rate for Calcs": "0", "Tax Effect of Unusual Items": "-12,245"}, "12/31/2018": {"Duration": "12/31/2018", "Total Revenue": "2,056,007", "Cost of Revenue": "1,055,592", "Gross Profit": "1,000,415", "Operating Expense": "659,820", "Operating Income": "340,595", "Net Non Operating Interest Income Expense": "-171,732", "Other Income Expense": "-33,241", "Pretax Income": "135,622", "Tax Provision": "40,387", "Net Income Common Stockholders": "95,235", "Diluted NI Available to Com Stockholders": "95,235", "Basic EPS": "1.23", "Diluted EPS": "1.22", "Basic Average Shares": "77,459", "Diluted Average Shares": "78,282", "Total Operating Income as Reported": "310,103", "Total Expenses": "1,715,412", "Net Income from Continuing & Discontinued Operation": "95,235", "Normalized Income": "118,421", "Interest Expense": "171,732", "Net Interest Income": "-171,732", "EBIT": "307,354", "EBITDA": "-", "Reconciled Cost of Revenue": "1,055,592", "Reconciled Depreciation": "157,429", "Net Income from Continuing Operation Net Minority Interest": "95,235", "Total Unusual Items Excluding Goodwill": "-33,028", "Total Unusual Items": "-33,028", "Normalized EBITDA": "497,811", "Tax Rate for Calcs": "0", "Tax Effect of Unusual Items": "-9,842"}}, "bs": {"12/31/2020": {"Duration": "12/31/2020", "Total Assets": "36,385,000", "Total Liabilities Net Minority Interest": "31,351,000", "Total Equity Gross Minority Interest": "5,034,000", "Total Capitalization": "19,089,000", "Common Stock Equity": "5,016,000", "Capital Lease Obligations": "12,792,000", "Net Tangible Assets": "-8,960,000", "Working Capital": "4,082,000", "Invested Capital": "19,156,000", "Tangible Book Value": "-8,960,000", "Total Debt": "26,932,000", "Net Debt": "12,382,000", "Share Issued": "208,273", "Ordinary Shares Number": "208,049", "Treasury Shares Number": "223.823"}, "12/31/2019": {"Duration": "12/31/2019", "Total Assets": "5,640,553", "Total Liabilities Net Minority Interest": "4,523,296", "Total Equity Gross Minority Interest": "1,117,257", "Total Capitalization": "3,441,798", "Common Stock Equity": "1,117,257", "Capital Lease Obligations": "1,167,442", "Net Tangible Assets": "-903,858", "Working Capital": "-83,803", "Invested Capital": "3,687,973", "Tangible Book Value": "-903,858", "Total Debt": "3,738,158", "Net Debt": "2,364,399", "Share Issued": "77,793", "Ordinary Shares Number": "77,569", "Treasury Shares Number": "223.823"}, "12/31/2018": {"Duration": "12/31/2018", "Total Assets": "5,911,462", "Total Liabilities Net Minority Interest": "4,882,309", "Total Equity Gross Minority Interest": "1,029,153", "Total Capitalization": "4,290,426", "Common Stock Equity": "1,029,153", "Capital Lease Obligations": "959,835", "Net Tangible Assets": "-1,341,169", "Working Capital": "171,019", "Invested Capital": "4,290,888", "Tangible Book Value": "-1,341,169", "Total Debt": "4,221,570", "Net Debt": "3,030,983", "Share Issued": "77,663", "Ordinary Shares Number": "77,439", "Treasury Shares Number": "223.823"}}, "cf": {"TTM": {"Duration": "TTM", "Operating Cash Flow": "-529,000", "Investing Cash Flow": "-6,197,000", "Financing Cash Flow": "10,163,000", "End Cash Position": "4,119,000", "Income Tax Paid Supplemental Data": "-", "Interest Paid Supplemental Data": "1,318,000", "Capital Expenditure": "-242,000", "Issuance of Capital Stock": "-", "Issuance of Debt": "9,300,000", "Repayment of Debt": "-4,651,000", "Repurchase of Capital Stock": "-", "Free Cash Flow": "-771,000"}, "12/31/2020": {"Duration": "12/31/2020", "Operating Cash Flow": "-571,000", "Investing Cash Flow": "-6,185,000", "Financing Cash Flow": "10,641,000", "End Cash Position": "4,216,000", "Income Tax Paid Supplemental Data": "-", "Interest Paid Supplemental Data": "892,000", "Capital Expenditure": "-198,000", "Issuance of Capital Stock": "2,718,000", "Issuance of Debt": "9,765,000", "Repayment of Debt": "-4,645,000", "Repurchase of Capital Stock": "0", "Free Cash Flow": "-769,000"}, "12/31/2019": {"Duration": "12/31/2019", "Operating Cash Flow": "312,526", "Investing Cash Flow": "369,540", "Financing Cash Flow": "-712,179", "End Cash Position": "216,578", "Income Tax Paid Supplemental Data": "51,131", "Interest Paid Supplemental Data": "277,250", "Capital Expenditure": "-170,766", "Issuance of Capital Stock": "-", "Issuance of Debt": "33,000", "Repayment of Debt": "-736,000", "Repurchase of Capital Stock": "0", "Free Cash Flow": "141,760"}, "12/31/2018": {"Duration": "12/31/2018", "Operating Cash Flow": "323,280", "Investing Cash Flow": "-1,268,229", "Financing Cash Flow": "1,043,891", "End Cash Position": "246,691", "Income Tax Paid Supplemental Data": "-", "Interest Paid Supplemental Data": "166,007", "Capital Expenditure": "-147,415", "Issuance of Capital Stock": "-", "Issuance of Debt": "1,161,358", "Repayment of Debt": "-70,358", "Repurchase of Capital Stock": "-9,131", "Free Cash Flow": "175,865"}}}}, {"RCL": {"quote": {"05/11/2021": {"value": "81.28", "Market Cap": "20.692B", "Beta (5Y Monthly)": "2.85", "PE Ratio (TTM)": "N/A", "EPS (TTM)": "-24.62", "Earnings Date": "Aug 09, 2021 - Aug 13, 2021", "Forward Dividend & Yield": "N/A (N/A)", "Ex-Dividend Date": "Mar 05, 2020", "1y Target Est": "91.00"}}, "fin": {"TTM": {"Duration": "TTM", "Total Revenue": "218,069", "Cost of Revenue": "1,537,776", "Gross Profit": "-1,319,707", "Operating Expense": "2,326,861", "Operating Income": "-3,646,568", "Net Non Operating Interest Income Expense": "-1,003,478", "Other Income Expense": "-819,771", "Pretax Income": "-5,469,817", "Net Income Common Stockholders": "-5,484,705", "Diluted NI Available to Com Stockholders": "-5,484,705", "Basic EPS": "-", "Diluted EPS": "-", "Basic Average Shares": "-", "Diluted Average Shares": "-", "Total Operating Income as Reported": "-4,104,381", "Total Expenses": "3,864,637", "Interest Income": "20,363", "Interest Expense": "1,023,841", "Net Interest Income": "-1,003,478", "Net Income from Continuing & Discontinued Operation": "-5,484,705", "Normalized Income": "-5,026,892", "EBIT": "-4,445,976", "EBITDA": "-3,180,886", "Reconciled Cost of Revenue": "1,537,776", "Reconciled Depreciation": "1,265,090", "Net Income from Continuing Operation Net Minority Interest": "-5,484,705", "Total Unusual Items Excluding Goodwill": "-457,813", "Total Unusual Items": "-457,813", "Normalized EBITDA": "-2,723,073", "Tax Rate for Calcs": "0", "Tax Effect of Unusual Items": "0"}, "12/31/2020": {"Duration": "12/31/2020", "Total Revenue": "2,208,805", "Cost of Revenue": "2,765,108", "Gross Profit": "-556,303", "Operating Expense": "2,478,874", "Operating Income": "-3,035,177", "Net Non Operating Interest Income Expense": "-823,202", "Other Income Expense": "-1,916,751", "Pretax Income": "-5,775,130", "Net Income Common Stockholders": "-5,797,462", "Diluted NI Available to Com Stockholders": "-5,797,462", "Basic EPS": "-27.05", "Diluted EPS": "-27.05", "Basic Average Shares": "214,335", "Diluted Average Shares": "214,335", "Total Operating Income as Reported": "-4,601,557", "Total Expenses": "5,243,982", "Interest Income": "21,036", "Interest Expense": "844,238", "Net Interest Income": "-823,202", "Net Income from Continuing & Discontinued Operation": "-5,797,462", "Normalized Income": "-4,231,082", "EBIT": "-4,930,892", "EBITDA": "-", "Reconciled Cost of Revenue": "2,765,108", "Reconciled Depreciation": "1,279,254", "Net Income from Continuing Operation Net Minority Interest": "-5,797,462", "Total Unusual Items Excluding Goodwill": "-1,566,380", "Total Unusual Items": "-1,566,380", "Normalized EBITDA": "-2,085,258", "Tax Rate for Calcs": "0", "Tax Effect of Unusual Items": "0"}, "12/31/2019": {"Duration": "12/31/2019", "Total Revenue": "10,950,661", "Cost of Revenue": "6,062,765", "Gross Profit": "4,887,896", "Operating Expense": "2,805,195", "Operating Income": "2,082,701", "Net Non Operating Interest Income Expense": "-381,568", "Other Income Expense": "206,467", "Pretax Income": "1,907,600", "Net Income Common Stockholders": "1,878,887", "Diluted NI Available to Com Stockholders": "1,878,887", "Basic EPS": "8.97", "Diluted EPS": "8.95", "Basic Average Shares": "209,405", "Diluted Average Shares": "209,930", "Total Operating Income as Reported": "2,082,701", "Total Expenses": "8,867,960", "Interest Income": "26,945", "Interest Expense": "408,513", "Net Interest Income": "-381,568", "Net Income from Continuing & Discontinued Operation": "1,878,887", "Normalized Income": "1,878,887", "EBIT": "2,316,113", "EBITDA": "-", "Reconciled Cost of Revenue": "6,062,765", "Reconciled Depreciation": "1,245,942", "Net Income from Continuing Operation Net Minority Interest": "1,878,887", "Total Unusual Items Excluding Goodwill": "-", "Total Unusual Items": "-", "Normalized EBITDA": "3,562,055", "Tax Rate for Calcs": "0", "Tax Effect of Unusual Items": "0"}, "12/31/2018": {"Duration": "12/31/2018", "Total Revenue": "9,493,849", "Cost of Revenue": "5,262,207", "Gross Profit": "4,231,642", "Operating Expense": "2,336,841", "Operating Income": "1,894,801", "Net Non Operating Interest Income Expense": "-300,872", "Other Income Expense": "221,863", "Pretax Income": "1,815,792", "Net Income Common Stockholders": "1,811,042", "Diluted NI Available to Com Stockholders": "1,811,042", "Basic EPS": "8.60", "Diluted EPS": "8.56", "Basic Average Shares": "210,570", "Diluted Average Shares": "211,554", "Total Operating Income as Reported": "1,894,801", "Total Expenses": "7,599,048", "Interest Income": "32,800", "Interest Expense": "333,672", "Net Interest Income": "-300,872", "Net Income from Continuing & Discontinued Operation": "1,811,042", "Normalized Income": "1,811,042", "EBIT": "2,149,464", "EBITDA": "-", "Reconciled Cost of Revenue": "5,262,207", "Reconciled Depreciation": "1,033,697", "Net Income from Continuing Operation Net Minority Interest": "1,811,042", "Total Unusual Items Excluding Goodwill": "-", "Total Unusual Items": "-", "Normalized EBITDA": "3,183,161", "Tax Rate for Calcs": "0", "Tax Effect of Unusual Items": "0"}}, "bs": {"12/31/2020": {"Duration": "12/31/2020", "Total Assets": "32,465,187", "Total Liabilities Net Minority Interest": "23,704,518", "Total Equity Gross Minority Interest": "8,760,669", "Total Capitalization": "26,718,625", "Common Stock Equity": "8,760,669", "Capital Lease Obligations": "666,553", "Net Tangible Assets": "7,506,335", "Working Capital": "-225,374", "Invested Capital": "28,089,712", "Tangible Book Value": "7,506,335", "Total Debt": "19,995,596", "Net Debt": "15,644,569", "Share Issued": "265,198", "Ordinary Shares Number": "237,399", "Treasury Shares Number": "27,800"}, "12/31/2019": {"Duration": "12/31/2019", "Total Assets": "30,320,284", "Total Liabilities Net Minority Interest": "18,156,438", "Total Equity Gross Minority Interest": "12,163,846", "Total Capitalization": "20,577,956", "Common Stock Equity": "12,163,846", "Capital Lease Obligations": "698,617", "Net Tangible Assets": "10,289,627", "Working Capital": "-6,790,268", "Invested Capital": "23,198,722", "Tangible Book Value": "10,289,627", "Total Debt": "11,733,493", "Net Debt": "10,791,138", "Share Issued": "236,548", "Ordinary Shares Number": "208,801", "Treasury Shares Number": "27,747"}, "12/31/2018": {"Duration": "12/31/2018", "Total Assets": "27,698,270", "Total Liabilities Net Minority Interest": "16,592,809", "Total Equity Gross Minority Interest": "11,105,461", "Total Capitalization": "19,460,831", "Common Stock Equity": "11,105,461", "Capital Lease Obligations": "-", "Net Tangible Assets": "9,727,108", "Working Capital": "-5,870,121", "Invested Capital": "21,883,160", "Tangible Book Value": "9,727,108", "Total Debt": "10,777,699", "Net Debt": "10,489,847", "Share Issued": "235,848", "Ordinary Shares Number": "209,017", "Treasury Shares Number": "26,831"}}, "cf": {"TTM": {"Duration": "TTM", "Operating Cash Flow": "-4,739,546", "Investing Cash Flow": "-1,804,949", "Financing Cash Flow": "7,743,500", "End Cash Position": "5,089,816", "Interest Paid Supplemental Data": "615,560", "Capital Expenditure": "-1,774,268", "Issuance of Capital Stock": "3,048,609", "Issuance of Debt": "9,358,106", "Repayment of Debt": "-4,109,424", "Repurchase of Capital Stock": "-", "Free Cash Flow": "-6,513,814"}, "12/31/2020": {"Duration": "12/31/2020", "Operating Cash Flow": "-3,731,653", "Investing Cash Flow": "-2,178,566", "Financing Cash Flow": "9,349,788", "End Cash Position": "3,684,474", "Interest Paid Supplemental Data": "418,164", "Capital Expenditure": "-1,965,131", "Issuance of Capital Stock": "1,431,375", "Issuance of Debt": "20,313,005", "Repayment of Debt": "-11,682,768", "Repurchase of Capital Stock": "0", "Free Cash Flow": "-5,696,784"}, "12/31/2019": {"Duration": "12/31/2019", "Operating Cash Flow": "3,716,366", "Investing Cash Flow": "-3,091,406", "Financing Cash Flow": "-670,371", "End Cash Position": "243,738", "Interest Paid Supplemental Data": "246,312", "Capital Expenditure": "-3,024,663", "Issuance of Capital Stock": "-", "Issuance of Debt": "29,766,104", "Repayment of Debt": "-29,673,355", "Repurchase of Capital Stock": "-99,582", "Free Cash Flow": "691,703"}, "12/31/2018": {"Duration": "12/31/2018", "Operating Cash Flow": "3,479,139", "Investing Cash Flow": "-4,489,158", "Financing Cash Flow": "1,198,073", "End Cash Position": "287,852", "Interest Paid Supplemental Data": "252,466", "Capital Expenditure": "-3,660,028", "Issuance of Capital Stock": "-", "Issuance of Debt": "13,321,026", "Repayment of Debt": "-10,928,961", "Repurchase of Capital Stock": "-575,039", "Free Cash Flow": "-180,889"}}}}, {"MCRI": {"quote": {"05/11/2021": {"value": "71.98", "Market Cap": "1.374B", "Beta (5Y Monthly)": "1.78", "PE Ratio (TTM)": "46.11", "EPS (TTM)": "1.56", "Earnings Date": "Jul 20, 2021 - Jul 26, 2021", "Forward Dividend & Yield": "N/A (N/A)", "Ex-Dividend Date": "N/A", "1y Target Est": "78.80"}}, "fin": {"TTM": {"Duration": "TTM", "Total Revenue": "208,362", "Cost of Revenue": "91,615", "Gross Profit": "116,747", "Operating Expense": "92,304", "Operating Income": "24,443", "Net Non Operating Interest Income Expense": "-", "Other Income Expense": "-", "Pretax Income": "22,551", "Tax Provision": "-7,261", "Net Income Common Stockholders": "29,812", "Diluted NI Available to Com Stockholders": "29,812", "Basic EPS": "-", "Diluted EPS": "-", "Basic Average Shares": "-", "Diluted Average Shares": "-", "Total Operating Income as Reported": "24,443", "Total Expenses": "183,919", "Net Income from Continuing & Discontinued Operation": "29,812", "Normalized Income": "29,812", "Interest Income": "-", "Interest Expense": "-", "Net Interest Income": "-", "EBIT": "24,443", "EBITDA": "47,461", "Reconciled Cost of Revenue": "91,615", "Reconciled Depreciation": "23,018", "Net Income from Continuing Operation Net Minority Interest": "29,812", "Total Unusual Items Excluding Goodwill": "-", "Total Unusual Items": "-", "Normalized EBITDA": "47,461", "Tax Rate for Calcs": "0", "Tax Effect of Unusual Items": "0"}, "12/31/2020": {"Duration": "12/31/2020", "Total Revenue": "184,413", "Cost of Revenue": "84,712", "Gross Profit": "99,701", "Operating Expense": "84,430", "Operating Income": "15,271", "Net Non Operating Interest Income Expense": "-273", "Other Income Expense": "-", "Pretax Income": "14,998", "Tax Provision": "-8,680", "Net Income Common Stockholders": "23,678", "Diluted NI Available to Com Stockholders": "23,678", "Basic EPS": "1.30", "Diluted EPS": "1.25", "Basic Average Shares": "18,218", "Diluted Average Shares": "18,877", "Total Operating Income as Reported": "15,271", "Total Expenses": "169,142", "Net Income from Continuing & Discontinued Operation": "23,678", "Normalized Income": "23,678", "Interest Income": "-", "Interest Expense": "273", "Net Interest Income": "-273", "EBIT": "15,271", "EBITDA": "-", "Reconciled Cost of Revenue": "84,712", "Reconciled Depreciation": "17,324", "Net Income from Continuing Operation Net Minority Interest": "23,678", "Total Unusual Items Excluding Goodwill": "-", "Total Unusual Items": "-", "Normalized EBITDA": "32,595", "Tax Rate for Calcs": "0", "Tax Effect of Unusual Items": "0"}, "12/31/2019": {"Duration": "12/31/2019", "Total Revenue": "249,166", "Cost of Revenue": "122,292", "Gross Profit": "126,874", "Operating Expense": "87,299", "Operating Income": "39,575", "Net Non Operating Interest Income Expense": "1", "Other Income Expense": "-", "Pretax Income": "39,576", "Tax Provision": "7,760", "Net Income Common Stockholders": "31,816", "Diluted NI Available to Com Stockholders": "31,816", "Basic EPS": "1.77", "Diluted EPS": "1.70", "Basic Average Shares": "18,025", "Diluted Average Shares": "18,684", "Total Operating Income as Reported": "39,575", "Total Expenses": "209,591", "Net Income from Continuing & Discontinued Operation": "31,816", "Normalized Income": "31,816", "Interest Income": "1", "Interest Expense": "-", "Net Interest Income": "1", "EBIT": "39,575", "EBITDA": "-", "Reconciled Cost of Revenue": "122,292", "Reconciled Depreciation": "14,875", "Net Income from Continuing Operation Net Minority Interest": "31,816", "Total Unusual Items Excluding Goodwill": "-", "Total Unusual Items": "-", "Normalized EBITDA": "54,450", "Tax Rate for Calcs": "0", "Tax Effect of Unusual Items": "0"}, "12/31/2018": {"Duration": "12/31/2018", "Total Revenue": "240,315", "Cost of Revenue": "117,058", "Gross Profit": "123,257", "Operating Expense": "80,419", "Operating Income": "42,838", "Net Non Operating Interest Income Expense": "-177", "Other Income Expense": "-12", "Pretax Income": "42,649", "Tax Provision": "8,551", "Net Income Common Stockholders": "34,098", "Diluted NI Available to Com Stockholders": "34,098", "Basic EPS": "1.91", "Diluted EPS": "1.83", "Basic Average Shares": "17,846", "Diluted Average Shares": "18,574", "Total Operating Income as Reported": "42,826", "Total Expenses": "197,477", "Net Income from Continuing & Discontinued Operation": "34,098", "Normalized Income": "34,108", "Interest Income": "-", "Interest Expense": "177", "Net Interest Income": "-177", "EBIT": "42,826", "EBITDA": "-", "Reconciled Cost of Revenue": "117,058", "Reconciled Depreciation": "14,617", "Net Income from Continuing Operation Net Minority Interest": "34,098", "Total Unusual Items Excluding Goodwill": "-12", "Total Unusual Items": "-12", "Normalized EBITDA": "57,455", "Tax Rate for Calcs": "0", "Tax Effect of Unusual Items": "-2.4072"}}, "bs": {"12/31/2020": {"Duration": "12/31/2020", "Total Assets": "671,877", "Total Liabilities Net Minority Interest": "303,810", "Total Equity Gross Minority Interest": "368,067", "Total Capitalization": "535,229", "Common Stock Equity": "368,067", "Capital Lease Obligations": "14,797", "Net Tangible Assets": "341,983", "Working Capital": "-36,288", "Invested Capital": "547,729", "Tangible Book Value": "341,983", "Total Debt": "194,459", "Net Debt": "151,352", "Share Issued": "19,096", "Ordinary Shares Number": "18,426", "Treasury Shares Number": "670.17"}, "12/31/2019": {"Duration": "12/31/2019", "Total Assets": "610,878", "Total Liabilities Net Minority Interest": "269,677", "Total Equity Gross Minority Interest": "341,201", "Total Capitalization": "516,616", "Common Stock Equity": "341,201", "Capital Lease Obligations": "15,588", "Net Tangible Assets": "314,552", "Working Capital": "-310", "Invested Capital": "536,616", "Tangible Book Value": "314,552", "Total Debt": "211,003", "Net Debt": "134,876", "Share Issued": "19,096", "Ordinary Shares Number": "18,141", "Treasury Shares Number": "954.917"}, "12/31/2018": {"Duration": "12/31/2018", "Total Assets": "455,127", "Total Liabilities Net Minority Interest": "153,945", "Total Equity Gross Minority Interest": "301,182", "Total Capitalization": "395,682", "Common Stock Equity": "301,182", "Capital Lease Obligations": "-", "Net Tangible Assets": "273,367", "Working Capital": "-12,764", "Invested Capital": "395,682", "Tangible Book Value": "273,367", "Total Debt": "94,500", "Net Debt": "64,038", "Share Issued": "19,096", "Ordinary Shares Number": "17,919", "Treasury Shares Number": "1,177"}}, "cf": {"TTM": {"Duration": "TTM", "Operating Cash Flow": "-", "Investing Cash Flow": "-", "Financing Cash Flow": "-", "End Cash Position": "-", "Income Tax Paid Supplemental Data": "-", "Interest Paid Supplemental Data": "-", "Capital Expenditure": "-", "Issuance of Debt": "-", "Repayment of Debt": "-", "Free Cash Flow": "-"}, "12/31/2020": {"Duration": "12/31/2020", "Operating Cash Flow": "31,444", "Investing Cash Flow": "-46,393", "Financing Cash Flow": "-17,280", "End Cash Position": "28,310", "Income Tax Paid Supplemental Data": "0", "Interest Paid Supplemental Data": "380", "Capital Expenditure": "-88,667", "Issuance of Debt": "10,813", "Repayment of Debt": "-24,563", "Free Cash Flow": "-57,223"}, "12/31/2019": {"Duration": "12/31/2019", "Operating Cash Flow": "63,246", "Investing Cash Flow": "-134,919", "Financing Cash Flow": "101,750", "End Cash Position": "60,539", "Income Tax Paid Supplemental Data": "6,322", "Interest Paid Supplemental Data": "0", "Capital Expenditure": "-125,367", "Issuance of Debt": "105,500", "Repayment of Debt": "-3,750", "Free Cash Flow": "-62,121"}, "12/31/2018": {"Duration": "12/31/2018", "Operating Cash Flow": "58,756", "Investing Cash Flow": "-125,745", "Financing Cash Flow": "68,300", "End Cash Position": "30,462", "Income Tax Paid Supplemental Data": "7,305", "Interest Paid Supplemental Data": "186", "Capital Expenditure": "-137,074", "Issuance of Debt": "-", "Repayment of Debt": "-", "Free Cash Flow": "-78,318"}}}}, {"CNTY": {"quote": {"05/11/2021": {"value": "13.95", "Market Cap": "412.585M", "Beta (5Y Monthly)": "3.15", "PE Ratio (TTM)": "N/A", "EPS (TTM)": "-0.12", "Earnings Date": "Aug 06, 2021", "Forward Dividend & Yield": "N/A (N/A)", "Ex-Dividend Date": "N/A", "1y Target Est": "17.25"}}, "fin": {"TTM": {"Duration": "TTM", "Total Revenue": "289,027", "Cost of Revenue": "134,309", "Gross Profit": "154,718", "Operating Expense": "120,125", "Operating Income": "34,593", "Net Non Operating Interest Income Expense": "-42,254", "Other Income Expense": "5,706", "Pretax Income": "-1,955", "Tax Provision": "2,423", "Net Income Common Stockholders": "-3,565", "Diluted NI Available to Com Stockholders": "-3,565", "Basic EPS": "-", "Diluted EPS": "-", "Basic Average Shares": "-", "Diluted Average Shares": "-", "Total Operating Income as Reported": "39,893", "Total Expenses": "254,434", "Net Income from Continuing & Discontinued Operation": "-3,565", "Normalized Income": "-6,989", "Interest Income": "5", "Interest Expense": "42,259", "Net Interest Income": "-42,254", "EBIT": "40,304", "EBITDA": "71,164", "Reconciled Cost of Revenue": "130,131", "Reconciled Depreciation": "30,860", "Net Income from Continuing Operation Net Minority Interest": "-3,565", "Total Unusual Items Excluding Goodwill": "5,706", "Total Unusual Items": "5,706", "Normalized EBITDA": "65,458", "Tax Rate for Calcs": "0", "Tax Effect of Unusual Items": "2,282"}, "12/31/2020": {"Duration": "12/31/2020", "Total Revenue": "304,268", "Cost of Revenue": "149,650", "Gross Profit": "154,618", "Operating Expense": "126,081", "Operating Income": "28,537", "Net Non Operating Interest Income Expense": "-43,098", "Other Income Expense": "-28,727", "Pretax Income": "-43,288", "Tax Provision": "4,848", "Net Income Common Stockholders": "-48,002", "Diluted NI Available to Com Stockholders": "-48,002", "Basic EPS": "-", "Diluted EPS": "-", "Basic Average Shares": "-", "Diluted Average Shares": "-", "Total Operating Income as Reported": "-127", "Total Expenses": "275,731", "Net Income from Continuing & Discontinued Operation": "-48,002", "Normalized Income": "-27,031", "Interest Income": "6", "Interest Expense": "43,104", "Net Interest Income": "-43,098", "EBIT": "-184", "EBITDA": "-", "Reconciled Cost of Revenue": "145,989", "Reconciled Depreciation": "30,195", "Net Income from Continuing Operation Net Minority Interest": "-48,002", "Total Unusual Items Excluding Goodwill": "-28,727", "Total Unusual Items": "-28,727", "Normalized EBITDA": "58,738", "Tax Rate for Calcs": "0", "Tax Effect of Unusual Items": "-7,756"}, "12/31/2019": {"Duration": "12/31/2019", "Total Revenue": "218,227", "Cost of Revenue": "113,137", "Gross Profit": "105,090", "Operating Expense": "93,823", "Operating Income": "11,267", "Net Non Operating Interest Income Expense": "-8,229", "Other Income Expense": "-15,005", "Pretax Income": "-11,967", "Tax Provision": "4,174", "Net Income Common Stockholders": "-19,155", "Diluted NI Available to Com Stockholders": "-19,155", "Basic EPS": "-0.65", "Diluted EPS": "-0.65", "Basic Average Shares": "29,452", "Diluted Average Shares": "29,452", "Total Operating Income as Reported": "-5,220", "Total Expenses": "206,960", "Net Income from Continuing & Discontinued Operation": "-19,155", "Normalized Income": "-9,387", "Interest Income": "21", "Interest Expense": "8,250", "Net Interest Income": "-8,229", "EBIT": "-3,717", "EBITDA": "-", "Reconciled Cost of Revenue": "107,233", "Reconciled Depreciation": "16,747", "Net Income from Continuing Operation Net Minority Interest": "-19,155", "Total Unusual Items Excluding Goodwill": "-15,004", "Total Unusual Items": "-15,004", "Normalized EBITDA": "28,034", "Tax Rate for Calcs": "0", "Tax Effect of Unusual Items": "-5,236"}, "12/31/2018": {"Duration": "12/31/2018", "Total Revenue": "168,938", "Cost of Revenue": "89,909", "Gross Profit": "79,029", "Operating Expense": "69,593", "Operating Income": "9,436", "Net Non Operating Interest Income Expense": "-4,114", "Other Income Expense": "601", "Pretax Income": "5,923", "Tax Provision": "1,917", "Net Income Common Stockholders": "3,394", "Diluted NI Available to Com Stockholders": "3,394", "Basic EPS": "0.12", "Diluted EPS": "0.11", "Basic Average Shares": "29,401", "Diluted Average Shares": "29,962", "Total Operating Income as Reported": "9,459", "Total Expenses": "159,502", "Net Income from Continuing & Discontinued Operation": "3,394", "Normalized Income": "3,003", "Interest Income": "103", "Interest Expense": "4,217", "Net Interest Income": "-4,114", "EBIT": "10,140", "EBITDA": "-", "Reconciled Cost of Revenue": "89,909", "Reconciled Depreciation": "9,399", "Net Income from Continuing Operation Net Minority Interest": "3,394", "Total Unusual Items Excluding Goodwill": "578", "Total Unusual Items": "578", "Normalized EBITDA": "18,961", "Tax Rate for Calcs": "0", "Tax Effect of Unusual Items": "187.272"}}, "bs": {"12/31/2020": {"Duration": "12/31/2020", "Total Assets": "680,760", "Total Liabilities Net Minority Interest": "553,777", "Total Equity Gross Minority Interest": "126,983", "Total Capitalization": "555,613", "Common Stock Equity": "118,154", "Capital Lease Obligations": "52,131", "Net Tangible Assets": "54,495", "Working Capital": "34,459", "Invested Capital": "566,331", "Tangible Book Value": "54,495", "Total Debt": "500,308", "Net Debt": "384,764", "Share Issued": "29,576", "Ordinary Shares Number": "29,576"}, "12/31/2019": {"Duration": "12/31/2019", "Total Assets": "726,900", "Total Liabilities Net Minority Interest": "554,825", "Total Equity Gross Minority Interest": "172,075", "Total Capitalization": "599,705", "Common Stock Equity": "163,306", "Capital Lease Obligations": "62,567", "Net Tangible Assets": "63,309", "Working Capital": "22,796", "Invested Capital": "602,862", "Tangible Book Value": "63,309", "Total Debt": "502,123", "Net Debt": "384,802", "Share Issued": "29,500", "Ordinary Shares Number": "29,500"}, "12/31/2018": {"Duration": "12/31/2018", "Total Assets": "278,825", "Total Liabilities Net Minority Interest": "95,442", "Total Equity Gross Minority Interest": "183,383", "Total Capitalization": "218,362", "Common Stock Equity": "176,321", "Capital Lease Obligations": "-", "Net Tangible Assets": "145,970", "Working Capital": "4,954", "Invested Capital": "235,844", "Tangible Book Value": "145,970", "Total Debt": "59,523", "Net Debt": "13,948", "Share Issued": "29,439", "Ordinary Shares Number": "29,439"}}, "cf": {"TTM": {"Duration": "TTM", "Operating Cash Flow": "15,663", "Investing Cash Flow": "-2,591", "Financing Cash Flow": "-13,678", "End Cash Position": "63,901", "Income Tax Paid Supplemental Data": "2,797", "Interest Paid Supplemental Data": "34,578", "Capital Expenditure": "-7,934", "Issuance of Capital Stock": "-", "Issuance of Debt": "0", "Repayment of Debt": "-13,135", "Free Cash Flow": "7,729"}, "12/31/2020": {"Duration": "12/31/2020", "Operating Cash Flow": "9,005", "Investing Cash Flow": "-5,287", "Financing Cash Flow": "3,129", "End Cash Position": "63,677", "Income Tax Paid Supplemental Data": "2,607", "Interest Paid Supplemental Data": "38,832", "Capital Expenditure": "-10,705", "Issuance of Capital Stock": "-", "Issuance of Debt": "17,351", "Repayment of Debt": "-13,188", "Free Cash Flow": "-1,700"}, "12/31/2019": {"Duration": "12/31/2019", "Operating Cash Flow": "18,780", "Investing Cash Flow": "-120,686", "Financing Cash Flow": "113,869", "End Cash Position": "55,640", "Income Tax Paid Supplemental Data": "3,019", "Interest Paid Supplemental Data": "6,500", "Capital Expenditure": "-24,038", "Issuance of Capital Stock": "0", "Issuance of Debt": "186,217", "Repayment of Debt": "-61,546", "Free Cash Flow": "-5,258"}, "12/31/2018": {"Duration": "12/31/2018", "Operating Cash Flow": "22,329", "Investing Cash Flow": "-57,732", "Financing Cash Flow": "7,153", "End Cash Position": "46,284", "Income Tax Paid Supplemental Data": "2,794", "Interest Paid Supplemental Data": "4,361", "Capital Expenditure": "-56,774", "Issuance of Capital Stock": "0", "Issuance of Debt": "16,192", "Repayment of Debt": "-8,339", "Free Cash Flow": "-34,445"}}}}, {"PNK": {"quote": {"05/11/2021": {"value": "", "Net Assets": "N/A", "Beta (5Y Monthly)": "N/A", "Yield": "N/A", "5y Average Return": "N/A", "Holdings Turnover": "N/A", "Last Dividend": "N/A", "Average for Category": "N/A", "Inception Date": "N/A"}}, "fin": {}, "bs": {}, "cf": {}}}, {"GDEN": {"quote": {"05/11/2021": {"value": "42.99", "Market Cap": "1.224B", "Beta (5Y Monthly)": "2.95", "PE Ratio (TTM)": "N/A", "EPS (TTM)": "-3.32", "Earnings Date": "Aug 04, 2021 - Aug 09, 2021", "Forward Dividend & Yield": "N/A (N/A)", "Ex-Dividend Date": "Jun 28, 2016", "1y Target Est": "47.80"}}, "fin": {"TTM": {"Duration": "TTM", "Total Revenue": "726,694", "Cost of Revenue": "419,105", "Gross Profit": "307,589", "Operating Expense": "306,176", "Operating Income": "1,413", "Net Non Operating Interest Income Expense": "-66,412", "Other Income Expense": "-28,660", "Pretax Income": "-93,659", "Tax Provision": "-288", "Net Income Common Stockholders": "-93,371", "Diluted NI Available to Com Stockholders": "-93,371", "Basic EPS": "-", "Diluted EPS": "-", "Basic Average Shares": "-", "Diluted Average Shares": "-", "Total Operating Income as Reported": "-27,247", "Total Expenses": "725,281", "Net Income from Continuing & Discontinued Operation": "-93,371", "Normalized Income": "-64,799", "Interest Expense": "66,412", "Net Interest Income": "-66,412", "EBIT": "-27,247", "EBITDA": "93,213", "Reconciled Cost of Revenue": "419,105", "Reconciled Depreciation": "120,460", "Net Income from Continuing Operation Net Minority Interest": "-93,371", "Total Unusual Items Excluding Goodwill": "-28,660", "Total Unusual Items": "-28,660", "Normalized EBITDA": "121,873", "Tax Rate for Calcs": "0", "Tax Effect of Unusual Items": "-88.1291"}, "12/31/2020": {"Duration": "12/31/2020", "Total Revenue": "694,155", "Cost of Revenue": "418,967", "Gross Profit": "275,188", "Operating Expense": "304,150", "Operating Income": "-28,962", "Net Non Operating Interest Income Expense": "-69,110", "Other Income Expense": "-38,478", "Pretax Income": "-136,550", "Tax Provision": "61", "Net Income Common Stockholders": "-136,611", "Diluted NI Available to Com Stockholders": "-136,611", "Basic EPS": "-", "Diluted EPS": "-", "Basic Average Shares": "-", "Diluted Average Shares": "-", "Total Operating Income as Reported": "-67,439", "Total Expenses": "723,117", "Net Income from Continuing & Discontinued Operation": "-136,611", "Normalized Income": "-108,522", "Interest Expense": "69,110", "Net Interest Income": "-69,110", "EBIT": "-67,440", "EBITDA": "-", "Reconciled Cost of Revenue": "418,967", "Reconciled Depreciation": "124,430", "Net Income from Continuing Operation Net Minority Interest": "-136,611", "Total Unusual Items Excluding Goodwill": "-38,478", "Total Unusual Items": "-38,478", "Normalized EBITDA": "95,468", "Tax Rate for Calcs": "0", "Tax Effect of Unusual Items": "-10,389"}, "12/31/2019": {"Duration": "12/31/2019", "Total Revenue": "973,410", "Cost of Revenue": "578,512", "Gross Profit": "394,898", "Operating Expense": "344,374", "Operating Income": "50,524", "Net Non Operating Interest Income Expense": "-74,220", "Other Income Expense": "-17,725", "Pretax Income": "-41,421", "Tax Provision": "-1,876", "Net Income Common Stockholders": "-39,545", "Diluted NI Available to Com Stockholders": "-39,545", "Basic EPS": "-1.43", "Diluted EPS": "-1.43", "Basic Average Shares": "27,746", "Diluted Average Shares": "27,746", "Total Operating Income as Reported": "46,117", "Total Expenses": "922,886", "Net Income from Continuing & Discontinued Operation": "-39,545", "Normalized Income": "-22,618", "Interest Expense": "74,220", "Net Interest Income": "-74,220", "EBIT": "32,799", "EBITDA": "-", "Reconciled Cost of Revenue": "578,512", "Reconciled Depreciation": "116,592", "Net Income from Continuing Operation Net Minority Interest": "-39,545", "Total Unusual Items Excluding Goodwill": "-17,725", "Total Unusual Items": "-17,725", "Normalized EBITDA": "167,116", "Tax Rate for Calcs": "0", "Tax Effect of Unusual Items": "-797.625"}, "12/31/2018": {"Duration": "12/31/2018", "Total Revenue": "851,794", "Cost of Revenue": "514,232", "Gross Profit": "337,562", "Operating Expense": "279,519", "Operating Income": "58,043", "Net Non Operating Interest Income Expense": "-64,028", "Other Income Expense": "-5,290", "Pretax Income": "-11,275", "Tax Provision": "9,639", "Net Income Common Stockholders": "-20,914", "Diluted NI Available to Com Stockholders": "-20,914", "Basic EPS": "-0.76", "Diluted EPS": "-0.76", "Basic Average Shares": "27,553", "Diluted Average Shares": "27,553", "Total Operating Income as Reported": "50,967", "Total Expenses": "793,751", "Net Income from Continuing & Discontinued Operation": "-20,914", "Normalized Income": "-17,052", "Interest Expense": "64,028", "Net Interest Income": "-64,028", "EBIT": "52,753", "EBITDA": "-", "Reconciled Cost of Revenue": "514,232", "Reconciled Depreciation": "94,456", "Net Income from Continuing Operation Net Minority Interest": "-20,914", "Total Unusual Items Excluding Goodwill": "-5,290", "Total Unusual Items": "-5,290", "Normalized EBITDA": "152,499", "Tax Rate for Calcs": "0", "Tax Effect of Unusual Items": "-1,428"}}, "bs": {"12/31/2020": {"Duration": "12/31/2020", "Total Assets": "1,570,949", "Total Liabilities Net Minority Interest": "1,409,687", "Total Equity Gross Minority Interest": "161,262", "Total Capitalization": "1,288,232", "Common Stock Equity": "161,262", "Capital Lease Obligations": "195,973", "Net Tangible Assets": "-103,243", "Working Capital": "22,018", "Invested Capital": "1,299,374", "Tangible Book Value": "-103,243", "Total Debt": "1,334,085", "Net Debt": "1,034,554", "Share Issued": "28,159", "Ordinary Shares Number": "28,159"}, "12/31/2019": {"Duration": "12/31/2019", "Total Assets": "1,740,917", "Total Liabilities Net Minority Interest": "1,451,173", "Total Equity Gross Minority Interest": "289,744", "Total Capitalization": "1,420,118", "Common Stock Equity": "289,744", "Capital Lease Obligations": "218,184", "Net Tangible Assets": "-29,732", "Working Capital": "27,665", "Invested Capital": "1,428,615", "Tangible Book Value": "-29,732", "Total Debt": "1,357,055", "Net Debt": "1,027,193", "Share Issued": "27,879", "Ordinary Shares Number": "27,879"}, "12/31/2018": {"Duration": "12/31/2018", "Total Assets": "1,366,569", "Total Liabilities Net Minority Interest": "1,051,417", "Total Equity Gross Minority Interest": "315,152", "Total Capitalization": "1,275,715", "Common Stock Equity": "315,152", "Capital Lease Obligations": "-", "Net Tangible Assets": "15,890", "Working Capital": "73,299", "Invested Capital": "1,286,195", "Tangible Book Value": "15,890", "Total Debt": "971,043", "Net Debt": "854,972", "Share Issued": "26,779", "Ordinary Shares Number": "26,779"}}, "cf": {"TTM": {"Duration": "TTM", "Operating Cash Flow": "77,772", "Investing Cash Flow": "-22,316", "Financing Cash Flow": "-211,782", "End Cash Position": "145,442", "Income Tax Paid Supplemental Data": "-", "Interest Paid Supplemental Data": "62,436", "Capital Expenditure": "-22,834", "Issuance of Capital Stock": "57", "Issuance of Debt": "0", "Repayment of Debt": "-207,474", "Repurchase of Capital Stock": "-", "Free Cash Flow": "54,938"}, "12/31/2020": {"Duration": "12/31/2020", "Operating Cash Flow": "36,735", "Investing Cash Flow": "-35,854", "Financing Cash Flow": "-9,001", "End Cash Position": "103,558", "Income Tax Paid Supplemental Data": "-", "Interest Paid Supplemental Data": "64,422", "Capital Expenditure": "-36,502", "Issuance of Capital Stock": "-", "Issuance of Debt": "200,000", "Repayment of Debt": "-207,605", "Repurchase of Capital Stock": "-950", "Free Cash Flow": "233"}, "12/31/2019": {"Duration": "12/31/2019", "Operating Cash Flow": "113,905", "Investing Cash Flow": "-256,050", "Financing Cash Flow": "137,752", "End Cash Position": "111,678", "Income Tax Paid Supplemental Data": "-", "Interest Paid Supplemental Data": "63,735", "Capital Expenditure": "-107,267", "Issuance of Capital Stock": "57", "Issuance of Debt": "520,000", "Repayment of Debt": "-375,318", "Repurchase of Capital Stock": "0", "Free Cash Flow": "6,638"}, "12/31/2018": {"Duration": "12/31/2018", "Operating Cash Flow": "97,950", "Investing Cash Flow": "-69,206", "Financing Cash Flow": "-3,252", "End Cash Position": "116,071", "Income Tax Paid Supplemental Data": "-", "Interest Paid Supplemental Data": "60,542", "Capital Expenditure": "-69,309", "Issuance of Capital Stock": "25,608", "Issuance of Debt": "0", "Repayment of Debt": "-9,545", "Repurchase of Capital Stock": "-19,598", "Free Cash Flow": "28,641"}}}}, {"FLL": {"quote": {"05/11/2021": {"value": "9.96", "Market Cap": "339.39M", "Beta (5Y Monthly)": "N/A", "PE Ratio (TTM)": "255.38", "EPS (TTM)": "0.04", "Earnings Date": "May 10, 2021", "Forward Dividend & Yield": "N/A (N/A)", "Ex-Dividend Date": "N/A", "1y Target Est": "11.75"}}, "fin": {"TTM": {"Duration": "TTM", "Total Revenue": "125,589", "Cost of Revenue": "58,755", "Gross Profit": "66,834", "Operating Expense": "55,674", "Operating Income": "11,160", "Net Non Operating Interest Income Expense": "-9,823", "Other Income Expense": "-1,282", "Pretax Income": "55", "Tax Provision": "-92", "Net Income Common Stockholders": "147", "Diluted NI Available to Com Stockholders": "147", "Basic EPS": "-", "Diluted EPS": "-", "Basic Average Shares": "-", "Diluted Average Shares": "-", "Total Operating Income as Reported": "10,476", "Total Expenses": "114,429", "Net Income from Continuing & Discontinued Operation": "147", "Normalized Income": "1,083", "Interest Expense": "8,547", "Net Interest Income": "-9,823", "EBIT": "8,602", "EBITDA": "16,268", "Reconciled Cost of Revenue": "58,755", "Reconciled Depreciation": "7,666", "Net Income from Continuing Operation Net Minority Interest": "147", "Total Unusual Items Excluding Goodwill": "-1,282", "Total Unusual Items": "-1,282", "Normalized EBITDA": "17,550", "Tax Rate for Calcs": "0", "Tax Effect of Unusual Items": "-346.14"}, "12/31/2020": {"Duration": "12/31/2020", "Total Revenue": "125,589", "Cost of Revenue": "58,755", "Gross Profit": "66,834", "Operating Expense": "55,674", "Operating Income": "11,160", "Net Non Operating Interest Income Expense": "-9,823", "Other Income Expense": "-1,282", "Pretax Income": "55", "Tax Provision": "-92", "Net Income Common Stockholders": "147", "Diluted NI Available to Com Stockholders": "147", "Basic EPS": "-", "Diluted EPS": "-", "Basic Average Shares": "-", "Diluted Average Shares": "-", "Total Operating Income as Reported": "10,476", "Total Expenses": "114,429", "Net Income from Continuing & Discontinued Operation": "147", "Normalized Income": "1,083", "Interest Expense": "8,547", "Net Interest Income": "-9,823", "EBIT": "8,602", "EBITDA": "-", "Reconciled Cost of Revenue": "58,755", "Reconciled Depreciation": "7,666", "Net Income from Continuing Operation Net Minority Interest": "147", "Total Unusual Items Excluding Goodwill": "-1,282", "Total Unusual Items": "-1,282", "Normalized EBITDA": "17,550", "Tax Rate for Calcs": "0", "Tax Effect of Unusual Items": "-346.14"}, "12/31/2019": {"Duration": "12/31/2019", "Total Revenue": "165,432", "Cost of Revenue": "93,788", "Gross Profit": "71,644", "Operating Expense": "65,420", "Operating Income": "6,224", "Net Non Operating Interest Income Expense": "-10,636", "Other Income Expense": "-1,330", "Pretax Income": "-5,742", "Tax Provision": "80", "Net Income Common Stockholders": "-5,822", "Diluted NI Available to Com Stockholders": "-5,822", "Basic EPS": "-0.22", "Diluted EPS": "-0.22", "Basic Average Shares": "26,980", "Diluted Average Shares": "26,980", "Total Operating Income as Reported": "6,216", "Total Expenses": "159,208", "Net Income from Continuing & Discontinued Operation": "-5,822", "Normalized Income": "-4,851", "Interest Expense": "9,544", "Net Interest Income": "-10,636", "EBIT": "3,802", "EBITDA": "-", "Reconciled Cost of Revenue": "93,788", "Reconciled Depreciation": "8,331", "Net Income from Continuing Operation Net Minority Interest": "-5,822", "Total Unusual Items Excluding Goodwill": "-1,330", "Total Unusual Items": "-1,330", "Normalized EBITDA": "13,463", "Tax Rate for Calcs": "0", "Tax Effect of Unusual Items": "-359.1"}, "12/31/2018": {"Duration": "12/31/2018", "Total Revenue": "163,876", "Cost of Revenue": "98,163", "Gross Profit": "65,713", "Operating Expense": "58,208", "Operating Income": "7,505", "Net Non Operating Interest Income Expense": "-10,160", "Other Income Expense": "-1,240", "Pretax Income": "-3,895", "Tax Provision": "476", "Net Income Common Stockholders": "-4,371", "Diluted NI Available to Com Stockholders": "-4,371", "Basic EPS": "-0.17", "Diluted EPS": "-0.23", "Basic Average Shares": "26,012", "Diluted Average Shares": "26,461", "Total Operating Income as Reported": "7,426", "Total Expenses": "156,371", "Net Income from Continuing & Discontinued Operation": "-4,371", "Normalized Income": "-3,475", "Interest Expense": "9,370", "Net Interest Income": "-10,160", "EBIT": "5,475", "EBITDA": "-", "Reconciled Cost of Revenue": "98,163", "Reconciled Depreciation": "8,397", "Net Income from Continuing Operation Net Minority Interest": "-4,371", "Total Unusual Items Excluding Goodwill": "-1,227", "Total Unusual Items": "-1,227", "Normalized EBITDA": "15,099", "Tax Rate for Calcs": "0", "Tax Effect of Unusual Items": "-331.29"}}, "bs": {"12/31/2020": {"Duration": "12/31/2020", "Total Assets": "212,616", "Total Liabilities Net Minority Interest": "155,939", "Total Equity Gross Minority Interest": "56,677", "Total Capitalization": "163,509", "Common Stock Equity": "56,677", "Capital Lease Obligations": "21,986", "Net Tangible Assets": "24,428", "Working Capital": "22,323", "Invested Capital": "163,935", "Tangible Book Value": "24,428", "Total Debt": "129,244", "Net Debt": "69,560", "Share Issued": "28,385", "Ordinary Shares Number": "27,124", "Treasury Shares Number": "1,261"}, "12/31/2019": {"Duration": "12/31/2019", "Total Assets": "211,335", "Total Liabilities Net Minority Interest": "155,239", "Total Equity Gross Minority Interest": "56,096", "Total Capitalization": "159,019", "Common Stock Equity": "56,096", "Capital Lease Obligations": "23,690", "Net Tangible Assets": "23,754", "Working Capital": "12,506", "Invested Capital": "160,119", "Tangible Book Value": "23,754", "Total Debt": "127,713", "Net Debt": "75,172", "Share Issued": "28,346", "Ordinary Shares Number": "27,076", "Treasury Shares Number": "1,270"}, "12/31/2018": {"Duration": "12/31/2018", "Total Assets": "182,272", "Total Liabilities Net Minority Interest": "122,527", "Total Equity Gross Minority Interest": "59,745", "Total Capitalization": "153,939", "Common Stock Equity": "59,745", "Capital Lease Obligations": "4,821", "Net Tangible Assets": "27,314", "Working Capital": "5,382", "Invested Capital": "154,939", "Tangible Book Value": "27,314", "Total Debt": "100,015", "Net Debt": "74,560", "Share Issued": "28,289", "Ordinary Shares Number": "26,932", "Treasury Shares Number": "1,357"}}, "cf": {"TTM": {"Duration": "TTM", "Operating Cash Flow": "8,991", "Investing Cash Flow": "-2,619", "Financing Cash Flow": "1,475", "End Cash Position": "37,698", "Interest Paid Supplemental Data": "8,514", "Capital Expenditure": "-2,638", "Issuance of Capital Stock": "-", "Issuance of Debt": "5,606", "Repayment of Debt": "-1,588", "Free Cash Flow": "6,353"}, "12/31/2020": {"Duration": "12/31/2020", "Operating Cash Flow": "8,991", "Investing Cash Flow": "-2,619", "Financing Cash Flow": "1,475", "End Cash Position": "37,698", "Interest Paid Supplemental Data": "8,514", "Capital Expenditure": "-2,638", "Issuance of Capital Stock": "-", "Issuance of Debt": "5,606", "Repayment of Debt": "-1,588", "Free Cash Flow": "6,353"}, "12/31/2019": {"Duration": "12/31/2019", "Operating Cash Flow": "10,469", "Investing Cash Flow": "-8,670", "Financing Cash Flow": "7,418", "End Cash Position": "29,851", "Interest Paid Supplemental Data": "9,316", "Capital Expenditure": "-8,088", "Issuance of Capital Stock": "0", "Issuance of Debt": "10,000", "Repayment of Debt": "-1,619", "Free Cash Flow": "2,381"}, "12/31/2018": {"Duration": "12/31/2018", "Operating Cash Flow": "9,824", "Investing Cash Flow": "-17,430", "Financing Cash Flow": "8,330", "End Cash Position": "20,634", "Interest Paid Supplemental Data": "9,368", "Capital Expenditure": "-17,051", "Issuance of Capital Stock": "11,435", "Issuance of Debt": "100,000", "Repayment of Debt": "-98,623", "Free Cash Flow": "-7,227"}}}}, {"PENN": {"quote": {"05/11/2021": {"value": "83.09", "Market Cap": "12.992B", "Beta (5Y Monthly)": "2.57", "PE Ratio (TTM)": "397.56", "EPS (TTM)": "0.21", "Earnings Date": "Aug 04, 2021 - Aug 09, 2021", "Forward Dividend & Yield": "N/A (N/A)", "Ex-Dividend Date": "N/A", "1y Target Est": "105.64"}}, "fin": {"TTM": {"Duration": "TTM", "Total Revenue": "3,737,500", "Cost of Revenue": "1,861,000", "Gross Profit": "1,876,500", "Operating Expense": "1,502,300", "Operating Income": "374,200", "Net Non Operating Interest Income Expense": "-549,100", "Other Income Expense": "160,300", "Pretax Income": "-14,600", "Tax Provision": "-45,000", "Net Income Common Stockholders": "30,100", "Diluted NI Available to Com Stockholders": "30,100", "Basic EPS": "-", "Diluted EPS": "-", "Basic Average Shares": "-", "Diluted Average Shares": "-", "Total Operating Income as Reported": "366,900", "Total Expenses": "3,363,300", "Net Income from Continuing & Discontinued Operation": "30,100", "Normalized Income": "35,200", "Interest Income": "900", "Interest Expense": "550,000", "Net Interest Income": "-549,100", "EBIT": "535,400", "EBITDA": "887,700", "Reconciled Cost of Revenue": "1,861,000", "Reconciled Depreciation": "352,300", "Net Income from Continuing Operation Net Minority Interest": "30,100", "Total Unusual Items Excluding Goodwill": "-8,500", "Total Unusual Items": "-8,500", "Normalized EBITDA": "896,200", "Tax Rate for Calcs": "0", "Tax Effect of Unusual Items": "-3,400"}, "12/31/2020": {"Duration": "12/31/2020", "Total Revenue": "3,578,700", "Cost of Revenue": "1,868,000", "Gross Profit": "1,710,700", "Operating Expense": "1,497,500", "Operating Income": "213,200", "Net Non Operating Interest Income Expense": "-543,200", "Other Income Expense": "-504,200", "Pretax Income": "-834,200", "Tax Provision": "-165,100", "Net Income Common Stockholders": "-669,500", "Diluted NI Available to Com Stockholders": "-669,500", "Basic EPS": "-", "Diluted EPS": "-", "Basic Average Shares": "-", "Diluted Average Shares": "-", "Total Operating Income as Reported": "-410,200", "Total Expenses": "3,365,500", "Net Income from Continuing & Discontinued Operation": "-669,500", "Normalized Income": "-168,571", "Interest Income": "900", "Interest Expense": "544,100", "Net Interest Income": "-543,200", "EBIT": "-290,100", "EBITDA": "-", "Reconciled Cost of Revenue": "1,868,000", "Reconciled Depreciation": "366,700", "Net Income from Continuing Operation Net Minority Interest": "-669,500", "Total Unusual Items Excluding Goodwill": "-624,600", "Total Unusual Items": "-624,600", "Normalized EBITDA": "701,200", "Tax Rate for Calcs": "0", "Tax Effect of Unusual Items": "-123,671"}, "12/31/2019": {"Duration": "12/31/2019", "Total Revenue": "5,301,400", "Cost of Revenue": "2,954,500", "Gross Profit": "2,346,900", "Operating Expense": "1,601,900", "Operating Income": "745,000", "Net Non Operating Interest Income Expense": "-534,200", "Other Income Expense": "-124,700", "Pretax Income": "86,100", "Tax Provision": "43,000", "Net Income Common Stockholders": "43,900", "Diluted NI Available to Com Stockholders": "43,900", "Basic EPS": "0.38", "Diluted EPS": "0.37", "Basic Average Shares": "115,700", "Diluted Average Shares": "117,800", "Total Operating Income as Reported": "571,900", "Total Expenses": "4,556,400", "Net Income from Continuing & Discontinued Operation": "43,900", "Normalized Income": "170,263", "Interest Income": "1,400", "Interest Expense": "535,600", "Net Interest Income": "-534,200", "EBIT": "621,700", "EBITDA": "-", "Reconciled Cost of Revenue": "2,954,500", "Reconciled Depreciation": "414,200", "Net Income from Continuing Operation Net Minority Interest": "43,900", "Total Unusual Items Excluding Goodwill": "-173,100", "Total Unusual Items": "-173,100", "Normalized EBITDA": "1,209,000", "Tax Rate for Calcs": "0", "Tax Effect of Unusual Items": "-46,737"}, "12/31/2018": {"Duration": "12/31/2018", "Total Revenue": "3,587,918", "Cost of Revenue": "2,047,964", "Gross Profit": "1,539,954", "Operating Expense": "905,862", "Operating Income": "634,092", "Net Non Operating Interest Income Expense": "-538,412", "Other Income Expense": "-5,759", "Pretax Income": "89,921", "Tax Provision": "-3,593", "Net Income Common Stockholders": "93,519", "Diluted NI Available to Com Stockholders": "93,519", "Basic EPS": "0.96", "Diluted EPS": "0.93", "Basic Average Shares": "97,105", "Diluted Average Shares": "100,338", "Total Operating Income as Reported": "634,092", "Total Expenses": "2,953,826", "Net Income from Continuing & Discontinued Operation": "93,519", "Normalized Income": "108,823", "Interest Income": "1,005", "Interest Expense": "539,417", "Net Interest Income": "-538,412", "EBIT": "629,338", "EBITDA": "-", "Reconciled Cost of Revenue": "2,047,964", "Reconciled Depreciation": "268,990", "Net Income from Continuing Operation Net Minority Interest": "93,519", "Total Unusual Items Excluding Goodwill": "-20,964", "Total Unusual Items": "-20,964", "Normalized EBITDA": "919,292", "Tax Rate for Calcs": "0", "Tax Effect of Unusual Items": "-5,660"}}, "bs": {"12/31/2020": {"Duration": "12/31/2020", "Total Assets": "14,667,300", "Total Liabilities Net Minority Interest": "12,011,500", "Total Equity Gross Minority Interest": "2,655,800", "Total Capitalization": "4,887,400", "Preferred Stock Equity": "23,100", "Common Stock Equity": "2,633,100", "Capital Lease Obligations": "8,844,900", "Net Tangible Assets": "-14,400", "Working Capital": "1,225,000", "Invested Capital": "4,945,700", "Tangible Book Value": "-37,500", "Total Debt": "11,157,500", "Net Debt": "458,800", "Share Issued": "157,868", "Ordinary Shares Number": "155,701", "Preferred Shares Number": "-", "Treasury Shares Number": "2,167"}, "12/31/2019": {"Duration": "12/31/2019", "Total Assets": "14,194,500", "Total Liabilities Net Minority Interest": "12,342,600", "Total Equity Gross Minority Interest": "1,851,900", "Total Capitalization": "4,174,900", "Preferred Stock Equity": "-", "Common Stock Equity": "1,852,700", "Capital Lease Obligations": "8,943,300", "Net Tangible Assets": "-1,444,500", "Working Capital": "-262,800", "Invested Capital": "4,237,800", "Tangible Book Value": "-1,444,500", "Total Debt": "11,328,400", "Net Debt": "1,947,700", "Share Issued": "118,126", "Ordinary Shares Number": "115,958", "Preferred Shares Number": "8.624", "Treasury Shares Number": "2,167"}, "12/31/2018": {"Duration": "12/31/2018", "Total Assets": "10,961,012", "Total Liabilities Net Minority Interest": "10,229,791", "Total Equity Gross Minority Interest": "731,221", "Total Capitalization": "3,081,314", "Preferred Stock Equity": "-", "Common Stock Equity": "731,226", "Capital Lease Obligations": "7,148,415", "Net Tangible Assets": "-2,354,064", "Working Capital": "-60,778", "Invested Capital": "3,143,454", "Tangible Book Value": "-2,354,064", "Total Debt": "9,560,643", "Net Debt": "1,932,630", "Share Issued": "118,855", "Ordinary Shares Number": "116,688", "Preferred Shares Number": "8.624", "Treasury Shares Number": "2,167"}}, "cf": {"TTM": {"Duration": "TTM", "Operating Cash Flow": "552,500", "Investing Cash Flow": "-77,600", "Financing Cash Flow": "861,400", "End Cash Position": "2,083,700", "Income Tax Paid Supplemental Data": "21,800", "Interest Paid Supplemental Data": "358,200", "Capital Expenditure": "-124,700", "Issuance of Capital Stock": "-", "Issuance of Debt": "394,700", "Repayment of Debt": "-870,500", "Repurchase of Capital Stock": "-", "Free Cash Flow": "427,800"}, "12/31/2020": {"Duration": "12/31/2020", "Operating Cash Flow": "338,800", "Investing Cash Flow": "-233,700", "Financing Cash Flow": "1,310,100", "End Cash Position": "1,870,400", "Income Tax Paid Supplemental Data": "-", "Interest Paid Supplemental Data": "355,000", "Capital Expenditure": "-141,800", "Issuance of Capital Stock": "1,288,800", "Issuance of Debt": "862,200", "Repayment of Debt": "-888,500", "Repurchase of Capital Stock": "0", "Free Cash Flow": "197,000"}, "12/31/2019": {"Duration": "12/31/2019", "Operating Cash Flow": "703,900", "Investing Cash Flow": "-607,500", "Financing Cash Flow": "-122,400", "End Cash Position": "455,200", "Income Tax Paid Supplemental Data": "21,800", "Interest Paid Supplemental Data": "528,100", "Capital Expenditure": "-202,300", "Issuance of Capital Stock": "-", "Issuance of Debt": "412,000", "Repayment of Debt": "-503,800", "Repurchase of Capital Stock": "-24,900", "Free Cash Flow": "501,600"}, "12/31/2018": {"Duration": "12/31/2018", "Operating Cash Flow": "352,794", "Investing Cash Flow": "-1,423,104", "Financing Cash Flow": "1,272,130", "End Cash Position": "481,238", "Income Tax Paid Supplemental Data": "24,418", "Interest Paid Supplemental Data": "530,359", "Capital Expenditure": "-174,161", "Issuance of Capital Stock": "-", "Issuance of Debt": "1,759,924", "Repayment of Debt": "-665,860", "Repurchase of Capital Stock": "-50,046", "Free Cash Flow": "178,633"}}}}, {"LQ": {"quote": {"05/11/2021": {"value": "", "Net Assets": "N/A", "Beta (5Y Monthly)": "N/A", "Yield": "N/A", "5y Average Return": "N/A", "Holdings Turnover": "N/A", "Last Dividend": "N/A", "Average for Category": "N/A", "Inception Date": "N/A"}}, "fin": {}, "bs": {}, "cf": {}}}, {"MGM": {"quote": {"05/11/2021": {"value": "38.76", "Market Cap": "19.013B", "Beta (5Y Monthly)": "2.45", "PE Ratio (TTM)": "N/A", "EPS (TTM)": "-4.36", "Earnings Date": "Jul 28, 2021 - Aug 02, 2021", "Forward Dividend & Yield": "0.01 (0.03%)", "Ex-Dividend Date": "Jun 09, 2021", "1y Target Est": "43.97"}}, "fin": {"TTM": {"Duration": "TTM", "Total Revenue": "4,557,012", "Cost of Revenue": "2,942,334", "Gross Profit": "1,614,678", "Operating Expense": "3,671,595", "Operating Income": "-2,056,917", "Net Non Operating Interest Income Expense": "-714,538", "Other Income Expense": "-107,483", "Pretax Income": "-2,878,938", "Tax Provision": "-548,574", "Net Income Common Stockholders": "-2,153,400", "Average Dilution Earnings": "-", "Diluted NI Available to Com Stockholders": "-2,153,400", "Basic EPS": "-", "Diluted EPS": "-", "Basic Average Shares": "-", "Diluted Average Shares": "-", "Total Operating Income as Reported": "-2,139,969", "Total Expenses": "6,613,929", "Net Income from Continuing & Discontinued Operation": "-2,171,422", "Normalized Income": "-2,119,080", "Interest Expense": "714,538", "Net Interest Income": "-714,538", "EBIT": "-2,164,400", "EBITDA": "-981,583", "Reconciled Cost of Revenue": "2,942,334", "Reconciled Depreciation": "1,182,817", "Net Income from Continuing Operation Net Minority Interest": "-2,171,422", "Total Unusual Items Excluding Goodwill": "-64,663", "Total Unusual Items": "-64,663", "Normalized EBITDA": "-916,920", "Tax Rate for Calcs": "0", "Tax Effect of Unusual Items": "-12,321"}, "12/31/2020": {"Duration": "12/31/2020", "Total Revenue": "5,162,082", "Cost of Revenue": "3,452,711", "Gross Profit": "1,709,371", "Operating Expense": "3,793,121", "Operating Income": "-2,083,750", "Net Non Operating Interest Income Expense": "-676,380", "Other Income Expense": "1,248,651", "Pretax Income": "-1,511,479", "Tax Provision": "-191,572", "Net Income Common Stockholders": "-997,204", "Average Dilution Earnings": "0", "Diluted NI Available to Com Stockholders": "-997,204", "Basic EPS": "-2.02", "Diluted EPS": "-2.02", "Basic Average Shares": "494,152", "Diluted Average Shares": "494,152", "Total Operating Income as Reported": "-642,434", "Total Expenses": "7,245,832", "Net Income from Continuing & Discontinued Operation": "-1,032,724", "Normalized Income": "-2,253,508", "Interest Expense": "676,380", "Net Interest Income": "-676,380", "EBIT": "-835,099", "EBITDA": "-", "Reconciled Cost of Revenue": "3,452,711", "Reconciled Depreciation": "1,210,556", "Net Income from Continuing Operation Net Minority Interest": "-1,032,724", "Total Unusual Items Excluding Goodwill": "1,398,378", "Total Unusual Items": "1,398,378", "Normalized EBITDA": "-1,022,921", "Tax Rate for Calcs": "0", "Tax Effect of Unusual Items": "177,594"}, "12/31/2019": {"Duration": "12/31/2019", "Total Revenue": "12,899,672", "Cost of Revenue": "7,603,489", "Gross Profit": "5,296,183", "Operating Expense": "1,199,687", "Operating Income": "4,096,496", "Net Non Operating Interest Income Expense": "-847,932", "Other Income Expense": "-401,839", "Pretax Income": "2,846,725", "Tax Provision": "632,345", "Net Income Common Stockholders": "2,046,433", "Average Dilution Earnings": "-194", "Diluted NI Available to Com Stockholders": "2,046,239", "Basic EPS": "3.90", "Diluted EPS": "3.88", "Basic Average Shares": "524,173", "Diluted Average Shares": "527,645", "Total Operating Income as Reported": "3,940,215", "Total Expenses": "8,803,176", "Net Income from Continuing & Discontinued Operation": "2,049,146", "Normalized Income": "2,263,720", "Interest Expense": "847,932", "Net Interest Income": "-847,932", "EBIT": "3,694,657", "EBITDA": "-", "Reconciled Cost of Revenue": "7,603,489", "Reconciled Depreciation": "1,304,649", "Net Income from Continuing Operation Net Minority Interest": "2,049,146", "Total Unusual Items Excluding Goodwill": "-275,802", "Total Unusual Items": "-275,802", "Normalized EBITDA": "5,275,108", "Tax Rate for Calcs": "0", "Tax Effect of Unusual Items": "-61,228"}, "12/31/2018": {"Duration": "12/31/2018", "Total Revenue": "11,763,096", "Cost of Revenue": "6,918,875", "Gross Profit": "4,844,221", "Operating Expense": "3,513,278", "Operating Income": "1,330,943", "Net Non Operating Interest Income Expense": "-769,513", "Other Income Expense": "72,576", "Pretax Income": "634,006", "Tax Provision": "50,112", "Net Income Common Stockholders": "445,446", "Average Dilution Earnings": "-206", "Diluted NI Available to Com Stockholders": "445,240", "Basic EPS": "0.82", "Diluted EPS": "0.81", "Basic Average Shares": "544,253", "Diluted Average Shares": "549,536", "Total Operating Income as Reported": "1,469,486", "Total Expenses": "10,432,153", "Net Income from Continuing & Discontinued Operation": "466,772", "Normalized Income": "475,196", "Interest Expense": "769,513", "Net Interest Income": "-769,513", "EBIT": "1,403,519", "EBITDA": "-", "Reconciled Cost of Revenue": "6,918,875", "Reconciled Depreciation": "1,178,044", "Net Income from Continuing Operation Net Minority Interest": "466,772", "Total Unusual Items Excluding Goodwill": "-9,147", "Total Unusual Items": "-9,147", "Normalized EBITDA": "2,590,710", "Tax Rate for Calcs": "0", "Tax Effect of Unusual Items": "-722.613"}}, "bs": {"12/31/2020": {"Duration": "12/31/2020", "Total Assets": "36,494,934", "Total Liabilities Net Minority Interest": "25,315,026", "Total Equity Gross Minority Interest": "11,179,908", "Total Capitalization": "18,881,410", "Common Stock Equity": "6,504,726", "Capital Lease Obligations": "8,502,153", "Net Tangible Assets": "769,700", "Working Capital": "4,094,076", "Invested Capital": "18,881,410", "Tangible Book Value": "769,700", "Total Debt": "20,878,837", "Net Debt": "7,275,047", "Share Issued": "494,318", "Ordinary Shares Number": "494,318"}, "12/31/2019": {"Duration": "12/31/2019", "Total Assets": "33,876,356", "Total Liabilities Net Minority Interest": "21,213,437", "Total Equity Gross Minority Interest": "12,662,919", "Total Capitalization": "18,896,169", "Common Stock Equity": "7,727,265", "Capital Lease Obligations": "4,373,418", "Net Tangible Assets": "1,816,197", "Working Capital": "816,270", "Invested Capital": "18,896,169", "Tangible Book Value": "1,816,197", "Total Debt": "15,542,322", "Net Debt": "8,839,300", "Share Issued": "503,148", "Ordinary Shares Number": "503,148"}, "12/31/2018": {"Duration": "12/31/2018", "Total Assets": "30,210,706", "Total Liabilities Net Minority Interest": "19,740,915", "Total Equity Gross Minority Interest": "10,469,791", "Total Capitalization": "21,600,288", "Common Stock Equity": "6,512,283", "Capital Lease Obligations": "-", "Net Tangible Assets": "746,428", "Working Capital": "-422,104", "Invested Capital": "21,643,699", "Tangible Book Value": "746,428", "Total Debt": "15,131,416", "Net Debt": "13,604,654", "Share Issued": "527,480", "Ordinary Shares Number": "527,480"}}, "cf": {"TTM": {"Duration": "TTM", "Operating Cash Flow": "-1,157,716", "Investing Cash Flow": "-358,289", "Financing Cash Flow": "1,672,173", "End Cash Position": "6,172,585", "Income Tax Paid Supplemental Data": "-", "Interest Paid Supplemental Data": "624,347", "Capital Expenditure": "-276,383", "Issuance of Capital Stock": "676,122", "Issuance of Debt": "3,136,243", "Repayment of Debt": "-91", "Repurchase of Capital Stock": "-119,269", "Free Cash Flow": "-1,434,099"}, "12/31/2020": {"Duration": "12/31/2020", "Operating Cash Flow": "-1,493,043", "Investing Cash Flow": "2,159,304", "Financing Cash Flow": "2,103,427", "End Cash Position": "5,101,637", "Income Tax Paid Supplemental Data": "8,543", "Interest Paid Supplemental Data": "639,718", "Capital Expenditure": "-270,579", "Issuance of Capital Stock": "524,704", "Issuance of Debt": "4,854,625", "Repayment of Debt": "-846,815", "Repurchase of Capital Stock": "-353,720", "Free Cash Flow": "-1,763,622"}, "12/31/2019": {"Duration": "12/31/2019", "Operating Cash Flow": "1,810,401", "Investing Cash Flow": "3,519,434", "Financing Cash Flow": "-4,529,594", "End Cash Position": "2,329,604", "Income Tax Paid Supplemental Data": "28,493", "Interest Paid Supplemental Data": "826,970", "Capital Expenditure": "-739,006", "Issuance of Capital Stock": "1,250,006", "Issuance of Debt": "3,250,000", "Repayment of Debt": "-3,764,167", "Repurchase of Capital Stock": "-1,031,534", "Free Cash Flow": "1,071,395"}, "12/31/2018": {"Duration": "12/31/2018", "Operating Cash Flow": "1,722,539", "Investing Cash Flow": "-2,083,021", "Financing Cash Flow": "389,234", "End Cash Position": "1,526,762", "Income Tax Paid Supplemental Data": "-", "Interest Paid Supplemental Data": "723,609", "Capital Expenditure": "-1,486,843", "Issuance of Capital Stock": "0", "Issuance of Debt": "1,000,000", "Repayment of Debt": "-2,265", "Repurchase of Capital Stock": "-1,283,333", "Free Cash Flow": "235,696"}}}}, {"MTN": {"quote": {"05/11/2021": {"value": "317.36", "Market Cap": "12.787B", "Beta (5Y Monthly)": "1.32", "PE Ratio (TTM)": "N/A", "EPS (TTM)": "-0.18", "Earnings Date": "Jun 02, 2021 - Jun 07, 2021", "Forward Dividend & Yield": "N/A (N/A)", "Ex-Dividend Date": "Mar 25, 2020", "1y Target Est": "339.50"}}, "fin": {"TTM": {"Duration": "TTM", "Total Revenue": "1,587,726", "Cost of Revenue": "965,136", "Gross Profit": "622,590", "Operating Expense": "502,694", "Operating Income": "119,896", "Net Non Operating Interest Income Expense": "-131,151", "Other Income Expense": "-18,399", "Pretax Income": "-29,654", "Tax Provision": "-23,629", "Net Income Common Stockholders": "-7,030", "Diluted NI Available to Com Stockholders": "-7,030", "Basic EPS": "-", "Diluted EPS": "-", "Basic Average Shares": "-", "Diluted Average Shares": "-", "Total Operating Income as Reported": "91,941", "Total Expenses": "1,467,830", "Net Income from Continuing & Discontinued Operation": "-7,030", "Normalized Income": "7,307", "Interest Expense": "131,151", "Net Interest Income": "-131,151", "EBIT": "101,497", "EBITDA": "354,703", "Reconciled Cost of Revenue": "965,136", "Reconciled Depreciation": "253,206", "Net Income from Continuing Operation Net Minority Interest": "-7,030", "Total Unusual Items Excluding Goodwill": "-23,895", "Total Unusual Items": "-23,895", "Normalized EBITDA": "378,598", "Tax Rate for Calcs": "0", "Tax Effect of Unusual Items": "-9,558"}, "7/31/2020": {"Duration": "7/31/2020", "Total Revenue": "1,963,704", "Cost of Revenue": "1,187,685", "Gross Profit": "776,019", "Operating Expense": "528,267", "Operating Income": "247,752", "Net Non Operating Interest Income Expense": "-106,721", "Other Income Expense": "-24,598", "Pretax Income": "116,433", "Tax Provision": "7,378", "Net Income Common Stockholders": "98,833", "Diluted NI Available to Com Stockholders": "98,833", "Basic EPS": "2.45", "Diluted EPS": "2.42", "Basic Average Shares": "40,273", "Diluted Average Shares": "40,838", "Total Operating Income as Reported": "223,389", "Total Expenses": "1,715,952", "Net Income from Continuing & Discontinued Operation": "98,833", "Normalized Income": "123,465", "Interest Expense": "106,721", "Net Interest Income": "-106,721", "EBIT": "223,154", "EBITDA": "-", "Reconciled Cost of Revenue": "1,187,685", "Reconciled Depreciation": "249,572", "Net Income from Continuing Operation Net Minority Interest": "98,833", "Total Unusual Items Excluding Goodwill": "-26,288", "Total Unusual Items": "-26,288", "Normalized EBITDA": "499,014", "Tax Rate for Calcs": "0", "Tax Effect of Unusual Items": "-1,656"}, "7/31/2019": {"Duration": "7/31/2019", "Total Revenue": "2,271,575", "Cost of Revenue": "1,297,323", "Gross Profit": "974,252", "Operating Expense": "492,532", "Operating Income": "481,720", "Net Non Operating Interest Income Expense": "-79,496", "Other Income Expense": "-3,259", "Pretax Income": "398,965", "Tax Provision": "75,472", "Net Income Common Stockholders": "301,163", "Diluted NI Available to Com Stockholders": "301,163", "Basic EPS": "7.46", "Diluted EPS": "7.32", "Basic Average Shares": "40,349", "Diluted Average Shares": "41,158", "Total Operating Income as Reported": "476,269", "Total Expenses": "1,789,855", "Net Income from Continuing & Discontinued Operation": "301,163", "Normalized Income": "305,396", "Interest Expense": "79,496", "Net Interest Income": "-79,496", "EBIT": "478,461", "EBITDA": "-", "Reconciled Cost of Revenue": "1,297,323", "Reconciled Depreciation": "218,117", "Net Income from Continuing Operation Net Minority Interest": "301,163", "Total Unusual Items Excluding Goodwill": "-5,219", "Total Unusual Items": "-5,219", "Normalized EBITDA": "701,797", "Tax Rate for Calcs": "0", "Tax Effect of Unusual Items": "-986.391"}, "7/31/2018": {"Duration": "7/31/2018", "Total Revenue": "2,011,553", "Cost of Revenue": "1,144,217", "Gross Profit": "867,336", "Operating Expense": "456,268", "Operating Income": "411,068", "Net Non Operating Interest Income Expense": "-63,226", "Other Income Expense": "-7,750", "Pretax Income": "340,092", "Tax Provision": "-61,138", "Net Income Common Stockholders": "379,898", "Diluted NI Available to Com Stockholders": "379,898", "Basic EPS": "9.40", "Diluted EPS": "9.13", "Basic Average Shares": "40,397", "Diluted Average Shares": "41,618", "Total Operating Income as Reported": "408,817", "Total Expenses": "1,600,485", "Net Income from Continuing & Discontinued Operation": "379,898", "Normalized Income": "386,667", "Interest Expense": "63,226", "Net Interest Income": "-63,226", "EBIT": "403,318", "EBITDA": "-", "Reconciled Cost of Revenue": "1,144,217", "Reconciled Depreciation": "204,462", "Net Income from Continuing Operation Net Minority Interest": "379,898", "Total Unusual Items Excluding Goodwill": "-9,273", "Total Unusual Items": "-9,273", "Normalized EBITDA": "617,053", "Tax Rate for Calcs": "0", "Tax Effect of Unusual Items": "-2,504"}}, "bs": {"7/31/2020": {"Duration": "7/31/2020", "Total Assets": "5,244,232", "Total Liabilities Net Minority Interest": "3,712,565", "Total Equity Gross Minority Interest": "1,531,667", "Total Capitalization": "3,703,864", "Common Stock Equity": "1,316,742", "Capital Lease Obligations": "255,797", "Net Tangible Assets": "-707,054", "Working Capital": "61,623", "Invested Capital": "3,767,541", "Tangible Book Value": "-707,054", "Total Debt": "2,706,596", "Net Debt": "2,059,819", "Share Issued": "46,386", "Ordinary Shares Number": "40,225", "Treasury Shares Number": "6,161"}, "7/31/2019": {"Duration": "7/31/2019", "Total Assets": "4,426,077", "Total Liabilities Net Minority Interest": "2,699,237", "Total Equity Gross Minority Interest": "1,726,840", "Total Capitalization": "3,028,371", "Common Stock Equity": "1,500,627", "Capital Lease Obligations": "19,017", "Net Tangible Assets": "-413,752", "Working Capital": "-191,193", "Invested Capital": "3,076,887", "Tangible Book Value": "-413,752", "Total Debt": "1,595,277", "Net Debt": "1,467,410", "Share Issued": "46,246", "Ordinary Shares Number": "40,341", "Treasury Shares Number": "5,905"}, "7/31/2018": {"Duration": "7/31/2018", "Total Assets": "4,064,984", "Total Liabilities Net Minority Interest": "2,253,321", "Total Equity Gross Minority Interest": "1,811,663", "Total Capitalization": "2,823,711", "Common Stock Equity": "1,589,434", "Capital Lease Obligations": "21,839", "Net Tangible Assets": "-166,824", "Working Capital": "-54,884", "Invested Capital": "2,862,166", "Tangible Book Value": "-166,824", "Total Debt": "1,294,571", "Net Debt": "1,094,587", "Share Issued": "46,079", "Ordinary Shares Number": "40,527", "Treasury Shares Number": "5,552"}}, "cf": {"TTM": {"Duration": "TTM", "Operating Cash Flow": "316,330", "Investing Cash Flow": "-112,723", "Financing Cash Flow": "959,356", "End Cash Position": "1,303,411", "Income Tax Paid Supplemental Data": "4,134", "Interest Paid Supplemental Data": "88,398", "Capital Expenditure": "-117,884", "Issuance of Debt": "1,805,778", "Repayment of Debt": "-695,049", "Repurchase of Capital Stock": "-24,978", "Free Cash Flow": "198,446"}, "7/31/2020": {"Duration": "7/31/2020", "Operating Cash Flow": "394,950", "Investing Cash Flow": "-492,739", "Financing Cash Flow": "376,233", "End Cash Position": "402,086", "Income Tax Paid Supplemental Data": "4,134", "Interest Paid Supplemental Data": "88,398", "Capital Expenditure": "-172,334", "Issuance of Debt": "1,702,259", "Repayment of Debt": "-1,015,907", "Repurchase of Capital Stock": "-46,422", "Free Cash Flow": "222,616"}, "7/31/2019": {"Duration": "7/31/2019", "Operating Cash Flow": "634,231", "Investing Cash Flow": "-596,034", "Financing Cash Flow": "-99,558", "End Cash Position": "118,389", "Income Tax Paid Supplemental Data": "27,212", "Interest Paid Supplemental Data": "70,888", "Capital Expenditure": "-192,035", "Issuance of Debt": "570,143", "Repayment of Debt": "-280,685", "Repurchase of Capital Stock": "-85,000", "Free Cash Flow": "442,196"}, "7/31/2018": {"Duration": "7/31/2018", "Operating Cash Flow": "551,625", "Investing Cash Flow": "-134,579", "Financing Cash Flow": "-350,715", "End Cash Position": "178,145", "Income Tax Paid Supplemental Data": "16,945", "Interest Paid Supplemental Data": "53,842", "Capital Expenditure": "-140,611", "Issuance of Debt": "271,513", "Repayment of Debt": "-274,441", "Repurchase of Capital Stock": "-25,800", "Free Cash Flow": "411,014"}}}}, {"WYNN": {"quote": {"05/11/2021": {"value": "125.00", "Market Cap": "14.455B", "Beta (5Y Monthly)": "2.46", "PE Ratio (TTM)": "N/A", "EPS (TTM)": "-19.37", "Earnings Date": "Aug 02, 2021 - Aug 06, 2021", "Forward Dividend & Yield": "N/A (N/A)", "Ex-Dividend Date": "Feb 25, 2020", "1y Target Est": "122.31"}}, "fin": {"TTM": {"Duration": "TTM", "Total Revenue": "2,095,861", "Cost of Revenue": "1,743,219", "Gross Profit": "352,642", "Operating Expense": "1,517,232", "Operating Income": "-1,164,590", "Net Non Operating Interest Income Expense": "-541,090", "Other Income Expense": "-56,595", "Pretax Income": "-1,762,275", "Tax Provision": "564,671", "Net Income Common Stockholders": "-2,067,245", "Diluted NI Available to Com Stockholders": "-2,067,245", "Basic EPS": "-", "Diluted EPS": "-", "Basic Average Shares": "-", "Diluted Average Shares": "-", "Total Operating Income as Reported": "-1,232,045", "Total Expenses": "3,260,451", "Net Income from Continuing & Discontinued Operation": "-2,067,245", "Normalized Income": "-2,005,110", "Interest Income": "15,384", "Interest Expense": "556,474", "Net Interest Income": "-541,090", "EBIT": "-1,205,801", "EBITDA": "-480,299", "Reconciled Cost of Revenue": "1,743,219", "Reconciled Depreciation": "725,502", "Net Income from Continuing Operation Net Minority Interest": "-2,067,245", "Total Unusual Items Excluding Goodwill": "-85,116", "Total Unusual Items": "-85,116", "Normalized EBITDA": "-395,183", "Tax Rate for Calcs": "0", "Tax Effect of Unusual Items": "-22,981"}, "12/31/2020": {"Duration": "12/31/2020", "Total Revenue": "2,095,861", "Cost of Revenue": "1,743,219", "Gross Profit": "352,642", "Operating Expense": "1,517,232", "Operating Income": "-1,164,590", "Net Non Operating Interest Income Expense": "-541,090", "Other Income Expense": "-56,595", "Pretax Income": "-1,762,275", "Tax Provision": "564,671", "Net Income Common Stockholders": "-2,067,245", "Diluted NI Available to Com Stockholders": "-2,067,245", "Basic EPS": "-", "Diluted EPS": "-", "Basic Average Shares": "-", "Diluted Average Shares": "-", "Total Operating Income as Reported": "-1,232,045", "Total Expenses": "3,260,451", "Net Income from Continuing & Discontinued Operation": "-2,067,245", "Normalized Income": "-2,005,110", "Interest Income": "15,384", "Interest Expense": "556,474", "Net Interest Income": "-541,090", "EBIT": "-1,205,801", "EBITDA": "-", "Reconciled Cost of Revenue": "1,743,219", "Reconciled Depreciation": "725,502", "Net Income from Continuing Operation Net Minority Interest": "-2,067,245", "Total Unusual Items Excluding Goodwill": "-85,116", "Total Unusual Items": "-85,116", "Normalized EBITDA": "-395,183", "Tax Rate for Calcs": "0", "Tax Effect of Unusual Items": "-22,981"}, "12/31/2019": {"Duration": "12/31/2019", "Total Revenue": "6,611,099", "Cost of Revenue": "4,067,053", "Gross Profit": "2,544,046", "Operating Expense": "1,645,455", "Operating Income": "898,591", "Net Non Operating Interest Income Expense": "-389,581", "Other Income Expense": "-20,792", "Pretax Income": "488,218", "Tax Provision": "176,840", "Net Income Common Stockholders": "122,985", "Diluted NI Available to Com Stockholders": "122,985", "Basic EPS": "1.15", "Diluted EPS": "1.15", "Basic Average Shares": "106,745", "Diluted Average Shares": "106,985", "Total Operating Income as Reported": "878,305", "Total Expenses": "5,712,508", "Net Income from Continuing & Discontinued Operation": "122,985", "Normalized Income": "145,922", "Interest Income": "24,449", "Interest Expense": "414,030", "Net Interest Income": "-389,581", "EBIT": "902,248", "EBITDA": "-", "Reconciled Cost of Revenue": "4,067,053", "Reconciled Depreciation": "624,878", "Net Income from Continuing Operation Net Minority Interest": "122,985", "Total Unusual Items Excluding Goodwill": "-35,951", "Total Unusual Items": "-35,951", "Normalized EBITDA": "1,563,077", "Tax Rate for Calcs": "0", "Tax Effect of Unusual Items": "-13,014"}, "12/31/2018": {"Duration": "12/31/2018", "Total Revenue": "6,717,660", "Cost of Revenue": "4,086,275", "Gross Profit": "2,631,385", "Operating Expense": "1,372,028", "Operating Income": "1,259,357", "Net Non Operating Interest Income Expense": "-351,983", "Other Income Expense": "-601,634", "Pretax Income": "305,740", "Tax Provision": "-497,344", "Net Income Common Stockholders": "572,430", "Diluted NI Available to Com Stockholders": "572,430", "Basic EPS": "5.48", "Diluted EPS": "5.46", "Basic Average Shares": "106,529", "Diluted Average Shares": "107,032", "Total Operating Income as Reported": "735,544", "Total Expenses": "5,458,303", "Net Income from Continuing & Discontinued Operation": "572,430", "Normalized Income": "958,037", "Interest Income": "29,866", "Interest Expense": "381,849", "Net Interest Income": "-351,983", "EBIT": "687,589", "EBITDA": "-", "Reconciled Cost of Revenue": "4,086,275", "Reconciled Depreciation": "550,596", "Net Income from Continuing Operation Net Minority Interest": "572,430", "Total Unusual Items Excluding Goodwill": "-528,229", "Total Unusual Items": "-528,229", "Normalized EBITDA": "1,766,414", "Tax Rate for Calcs": "0", "Tax Effect of Unusual Items": "-142,622"}}, "bs": {"12/31/2020": {"Duration": "12/31/2020", "Total Assets": "13,869,547", "Total Liabilities Net Minority Interest": "14,606,864", "Total Equity Gross Minority Interest": "-737,317", "Total Capitalization": "12,117,365", "Common Stock Equity": "-351,997", "Capital Lease Obligations": "123,124", "Net Tangible Assets": "-630,192", "Working Capital": "1,932,259", "Invested Capital": "12,713,773", "Tangible Book Value": "-630,192", "Total Debt": "13,188,894", "Net Debt": "9,583,738", "Share Issued": "123,483", "Ordinary Shares Number": "107,888", "Treasury Shares Number": "15,595"}, "12/31/2019": {"Duration": "12/31/2019", "Total Assets": "13,871,281", "Total Liabilities Net Minority Interest": "12,329,809", "Total Equity Gross Minority Interest": "1,541,472", "Total Capitalization": "11,823,028", "Common Stock Equity": "1,743,045", "Capital Lease Obligations": "159,182", "Net Tangible Assets": "1,596,631", "Working Capital": "873,453", "Invested Capital": "12,146,904", "Tangible Book Value": "1,596,631", "Total Debt": "10,563,041", "Net Debt": "8,051,955", "Share Issued": "122,838", "Ordinary Shares Number": "107,364", "Treasury Shares Number": "15,474"}, "12/31/2018": {"Duration": "12/31/2018", "Total Assets": "13,216,269", "Total Liabilities Net Minority Interest": "11,401,480", "Total Equity Gross Minority Interest": "1,814,789", "Total Capitalization": "11,445,263", "Common Stock Equity": "2,034,123", "Capital Lease Obligations": "-", "Net Tangible Assets": "1,811,617", "Working Capital": "759,313", "Invested Capital": "11,457,223", "Tangible Book Value": "1,811,617", "Total Debt": "9,423,100", "Net Debt": "7,208,099", "Share Issued": "122,116", "Ordinary Shares Number": "107,232", "Treasury Shares Number": "14,884"}}, "cf": {"TTM": {"Duration": "TTM", "Operating Cash Flow": "-1,072,425", "Investing Cash Flow": "-265,759", "Financing Cash Flow": "2,463,245", "End Cash Position": "3,486,384", "Income Tax Paid Supplemental Data": "1,433", "Interest Paid Supplemental Data": "463,458", "Capital Expenditure": "-290,115", "Issuance of Capital Stock": "-", "Issuance of Debt": "4,691,953", "Repayment of Debt": "-2,041,270", "Repurchase of Capital Stock": "-11,533", "Free Cash Flow": "-1,362,540"}, "12/31/2020": {"Duration": "12/31/2020", "Operating Cash Flow": "-1,072,425", "Investing Cash Flow": "-265,759", "Financing Cash Flow": "2,463,245", "End Cash Position": "3,486,384", "Income Tax Paid Supplemental Data": "1,433", "Interest Paid Supplemental Data": "463,458", "Capital Expenditure": "-290,115", "Issuance of Capital Stock": "-", "Issuance of Debt": "4,691,953", "Repayment of Debt": "-2,041,270", "Repurchase of Capital Stock": "-11,533", "Free Cash Flow": "-1,362,540"}, "12/31/2019": {"Duration": "12/31/2019", "Operating Cash Flow": "901,070", "Investing Cash Flow": "-1,068,598", "Financing Cash Flow": "299,012", "End Cash Position": "2,358,292", "Income Tax Paid Supplemental Data": "-", "Interest Paid Supplemental Data": "373,052", "Capital Expenditure": "-1,069,293", "Issuance of Capital Stock": "-", "Issuance of Debt": "3,893,778", "Repayment of Debt": "-2,930,088", "Repurchase of Capital Stock": "-66,986", "Free Cash Flow": "-168,223"}, "12/31/2018": {"Duration": "12/31/2018", "Operating Cash Flow": "961,489", "Investing Cash Flow": "-1,222,810", "Financing Cash Flow": "-324,257", "End Cash Position": "2,219,323", "Income Tax Paid Supplemental Data": "1,885", "Interest Paid Supplemental Data": "378,023", "Capital Expenditure": "-1,602,386", "Issuance of Capital Stock": "915,240", "Issuance of Debt": "2,788,925", "Repayment of Debt": "-3,032,267", "Repurchase of Capital Stock": "-159,544", "Free Cash Flow": "-640,897"}}}}, {"TBTC": {"quote": {"05/11/2021": {"value": "2.4200", "Market Cap": "10.906M", "Beta (5Y Monthly)": "-0.00", "PE Ratio (TTM)": "35.59", "EPS (TTM)": "0.0680", "Earnings Date": "Mar 31, 2021", "Forward Dividend & Yield": "N/A (N/A)", "Ex-Dividend Date": "Apr 02, 2008", "1y Target Est": "N/A"}}, "fin": {"TTM": {"Duration": "TTM", "Total Revenue": "4,401", "Cost of Revenue": "1,074", "Gross Profit": "3,328", "Operating Expense": "3,671", "Operating Income": "-342.994", "Net Non Operating Interest Income Expense": "79.487", "Other Income Expense": "473.4", "Pretax Income": "209.893", "Tax Provision": "-97", "Net Income Common Stockholders": "306.893", "Diluted NI Available to Com Stockholders": "306.893", "Basic EPS": "-", "Diluted EPS": "-", "Basic Average Shares": "-", "Diluted Average Shares": "-", "Total Operating Income as Reported": "-342.994", "Total Expenses": "4,744", "Net Income from Continuing & Discontinued Operation": "306.893", "Normalized Income": "306.893", "Interest Income": "79.487", "Net Interest Income": "79.487", "EBIT": "-342.994", "EBITDA": "-299.688", "Reconciled Cost of Revenue": "1,074", "Reconciled Depreciation": "43.306", "Net Income from Continuing Operation Net Minority Interest": "306.893", "Total Unusual Items Excluding Goodwill": "-", "Total Unusual Items": "-", "Normalized EBITDA": "-299.688", "Tax Rate for Calcs": "0", "Tax Effect of Unusual Items": "0"}, "12/31/2020": {"Duration": "12/31/2020", "Total Revenue": "4,401", "Cost of Revenue": "1,074", "Gross Profit": "3,328", "Operating Expense": "3,671", "Operating Income": "-342.994", "Net Non Operating Interest Income Expense": "79.487", "Other Income Expense": "473.4", "Pretax Income": "209.893", "Tax Provision": "-97", "Net Income Common Stockholders": "306.893", "Diluted NI Available to Com Stockholders": "306.893", "Basic EPS": "-", "Diluted EPS": "-", "Basic Average Shares": "-", "Diluted Average Shares": "-", "Total Operating Income as Reported": "-342.994", "Total Expenses": "4,744", "Net Income from Continuing & Discontinued Operation": "306.893", "Normalized Income": "306.893", "Interest Income": "79.487", "Net Interest Income": "79.487", "EBIT": "-342.994", "EBITDA": "-", "Reconciled Cost of Revenue": "1,074", "Reconciled Depreciation": "43.306", "Net Income from Continuing Operation Net Minority Interest": "306.893", "Total Unusual Items Excluding Goodwill": "-", "Total Unusual Items": "-", "Normalized EBITDA": "-299.688", "Tax Rate for Calcs": "0", "Tax Effect of Unusual Items": "0"}, "12/31/2019": {"Duration": "12/31/2019", "Total Revenue": "7,505", "Cost of Revenue": "1,715", "Gross Profit": "5,790", "Operating Expense": "4,854", "Operating Income": "936.55", "Net Non Operating Interest Income Expense": "56.448", "Other Income Expense": "-", "Pretax Income": "992.998", "Tax Provision": "177", "Net Income Common Stockholders": "815.998", "Diluted NI Available to Com Stockholders": "815.998", "Basic EPS": "0.18", "Diluted EPS": "0.18", "Basic Average Shares": "4,491", "Diluted Average Shares": "4,500", "Total Operating Income as Reported": "936.55", "Total Expenses": "6,569", "Net Income from Continuing & Discontinued Operation": "815.998", "Normalized Income": "815.998", "Interest Income": "56.448", "Net Interest Income": "56.448", "EBIT": "936.55", "EBITDA": "-", "Reconciled Cost of Revenue": "1,715", "Reconciled Depreciation": "47.952", "Net Income from Continuing Operation Net Minority Interest": "815.998", "Total Unusual Items Excluding Goodwill": "-", "Total Unusual Items": "-", "Normalized EBITDA": "984.502", "Tax Rate for Calcs": "0", "Tax Effect of Unusual Items": "0"}, "12/31/2018": {"Duration": "12/31/2018", "Total Revenue": "7,819", "Cost of Revenue": "2,500", "Gross Profit": "5,318", "Operating Expense": "4,611", "Operating Income": "707.193", "Net Non Operating Interest Income Expense": "70.447", "Other Income Expense": "-9.675", "Pretax Income": "767.965", "Tax Provision": "253", "Net Income Common Stockholders": "514.965", "Diluted NI Available to Com Stockholders": "514.965", "Basic EPS": "0.12", "Diluted EPS": "0.11", "Basic Average Shares": "4,474", "Diluted Average Shares": "4,491", "Total Operating Income as Reported": "707.193", "Total Expenses": "7,112", "Net Income from Continuing & Discontinued Operation": "514.965", "Normalized Income": "521.4526", "Interest Income": "70.447", "Net Interest Income": "70.447", "EBIT": "707.193", "EBITDA": "-", "Reconciled Cost of Revenue": "2,500", "Reconciled Depreciation": "45.845", "Net Income from Continuing Operation Net Minority Interest": "514.965", "Total Unusual Items Excluding Goodwill": "-9.675", "Total Unusual Items": "-9.675", "Normalized EBITDA": "762.713", "Tax Rate for Calcs": "0", "Tax Effect of Unusual Items": "-3.1874"}}, "bs": {"12/31/2020": {"Duration": "12/31/2020", "Total Assets": "5,304", "Total Liabilities Net Minority Interest": "610.393", "Total Equity Gross Minority Interest": "4,693", "Total Capitalization": "4,693", "Common Stock Equity": "4,693", "Capital Lease Obligations": "49.681", "Net Tangible Assets": "4,693", "Working Capital": "4,842", "Invested Capital": "4,693", "Tangible Book Value": "4,693", "Total Debt": "49.681", "Share Issued": "4,657", "Ordinary Shares Number": "4,507", "Treasury Shares Number": "149.946"}, "12/31/2019": {"Duration": "12/31/2019", "Total Assets": "9,056", "Total Liabilities Net Minority Interest": "4,439", "Total Equity Gross Minority Interest": "4,617", "Total Capitalization": "4,617", "Common Stock Equity": "4,617", "Capital Lease Obligations": "81.405", "Net Tangible Assets": "4,617", "Working Capital": "4,893", "Invested Capital": "4,617", "Tangible Book Value": "4,617", "Total Debt": "81.405", "Share Issued": "4,657", "Ordinary Shares Number": "4,507", "Treasury Shares Number": "149.946"}, "12/31/2018": {"Duration": "12/31/2018", "Total Assets": "6,857", "Total Liabilities Net Minority Interest": "3,058", "Total Equity Gross Minority Interest": "3,799", "Total Capitalization": "3,799", "Common Stock Equity": "3,799", "Capital Lease Obligations": "-", "Net Tangible Assets": "3,799", "Working Capital": "4,399", "Invested Capital": "3,801", "Tangible Book Value": "3,799", "Total Debt": "2.221", "Share Issued": "4,657", "Ordinary Shares Number": "4,529", "Treasury Shares Number": "128.065"}}, "cf": {"TTM": {"Duration": "TTM", "Operating Cash Flow": "-5.293", "Investing Cash Flow": "0", "Financing Cash Flow": "473.4", "End Cash Position": "1,732", "Capital Expenditure": "-", "Issuance of Debt": "473.4", "Repayment of Debt": "0", "Repurchase of Capital Stock": "0", "Free Cash Flow": "-5.293"}, "12/31/2020": {"Duration": "12/31/2020", "Operating Cash Flow": "-5.293", "Investing Cash Flow": "0", "Financing Cash Flow": "473.4", "End Cash Position": "1,732", "Capital Expenditure": "-", "Issuance of Debt": "473.4", "Repayment of Debt": "0", "Repurchase of Capital Stock": "0", "Free Cash Flow": "-5.293"}, "12/31/2019": {"Duration": "12/31/2019", "Operating Cash Flow": "55.131", "Investing Cash Flow": "-28.445", "Financing Cash Flow": "-53.721", "End Cash Position": "1,264", "Capital Expenditure": "-35.445", "Issuance of Debt": "-", "Repayment of Debt": "-2.221", "Repurchase of Capital Stock": "-51.5", "Free Cash Flow": "19.686"}, "12/31/2018": {"Duration": "12/31/2018", "Operating Cash Flow": "138.788", "Investing Cash Flow": "-50.715", "Financing Cash Flow": "-120.019", "End Cash Position": "1,291", "Capital Expenditure": "-50.715", "Issuance of Debt": "-", "Repayment of Debt": "-7.779", "Repurchase of Capital Stock": "-112.24", "Free Cash Flow": "88.073"}}}}, {"NYNY": {"fin": {}, "bs": {}, "cf": {}}}, {"ERI": {"fin": {}, "bs": {}, "cf": {}}}, {"UWN": {"fin": {}, "bs": {}, "cf": {}}}]