[{"ARCO": {"quote": {"05/11/2021": {"value": "6.52", "Market Cap": "1.351B", "Beta (5Y Monthly)": "1.41", "PE Ratio (TTM)": "N/A", "EPS (TTM)": "-0.73", "Earnings Date": "May 12, 2021", "Forward Dividend & Yield": "0.16 (3.70%)", "Ex-Dividend Date": "Dec 04, 2020", "1y Target Est": "6.73"}}, "fin": {"TTM": {"Duration": "TTM", "Total Revenue": "1,984,219", "Cost of Revenue": "1,868,784", "Gross Profit": "115,435", "Operating Expense": "182,189", "Operating Income": "-66,754", "Net Non Operating Interest Income Expense": "-59,068", "Other Income Expense": "-6,032", "Pretax Income": "-131,854", "Tax Provision": "17,532", "Net Income Common Stockholders": "-149,451", "Diluted NI Available to Com Stockholders": "-149,451", "Basic EPS": "-", "Diluted EPS": "-", "Basic Average Shares": "-", "Diluted Average Shares": "-", "Total Operating Income as Reported": "-66,754", "Rent Expense Supplemental": "667,666", "Total Expenses": "2,050,973", "Net Income from Continuing & Discontinued Operation": "-149,451", "Normalized Income": "-143,955", "Interest Expense": "59,068", "Net Interest Income": "-59,068", "EBIT": "-72,786", "EBITDA": "-72,786", "Reconciled Cost of Revenue": "1,868,784", "Reconciled Depreciation": "-", "Net Income from Continuing Operation Net Minority Interest": "-149,451", "Total Unusual Items Excluding Goodwill": "-8,328", "Total Unusual Items": "-8,328", "Normalized EBITDA": "-64,458", "Tax Rate for Calcs": "0", "Tax Effect of Unusual Items": "-2,832"}, "12/31/2020": {"Duration": "12/31/2020", "Total Revenue": "1,984,219", "Cost of Revenue": "1,868,784", "Gross Profit": "115,435", "Operating Expense": "182,189", "Operating Income": "-66,754", "Net Non Operating Interest Income Expense": "-59,068", "Other Income Expense": "-6,032", "Pretax Income": "-131,854", "Tax Provision": "17,532", "Net Income Common Stockholders": "-149,451", "Diluted NI Available to Com Stockholders": "-149,451", "Basic EPS": "-", "Diluted EPS": "-", "Basic Average Shares": "-", "Diluted Average Shares": "-", "Total Operating Income as Reported": "-66,754", "Rent Expense Supplemental": "667,666", "Total Expenses": "2,050,973", "Net Income from Continuing & Discontinued Operation": "-149,451", "Normalized Income": "-143,955", "Interest Expense": "59,068", "Net Interest Income": "-59,068", "EBIT": "-72,786", "EBITDA": "-", "Reconciled Cost of Revenue": "1,868,784", "Reconciled Depreciation": "-", "Net Income from Continuing Operation Net Minority Interest": "-149,451", "Total Unusual Items Excluding Goodwill": "-8,328", "Total Unusual Items": "-8,328", "Normalized EBITDA": "-64,458", "Tax Rate for Calcs": "0", "Tax Effect of Unusual Items": "-2,832"}, "12/31/2019": {"Duration": "12/31/2019", "Total Revenue": "2,959,077", "Cost of Revenue": "2,591,536", "Gross Profit": "367,541", "Operating Expense": "207,605", "Operating Income": "159,936", "Net Non Operating Interest Income Expense": "-52,079", "Other Income Expense": "11,096", "Pretax Income": "118,953", "Tax Provision": "38,837", "Net Income Common Stockholders": "79,896", "Diluted NI Available to Com Stockholders": "79,896", "Basic EPS": "0.38", "Diluted EPS": "0.38", "Basic Average Shares": "206,724", "Diluted Average Shares": "207,397", "Total Operating Income as Reported": "159,936", "Rent Expense Supplemental": "860,911", "Total Expenses": "2,799,141", "Net Income from Continuing & Discontinued Operation": "79,896", "Normalized Income": "71,004", "Interest Expense": "52,079", "Net Interest Income": "-52,079", "EBIT": "171,032", "EBITDA": "-", "Reconciled Cost of Revenue": "2,591,536", "Reconciled Depreciation": "123,218", "Net Income from Continuing Operation Net Minority Interest": "79,896", "Total Unusual Items Excluding Goodwill": "13,193", "Total Unusual Items": "13,193", "Normalized EBITDA": "281,057", "Tax Rate for Calcs": "0", "Tax Effect of Unusual Items": "4,301"}, "12/31/2018": {"Duration": "12/31/2018", "Total Revenue": "3,081,571", "Cost of Revenue": "2,667,644", "Gross Profit": "413,927", "Operating Expense": "290,469", "Operating Income": "123,458", "Net Non Operating Interest Income Expense": "-52,868", "Other Income Expense": "14,579", "Pretax Income": "85,169", "Tax Provision": "48,136", "Net Income Common Stockholders": "36,847", "Diluted NI Available to Com Stockholders": "36,847", "Basic EPS": "0.18", "Diluted EPS": "0.18", "Basic Average Shares": "211,925", "Diluted Average Shares": "212,922", "Total Operating Income as Reported": "123,458", "Rent Expense Supplemental": "871,466", "Total Expenses": "2,958,113", "Net Income from Continuing & Discontinued Operation": "36,847", "Normalized Income": "27,403", "Interest Expense": "52,868", "Net Interest Income": "-52,868", "EBIT": "138,037", "EBITDA": "-", "Reconciled Cost of Revenue": "2,667,644", "Reconciled Depreciation": "105,800", "Net Income from Continuing Operation Net Minority Interest": "36,847", "Total Unusual Items Excluding Goodwill": "14,309", "Total Unusual Items": "14,309", "Normalized EBITDA": "229,528", "Tax Rate for Calcs": "0", "Tax Effect of Unusual Items": "4,865"}}, "bs": {"12/31/2020": {"Duration": "12/31/2020", "Total Assets": "2,293,954", "Total Liabilities Net Minority Interest": "2,095,938", "Total Equity Gross Minority Interest": "198,016", "Total Capitalization": "985,525", "Common Stock Equity": "197,546", "Capital Lease Obligations": "809,441", "Net Tangible Assets": "160,500", "Working Capital": "-87,940", "Invested Capital": "993,381", "Tangible Book Value": "160,500", "Total Debt": "1,605,276", "Net Debt": "629,846", "Share Issued": "207,266", "Ordinary Shares Number": "207,266", "Treasury Shares Number": "-"}, "12/31/2019": {"Duration": "12/31/2019", "Total Assets": "2,557,685", "Total Liabilities Net Minority Interest": "2,136,119", "Total Equity Gross Minority Interest": "421,566", "Total Capitalization": "1,044,713", "Common Stock Equity": "421,138", "Capital Lease Obligations": "931,729", "Net Tangible Assets": "378,094", "Working Capital": "-190,079", "Invested Capital": "1,061,242", "Tangible Book Value": "378,094", "Total Debt": "1,571,833", "Net Debt": "518,224", "Share Issued": "214,891", "Ordinary Shares Number": "206,791", "Treasury Shares Number": "8,100"}, "12/31/2018": {"Duration": "12/31/2018", "Total Assets": "1,578,039", "Total Liabilities Net Minority Interest": "1,185,280", "Total Equity Gross Minority Interest": "392,759", "Total Capitalization": "1,018,807", "Common Stock Equity": "392,383", "Capital Lease Obligations": "-", "Net Tangible Assets": "351,362", "Working Capital": "-28,750", "Invested Capital": "1,022,999", "Tangible Book Value": "351,362", "Total Debt": "630,616", "Net Debt": "433,334", "Share Issued": "214,414", "Ordinary Shares Number": "207,969", "Treasury Shares Number": "6,446"}}, "cf": {"TTM": {"Duration": "TTM", "Operating Cash Flow": "-", "Investing Cash Flow": "-", "Financing Cash Flow": "-", "End Cash Position": "-", "Income Tax Paid Supplemental Data": "-", "Interest Paid Supplemental Data": "-", "Capital Expenditure": "-", "Issuance of Debt": "-", "Repayment of Debt": "-", "Repurchase of Capital Stock": "-", "Free Cash Flow": "-"}, "12/31/2019": {"Duration": "12/31/2019", "Operating Cash Flow": "223,481", "Investing Cash Flow": "-260,991", "Financing Cash Flow": "-29,632", "End Cash Position": "121,880", "Income Tax Paid Supplemental Data": "34,092", "Interest Paid Supplemental Data": "52,458", "Capital Expenditure": "-265,235", "Issuance of Debt": "0", "Repayment of Debt": "0", "Repurchase of Capital Stock": "-13,965", "Free Cash Flow": "-41,754"}, "12/31/2018": {"Duration": "12/31/2018", "Operating Cash Flow": "179,731", "Investing Cash Flow": "-163,784", "Financing Cash Flow": "-73,442", "End Cash Position": "197,282", "Income Tax Paid Supplemental Data": "32,188", "Interest Paid Supplemental Data": "55,400", "Capital Expenditure": "-197,041", "Issuance of Debt": "0", "Repayment of Debt": "0", "Repurchase of Capital Stock": "-46,035", "Free Cash Flow": "-17,310"}}}}, {"ARKR": {"quote": {"05/11/2021": {"value": "18.62", "Market Cap": "65.578M", "Beta (5Y Monthly)": "1.44", "PE Ratio (TTM)": "N/A", "EPS (TTM)": "-2.00", "Earnings Date": "Feb 16, 2021", "Forward Dividend & Yield": "N/A (N/A)", "Ex-Dividend Date": "Mar 13, 2020", "1y Target Est": "N/A"}}, "fin": {"TTM": {"Duration": "TTM", "Total Revenue": "83,275", "Cost of Revenue": "58,090", "Gross Profit": "25,185", "Operating Expense": "38,724", "Operating Income": "-13,539", "Net Non Operating Interest Income Expense": "-1,160", "Other Income Expense": "-", "Pretax Income": "-14,611", "Tax Provision": "-7,623", "Net Income Common Stockholders": "-6,964", "Average Dilution Earnings": "-", "Diluted NI Available to Com Stockholders": "-6,964", "Basic EPS": "-", "Diluted EPS": "-", "Basic Average Shares": "-", "Diluted Average Shares": "-", "Total Operating Income as Reported": "-13,539", "Rent Expense Supplemental": "13,425", "Total Expenses": "96,814", "Net Income from Continuing & Discontinued Operation": "-6,964", "Normalized Income": "-6,964", "Interest Income": "126", "Interest Expense": "1,286", "Net Interest Income": "-1,160", "EBIT": "-13,325", "EBITDA": "-8,338", "Reconciled Cost of Revenue": "56,905", "Reconciled Depreciation": "4,987", "Net Income from Continuing Operation Net Minority Interest": "-6,964", "Total Unusual Items Excluding Goodwill": "-", "Total Unusual Items": "-", "Normalized EBITDA": "-8,338", "Tax Rate for Calcs": "0", "Tax Effect of Unusual Items": "0"}, "9/30/2020": {"Duration": "9/30/2020", "Total Revenue": "106,490", "Cost of Revenue": "69,558", "Gross Profit": "36,932", "Operating Expense": "44,728", "Operating Income": "-7,796", "Net Non Operating Interest Income Expense": "-1,295", "Other Income Expense": "88", "Pretax Income": "-9,003", "Tax Provision": "-4,385", "Net Income Common Stockholders": "-4,688", "Average Dilution Earnings": "-", "Diluted NI Available to Com Stockholders": "-4,688", "Basic EPS": "-1.34", "Diluted EPS": "-1.34", "Basic Average Shares": "3,500", "Diluted Average Shares": "3,500", "Total Operating Income as Reported": "-7,796", "Rent Expense Supplemental": "15,391", "Total Expenses": "114,286", "Net Income from Continuing & Discontinued Operation": "-4,688", "Normalized Income": "-4,688", "Interest Income": "126", "Interest Expense": "1,421", "Net Interest Income": "-1,295", "EBIT": "-7,582", "EBITDA": "-", "Reconciled Cost of Revenue": "68,974", "Reconciled Depreciation": "4,640", "Net Income from Continuing Operation Net Minority Interest": "-4,688", "Total Unusual Items Excluding Goodwill": "0", "Total Unusual Items": "0", "Normalized EBITDA": "-2,942", "Tax Rate for Calcs": "0", "Tax Effect of Unusual Items": "0"}, "9/30/2019": {"Duration": "9/30/2019", "Total Revenue": "162,354", "Cost of Revenue": "100,110", "Gross Profit": "62,244", "Operating Expense": "55,035", "Operating Income": "7,209", "Net Non Operating Interest Income Expense": "-1,376", "Other Income Expense": "-3,963", "Pretax Income": "1,870", "Tax Provision": "-591", "Net Income Common Stockholders": "2,676", "Average Dilution Earnings": "-", "Diluted NI Available to Com Stockholders": "2,676", "Basic EPS": "0.77", "Diluted EPS": "0.76", "Basic Average Shares": "3,479", "Diluted Average Shares": "3,531", "Total Operating Income as Reported": "3,246", "Rent Expense Supplemental": "17,413", "Total Expenses": "155,145", "Net Income from Continuing & Discontinued Operation": "2,676", "Normalized Income": "5,569", "Interest Income": "61", "Interest Expense": "1,437", "Net Interest Income": "-1,376", "EBIT": "3,307", "EBITDA": "-", "Reconciled Cost of Revenue": "100,110", "Reconciled Depreciation": "5,233", "Net Income from Continuing Operation Net Minority Interest": "2,676", "Total Unusual Items Excluding Goodwill": "-3,963", "Total Unusual Items": "-3,963", "Normalized EBITDA": "12,503", "Tax Rate for Calcs": "0", "Tax Effect of Unusual Items": "-1,070"}, "9/30/2018": {"Duration": "9/30/2018", "Total Revenue": "159,990", "Cost of Revenue": "98,656", "Gross Profit": "61,334", "Operating Expense": "56,302", "Operating Income": "5,032", "Net Non Operating Interest Income Expense": "-1,106", "Other Income Expense": "-", "Pretax Income": "3,926", "Tax Provision": "-1,147", "Net Income Common Stockholders": "4,655", "Average Dilution Earnings": "0", "Diluted NI Available to Com Stockholders": "4,655", "Basic EPS": "1.35", "Diluted EPS": "1.31", "Basic Average Shares": "3,439", "Diluted Average Shares": "3,549", "Total Operating Income as Reported": "5,032", "Rent Expense Supplemental": "18,577", "Total Expenses": "154,958", "Net Income from Continuing & Discontinued Operation": "4,655", "Normalized Income": "4,655", "Interest Income": "57", "Interest Expense": "1,163", "Net Interest Income": "-1,106", "EBIT": "5,089", "EBITDA": "-", "Reconciled Cost of Revenue": "98,656", "Reconciled Depreciation": "5,074", "Net Income from Continuing Operation Net Minority Interest": "4,655", "Total Unusual Items Excluding Goodwill": "0", "Total Unusual Items": "0", "Normalized EBITDA": "10,163", "Tax Rate for Calcs": "0", "Tax Effect of Unusual Items": "0"}}, "bs": {"9/30/2020": {"Duration": "9/30/2020", "Total Assets": "153,316", "Total Liabilities Net Minority Interest": "116,163", "Total Equity Gross Minority Interest": "37,153", "Total Capitalization": "72,595", "Common Stock Equity": "36,527", "Capital Lease Obligations": "56,077", "Net Tangible Assets": "17,188", "Working Capital": "-3,234", "Invested Capital": "81,596", "Tangible Book Value": "17,188", "Total Debt": "101,146", "Net Debt": "28,183", "Share Issued": "3,502", "Ordinary Shares Number": "3,502"}, "9/30/2019": {"Duration": "9/30/2019", "Total Assets": "94,652", "Total Liabilities Net Minority Interest": "51,945", "Total Equity Gross Minority Interest": "42,707", "Total Capitalization": "65,650", "Common Stock Equity": "41,864", "Capital Lease Obligations": "-", "Net Tangible Assets": "22,271", "Working Capital": "-4,373", "Invested Capital": "68,351", "Tangible Book Value": "22,271", "Total Debt": "26,487", "Net Debt": "19,310", "Share Issued": "3,499", "Ordinary Shares Number": "3,499"}, "9/30/2018": {"Duration": "9/30/2018", "Total Assets": "84,737", "Total Liabilities Net Minority Interest": "41,001", "Total Equity Gross Minority Interest": "43,736", "Total Capitalization": "62,156", "Common Stock Equity": "42,296", "Capital Lease Obligations": "-", "Net Tangible Assets": "28,736", "Working Capital": "-4,628", "Invested Capital": "63,407", "Tangible Book Value": "28,736", "Total Debt": "21,111", "Net Debt": "16,099", "Share Issued": "3,470", "Ordinary Shares Number": "3,470"}}, "cf": {"TTM": {"Duration": "TTM", "Operating Cash Flow": "-9,965", "Investing Cash Flow": "-4,074", "Financing Cash Flow": "17,641", "End Cash Position": "10,813", "Income Tax Paid Supplemental Data": "216", "Interest Paid Supplemental Data": "1,193", "Capital Expenditure": "-2,303", "Issuance of Debt": "-", "Repayment of Debt": "-2,701", "Free Cash Flow": "-12,268"}, "9/30/2020": {"Duration": "9/30/2020", "Operating Cash Flow": "-4,528", "Investing Cash Flow": "-2,457", "Financing Cash Flow": "16,694", "End Cash Position": "16,886", "Income Tax Paid Supplemental Data": "219", "Interest Paid Supplemental Data": "1,397", "Capital Expenditure": "-2,486", "Issuance of Debt": "21,295", "Repayment of Debt": "-2,701", "Free Cash Flow": "-7,014"}, "9/30/2019": {"Duration": "9/30/2019", "Operating Cash Flow": "10,615", "Investing Cash Flow": "-3,196", "Financing Cash Flow": "-5,254", "End Cash Position": "7,177", "Income Tax Paid Supplemental Data": "732", "Interest Paid Supplemental Data": "1,420", "Capital Expenditure": "-3,419", "Issuance of Debt": "650", "Repayment of Debt": "-2,258", "Free Cash Flow": "7,196"}, "9/30/2018": {"Duration": "9/30/2018", "Operating Cash Flow": "9,575", "Investing Cash Flow": "-5,050", "Financing Cash Flow": "-919", "End Cash Position": "5,012", "Income Tax Paid Supplemental Data": "127", "Interest Paid Supplemental Data": "1,008", "Capital Expenditure": "-5,063", "Issuance of Debt": "5,086", "Repayment of Debt": "-2,067", "Free Cash Flow": "4,512"}}}}, {"JAX": {"quote": {"05/11/2021": {"value": "11.60", "Market Cap": "175.045M", "Beta (5Y Monthly)": "1.53", "PE Ratio (TTM)": "N/A", "EPS (TTM)": "-1.53", "Earnings Date": "Mar 15, 2021", "Forward Dividend & Yield": "N/A (N/A)", "Ex-Dividend Date": "N/A", "1y Target Est": "N/A"}}, "fin": {"TTM": {"Duration": "TTM", "Total Revenue": "183,373", "Cost of Revenue": "123,659", "Gross Profit": "59,714", "Operating Expense": "72,338", "Operating Income": "-12,624", "Net Non Operating Interest Income Expense": "-824", "Other Income Expense": "-17,269", "Pretax Income": "-30,717", "Tax Provision": "-8,449", "Net Income Common Stockholders": "-22,471", "Diluted NI Available to Com Stockholders": "-22,471", "Basic EPS": "-", "Diluted EPS": "-", "Basic Average Shares": "-", "Diluted Average Shares": "-", "Total Operating Income as Reported": "-30,053", "Total Expenses": "195,997", "Net Income from Continuing & Discontinued Operation": "-22,471", "Normalized Income": "-9,633", "Interest Expense": "824", "Net Interest Income": "-824", "EBIT": "-29,893", "EBITDA": "-17,603", "Reconciled Cost of Revenue": "123,463", "Reconciled Depreciation": "12,290", "Net Income from Continuing Operation Net Minority Interest": "-22,268", "Total Unusual Items Excluding Goodwill": "-17,429", "Total Unusual Items": "-17,429", "Normalized EBITDA": "-174", "Tax Rate for Calcs": "0", "Tax Effect of Unusual Items": "-4,794"}, "12/31/2020": {"Duration": "12/31/2020", "Total Revenue": "183,373", "Cost of Revenue": "123,659", "Gross Profit": "59,714", "Operating Expense": "72,338", "Operating Income": "-12,624", "Net Non Operating Interest Income Expense": "-824", "Other Income Expense": "-17,269", "Pretax Income": "-30,717", "Tax Provision": "-8,449", "Net Income Common Stockholders": "-22,471", "Diluted NI Available to Com Stockholders": "-22,471", "Basic EPS": "-", "Diluted EPS": "-", "Basic Average Shares": "-", "Diluted Average Shares": "-", "Total Operating Income as Reported": "-30,053", "Total Expenses": "195,997", "Net Income from Continuing & Discontinued Operation": "-22,471", "Normalized Income": "-9,633", "Interest Expense": "824", "Net Interest Income": "-824", "EBIT": "-29,893", "EBITDA": "-", "Reconciled Cost of Revenue": "123,463", "Reconciled Depreciation": "12,290", "Net Income from Continuing Operation Net Minority Interest": "-22,268", "Total Unusual Items Excluding Goodwill": "-17,429", "Total Unusual Items": "-17,429", "Normalized EBITDA": "-174", "Tax Rate for Calcs": "0", "Tax Effect of Unusual Items": "-4,794"}, "12/31/2019": {"Duration": "12/31/2019", "Total Revenue": "247,269", "Cost of Revenue": "156,243", "Gross Profit": "91,026", "Operating Expense": "80,934", "Operating Income": "10,092", "Net Non Operating Interest Income Expense": "-580", "Other Income Expense": "-1,027", "Pretax Income": "8,485", "Tax Provision": "-568", "Net Income Common Stockholders": "8,817", "Diluted NI Available to Com Stockholders": "8,817", "Basic EPS": "0.60", "Diluted EPS": "0.60", "Basic Average Shares": "14,695", "Diluted Average Shares": "14,741", "Total Operating Income as Reported": "8,914", "Total Expenses": "237,177", "Net Income from Continuing & Discontinued Operation": "8,817", "Normalized Income": "9,913", "Interest Expense": "580", "Net Interest Income": "-580", "EBIT": "9,065", "EBITDA": "-", "Reconciled Cost of Revenue": "155,994", "Reconciled Depreciation": "12,123", "Net Income from Continuing Operation Net Minority Interest": "9,053", "Total Unusual Items Excluding Goodwill": "-1,178", "Total Unusual Items": "-1,178", "Normalized EBITDA": "22,366", "Tax Rate for Calcs": "0", "Tax Effect of Unusual Items": "-318.06"}, "12/31/2018": {"Duration": "12/31/2018", "Total Revenue": "242,264", "Cost of Revenue": "152,112", "Gross Profit": "90,152", "Operating Expense": "81,015", "Operating Income": "9,137", "Net Non Operating Interest Income Expense": "-724", "Other Income Expense": "-5,551", "Pretax Income": "2,862", "Tax Provision": "-1,596", "Net Income Common Stockholders": "3,999", "Diluted NI Available to Com Stockholders": "3,999", "Basic EPS": "0.27", "Diluted EPS": "0.27", "Basic Average Shares": "14,695", "Diluted Average Shares": "14,863", "Total Operating Income as Reported": "3,489", "Total Expenses": "233,127", "Net Income from Continuing & Discontinued Operation": "3,999", "Normalized Income": "8,581", "Interest Expense": "724", "Net Interest Income": "-724", "EBIT": "3,586", "EBITDA": "-", "Reconciled Cost of Revenue": "151,629", "Reconciled Depreciation": "11,353", "Net Income from Continuing Operation Net Minority Interest": "4,458", "Total Unusual Items Excluding Goodwill": "-5,648", "Total Unusual Items": "-5,648", "Normalized EBITDA": "20,587", "Tax Rate for Calcs": "0", "Tax Effect of Unusual Items": "-1,525"}}, "bs": {"12/31/2020": {"Duration": "12/31/2020", "Total Assets": "237,119", "Total Liabilities Net Minority Interest": "127,014", "Total Equity Gross Minority Interest": "110,105", "Total Capitalization": "122,851", "Common Stock Equity": "110,105", "Capital Lease Obligations": "78,968", "Net Tangible Assets": "84,457", "Working Capital": "337", "Invested Capital": "12,746", "Tangible Book Value": "84,457", "Total Debt": "91,714", "Net Debt": "383", "Share Issued": "15,070", "Ordinary Shares Number": "15,070"}, "12/31/2019": {"Duration": "12/31/2019", "Total Assets": "247,912", "Total Liabilities Net Minority Interest": "117,195", "Total Equity Gross Minority Interest": "130,717", "Total Capitalization": "132,004", "Common Stock Equity": "129,159", "Capital Lease Obligations": "80,200", "Net Tangible Assets": "87,774", "Working Capital": "-13,134", "Invested Capital": "139,060", "Tangible Book Value": "87,774", "Total Debt": "90,101", "Net Debt": "1,098", "Share Issued": "15,012", "Ordinary Shares Number": "15,012"}, "12/31/2018": {"Duration": "12/31/2018", "Total Assets": "174,549", "Total Liabilities Net Minority Interest": "52,890", "Total Equity Gross Minority Interest": "121,659", "Total Capitalization": "119,681", "Common Stock Equity": "113,815", "Capital Lease Obligations": "187", "Net Tangible Assets": "72,431", "Working Capital": "-16,313", "Invested Capital": "128,681", "Tangible Book Value": "72,431", "Total Debt": "15,053", "Net Debt": "6,083", "Share Issued": "14,695", "Ordinary Shares Number": "14,695"}}, "cf": {"TTM": {"Duration": "TTM", "Operating Cash Flow": "6,064", "Investing Cash Flow": "-6,729", "Financing Cash Flow": "4,225", "End Cash Position": "12,363", "Income Tax Paid Supplemental Data": "-", "Interest Paid Supplemental Data": "604", "Capital Expenditure": "-7,382", "Issuance of Debt": "32,100", "Repayment of Debt": "-27,322", "Repurchase of Capital Stock": "-", "Free Cash Flow": "-1,318"}, "12/31/2020": {"Duration": "12/31/2020", "Operating Cash Flow": "6,064", "Investing Cash Flow": "-6,729", "Financing Cash Flow": "4,225", "End Cash Position": "12,363", "Income Tax Paid Supplemental Data": "-", "Interest Paid Supplemental Data": "604", "Capital Expenditure": "-7,382", "Issuance of Debt": "32,100", "Repayment of Debt": "-27,322", "Repurchase of Capital Stock": "-", "Free Cash Flow": "-1,318"}, "12/31/2019": {"Duration": "12/31/2019", "Operating Cash Flow": "17,255", "Investing Cash Flow": "-12,192", "Financing Cash Flow": "-5,043", "End Cash Position": "8,803", "Income Tax Paid Supplemental Data": "1,072", "Interest Paid Supplemental Data": "578", "Capital Expenditure": "-11,937", "Issuance of Debt": "-", "Repayment of Debt": "-5,000", "Repurchase of Capital Stock": "-", "Free Cash Flow": "5,318"}, "12/31/2018": {"Duration": "12/31/2018", "Operating Cash Flow": "21,680", "Investing Cash Flow": "-18,608", "Financing Cash Flow": "-5,000", "End Cash Position": "8,783", "Income Tax Paid Supplemental Data": "704", "Interest Paid Supplemental Data": "795", "Capital Expenditure": "-18,111", "Issuance of Debt": "0", "Repayment of Debt": "-5,000", "Repurchase of Capital Stock": "0", "Free Cash Flow": "3,569"}}}}, {"YUM": {"quote": {"05/11/2021": {"value": "119.15", "Market Cap": "35.495B", "Beta (5Y Monthly)": "1.03", "PE Ratio (TTM)": "31.87", "EPS (TTM)": "3.74", "Earnings Date": "Jul 29, 2021", "Forward Dividend & Yield": "2.00 (1.64%)", "Ex-Dividend Date": "Feb 11, 2021", "1y Target Est": "122.64"}}, "fin": {"TTM": {"Duration": "TTM", "Total Revenue": "5,652,000", "Cost of Revenue": "2,965,000", "Gross Profit": "2,687,000", "Operating Expense": "1,064,000", "Operating Income": "1,623,000", "Net Non Operating Interest Income Expense": "-543,000", "Other Income Expense": "-60,000", "Pretax Income": "1,020,000", "Tax Provision": "116,000", "Net Income Common Stockholders": "904,000", "Diluted NI Available to Com Stockholders": "904,000", "Basic EPS": "-", "Diluted EPS": "-", "Basic Average Shares": "-", "Diluted Average Shares": "-", "Total Operating Income as Reported": "1,503,000", "Rent Expense Supplemental": "-", "Total Expenses": "4,029,000", "Net Income from Continuing & Discontinued Operation": "904,000", "Normalized Income": "944,756", "Interest Expense": "543,000", "Net Interest Income": "-543,000", "EBIT": "1,563,000", "EBITDA": "1,709,000", "Reconciled Cost of Revenue": "2,965,000", "Reconciled Depreciation": "146,000", "Net Income from Continuing Operation Net Minority Interest": "904,000", "Total Unusual Items Excluding Goodwill": "-46,000", "Total Unusual Items": "-46,000", "Normalized EBITDA": "1,755,000", "Tax Rate for Calcs": "0", "Tax Effect of Unusual Items": "-5,244"}, "12/31/2020": {"Duration": "12/31/2020", "Total Revenue": "5,652,000", "Cost of Revenue": "2,965,000", "Gross Profit": "2,687,000", "Operating Expense": "1,064,000", "Operating Income": "1,623,000", "Net Non Operating Interest Income Expense": "-543,000", "Other Income Expense": "-60,000", "Pretax Income": "1,020,000", "Tax Provision": "116,000", "Net Income Common Stockholders": "904,000", "Diluted NI Available to Com Stockholders": "904,000", "Basic EPS": "-", "Diluted EPS": "-", "Basic Average Shares": "-", "Diluted Average Shares": "-", "Total Operating Income as Reported": "1,503,000", "Rent Expense Supplemental": "-", "Total Expenses": "4,029,000", "Net Income from Continuing & Discontinued Operation": "904,000", "Normalized Income": "944,756", "Interest Expense": "543,000", "Net Interest Income": "-543,000", "EBIT": "1,563,000", "EBITDA": "-", "Reconciled Cost of Revenue": "2,965,000", "Reconciled Depreciation": "146,000", "Net Income from Continuing Operation Net Minority Interest": "904,000", "Total Unusual Items Excluding Goodwill": "-46,000", "Total Unusual Items": "-46,000", "Normalized EBITDA": "1,755,000", "Tax Rate for Calcs": "0", "Tax Effect of Unusual Items": "-5,244"}, "12/31/2019": {"Duration": "12/31/2019", "Total Revenue": "5,597,000", "Cost of Revenue": "2,783,000", "Gross Profit": "2,814,000", "Operating Expense": "917,000", "Operating Income": "1,897,000", "Net Non Operating Interest Income Expense": "-486,000", "Other Income Expense": "-38,000", "Pretax Income": "1,373,000", "Tax Provision": "79,000", "Net Income Common Stockholders": "1,294,000", "Diluted NI Available to Com Stockholders": "1,294,000", "Basic EPS": "4.23", "Diluted EPS": "4.14", "Basic Average Shares": "306,000", "Diluted Average Shares": "313,000", "Total Operating Income as Reported": "1,930,000", "Rent Expense Supplemental": "-", "Total Expenses": "3,700,000", "Net Income from Continuing & Discontinued Operation": "1,294,000", "Normalized Income": "1,326,062", "Interest Expense": "486,000", "Net Interest Income": "-486,000", "EBIT": "1,859,000", "EBITDA": "-", "Reconciled Cost of Revenue": "2,783,000", "Reconciled Depreciation": "112,000", "Net Income from Continuing Operation Net Minority Interest": "1,294,000", "Total Unusual Items Excluding Goodwill": "-34,000", "Total Unusual Items": "-34,000", "Normalized EBITDA": "2,005,000", "Tax Rate for Calcs": "0", "Tax Effect of Unusual Items": "-1,938"}, "12/31/2018": {"Duration": "12/31/2018", "Total Revenue": "5,688,000", "Cost of Revenue": "3,030,000", "Gross Profit": "2,658,000", "Operating Expense": "895,000", "Operating Income": "1,763,000", "Net Non Operating Interest Income Expense": "-452,000", "Other Income Expense": "528,000", "Pretax Income": "1,839,000", "Tax Provision": "297,000", "Net Income Common Stockholders": "1,542,000", "Diluted NI Available to Com Stockholders": "1,542,000", "Basic EPS": "4.80", "Diluted EPS": "4.69", "Basic Average Shares": "322,000", "Diluted Average Shares": "329,000", "Total Operating Income as Reported": "2,296,000", "Rent Expense Supplemental": "-", "Total Expenses": "3,925,000", "Net Income from Continuing & Discontinued Operation": "1,542,000", "Normalized Income": "1,087,804", "Interest Expense": "452,000", "Net Interest Income": "-452,000", "EBIT": "2,291,000", "EBITDA": "-", "Reconciled Cost of Revenue": "3,030,000", "Reconciled Depreciation": "137,000", "Net Income from Continuing Operation Net Minority Interest": "1,542,000", "Total Unusual Items Excluding Goodwill": "542,000", "Total Unusual Items": "542,000", "Normalized EBITDA": "1,886,000", "Tax Rate for Calcs": "0", "Tax Effect of Unusual Items": "87,804"}}, "bs": {"12/31/2020": {"Duration": "12/31/2020", "Total Assets": "5,852,000", "Total Liabilities Net Minority Interest": "13,743,000", "Total Equity Gross Minority Interest": "-7,891,000", "Total Capitalization": "2,381,000", "Common Stock Equity": "-7,891,000", "Capital Lease Obligations": "97,000", "Net Tangible Assets": "-8,831,000", "Working Capital": "14,000", "Invested Capital": "2,834,000", "Tangible Book Value": "-8,831,000", "Total Debt": "10,822,000", "Net Debt": "9,995,000", "Share Issued": "300,000", "Ordinary Shares Number": "300,000"}, "12/31/2019": {"Duration": "12/31/2019", "Total Assets": "5,231,000", "Total Liabilities Net Minority Interest": "13,247,000", "Total Equity Gross Minority Interest": "-8,016,000", "Total Capitalization": "2,045,000", "Common Stock Equity": "-8,016,000", "Capital Lease Obligations": "784,000", "Net Tangible Assets": "-8,790,000", "Working Capital": "-14,000", "Invested Capital": "2,469,000", "Tangible Book Value": "-8,790,000", "Total Debt": "11,269,000", "Net Debt": "9,880,000", "Share Issued": "300,000", "Ordinary Shares Number": "300,000"}, "12/31/2018": {"Duration": "12/31/2018", "Total Assets": "4,130,000", "Total Liabilities Net Minority Interest": "12,056,000", "Total Equity Gross Minority Interest": "-7,926,000", "Total Capitalization": "1,825,000", "Common Stock Equity": "-7,926,000", "Capital Lease Obligations": "-", "Net Tangible Assets": "-8,693,000", "Working Capital": "-94,000", "Invested Capital": "2,146,000", "Tangible Book Value": "-8,693,000", "Total Debt": "10,072,000", "Net Debt": "9,780,000", "Share Issued": "306,000", "Ordinary Shares Number": "306,000"}}, "cf": {"TTM": {"Duration": "TTM", "Operating Cash Flow": "1,305,000", "Investing Cash Flow": "-335,000", "Financing Cash Flow": "-738,000", "End Cash Position": "1,024,000", "Capital Expenditure": "-160,000", "Issuance of Debt": "1,745,000", "Repayment of Debt": "-1,617,000", "Repurchase of Capital Stock": "-239,000", "Free Cash Flow": "1,145,000"}, "12/31/2020": {"Duration": "12/31/2020", "Operating Cash Flow": "1,305,000", "Investing Cash Flow": "-335,000", "Financing Cash Flow": "-738,000", "End Cash Position": "1,024,000", "Capital Expenditure": "-160,000", "Issuance of Debt": "1,745,000", "Repayment of Debt": "-1,617,000", "Repurchase of Capital Stock": "-239,000", "Free Cash Flow": "1,145,000"}, "12/31/2019": {"Duration": "12/31/2019", "Operating Cash Flow": "1,315,000", "Investing Cash Flow": "-88,000", "Financing Cash Flow": "-938,000", "End Cash Position": "768,000", "Capital Expenditure": "-196,000", "Issuance of Debt": "930,000", "Repayment of Debt": "-457,000", "Repurchase of Capital Stock": "-815,000", "Free Cash Flow": "1,119,000"}, "12/31/2018": {"Duration": "12/31/2018", "Operating Cash Flow": "1,176,000", "Investing Cash Flow": "313,000", "Financing Cash Flow": "-2,620,000", "End Cash Position": "474,000", "Capital Expenditure": "-234,000", "Issuance of Debt": "1,615,000", "Repayment of Debt": "-1,323,000", "Repurchase of Capital Stock": "-2,390,000", "Free Cash Flow": "942,000"}}}}, {"BWLD": {"quote": {"05/11/2021": {"value": "", "Net Assets": "N/A", "Beta (5Y Monthly)": "N/A", "Yield": "N/A", "5y Average Return": "N/A", "Holdings Turnover": "N/A", "Last Dividend": "N/A", "Average for Category": "N/A", "Inception Date": "N/A"}}, "fin": {}, "bs": {}, "cf": {}}}, {"CBRL": {"quote": {"05/11/2021": {"value": "155.89", "Market Cap": "3.699B", "Beta (5Y Monthly)": "1.46", "PE Ratio (TTM)": "77.36", "EPS (TTM)": "2.02", "Earnings Date": "May 31, 2021 - Jun 04, 2021", "Forward Dividend & Yield": "N/A (N/A)", "Ex-Dividend Date": "Aug 13, 2020", "1y Target Est": "164.86"}}, "fin": {"TTM": {"Duration": "TTM", "Total Revenue": "3,121,884", "Cost of Revenue": "2,679,237", "Gross Profit": "442,647", "Operating Expense": "155,684", "Operating Income": "286,963", "Net Non Operating Interest Income Expense": "-15,047", "Other Income Expense": "-", "Pretax Income": "271,916", "Tax Provision": "42,522", "Earnings from Equity Interest Net of Tax": "-132,878", "Net Income Common Stockholders": "219,830", "Diluted NI Available to Com Stockholders": "219,830", "Basic EPS": "-", "Diluted EPS": "-", "Basic Average Shares": "-", "Diluted Average Shares": "-", "Total Operating Income as Reported": "286,963", "Total Expenses": "2,834,921", "Net Income from Continuing & Discontinued Operation": "219,830", "Normalized Income": "219,830", "Interest Expense": "15,047", "Net Interest Income": "-15,047", "EBIT": "286,963", "EBITDA": "401,721", "Reconciled Cost of Revenue": "2,679,237", "Reconciled Depreciation": "114,758", "Net Income from Continuing Operation Net Minority Interest": "219,830", "Total Unusual Items Excluding Goodwill": "265,180", "Total Unusual Items": "265,180", "Normalized EBITDA": "401,721", "Tax Rate for Calcs": "0", "Tax Effect of Unusual Items": "0"}, "7/31/2020": {"Duration": "7/31/2020", "Total Revenue": "2,522,792", "Cost of Revenue": "1,704,931", "Gross Profit": "817,861", "Operating Expense": "761,708", "Operating Income": "56,153", "Net Non Operating Interest Income Expense": "-22,327", "Other Income Expense": "47,458", "Pretax Income": "81,284", "Tax Provision": "-28,683", "Earnings from Equity Interest Net of Tax": "-142,442", "Net Income Common Stockholders": "-32,475", "Diluted NI Available to Com Stockholders": "-32,475", "Basic EPS": "-1.36", "Diluted EPS": "-1.36", "Basic Average Shares": "23,865", "Diluted Average Shares": "23,865", "Total Operating Income as Reported": "103,611", "Total Expenses": "2,466,639", "Net Income from Continuing & Discontinued Operation": "-32,475", "Normalized Income": "-67,119", "Interest Expense": "22,327", "Net Interest Income": "-22,327", "EBIT": "103,611", "EBITDA": "-", "Reconciled Cost of Revenue": "1,704,931", "Reconciled Depreciation": "118,178", "Net Income from Continuing Operation Net Minority Interest": "-32,475", "Total Unusual Items Excluding Goodwill": "47,458", "Total Unusual Items": "47,458", "Normalized EBITDA": "174,331", "Tax Rate for Calcs": "0", "Tax Effect of Unusual Items": "12,814"}, "7/31/2019": {"Duration": "7/31/2019", "Total Revenue": "3,071,951", "Cost of Revenue": "2,009,828", "Gross Profit": "1,062,123", "Operating Expense": "779,279", "Operating Income": "282,844", "Net Non Operating Interest Income Expense": "-16,488", "Other Income Expense": "-", "Pretax Income": "266,356", "Tax Provision": "42,955", "Earnings from Equity Interest Net of Tax": "-", "Net Income Common Stockholders": "223,401", "Diluted NI Available to Com Stockholders": "223,401", "Basic EPS": "9.29", "Diluted EPS": "9.27", "Basic Average Shares": "24,037", "Diluted Average Shares": "24,096", "Total Operating Income as Reported": "282,844", "Total Expenses": "2,789,107", "Net Income from Continuing & Discontinued Operation": "223,401", "Normalized Income": "223,401", "Interest Expense": "16,488", "Net Interest Income": "-16,488", "EBIT": "282,844", "EBITDA": "-", "Reconciled Cost of Revenue": "2,009,828", "Reconciled Depreciation": "107,537", "Net Income from Continuing Operation Net Minority Interest": "223,401", "Total Unusual Items Excluding Goodwill": "-", "Total Unusual Items": "-", "Normalized EBITDA": "390,381", "Tax Rate for Calcs": "0", "Tax Effect of Unusual Items": "0"}, "7/31/2018": {"Duration": "7/31/2018", "Total Revenue": "3,030,445", "Cost of Revenue": "1,991,208", "Gross Profit": "1,039,237", "Operating Expense": "745,645", "Operating Income": "293,592", "Net Non Operating Interest Income Expense": "-15,169", "Other Income Expense": "-", "Pretax Income": "278,423", "Tax Provision": "30,803", "Earnings from Equity Interest Net of Tax": "-", "Net Income Common Stockholders": "247,620", "Diluted NI Available to Com Stockholders": "247,620", "Basic EPS": "10.31", "Diluted EPS": "10.29", "Basic Average Shares": "24,011", "Diluted Average Shares": "24,076", "Total Operating Income as Reported": "293,592", "Total Expenses": "2,736,853", "Net Income from Continuing & Discontinued Operation": "247,620", "Normalized Income": "247,620", "Interest Expense": "15,169", "Net Interest Income": "-15,169", "EBIT": "293,592", "EBITDA": "-", "Reconciled Cost of Revenue": "1,991,208", "Reconciled Depreciation": "93,692", "Net Income from Continuing Operation Net Minority Interest": "247,620", "Total Unusual Items Excluding Goodwill": "-", "Total Unusual Items": "-", "Normalized EBITDA": "387,284", "Tax Rate for Calcs": "0", "Tax Effect of Unusual Items": "0"}}, "bs": {"7/31/2020": {"Duration": "7/31/2020", "Total Assets": "2,544,258", "Total Liabilities Net Minority Interest": "2,125,869", "Total Equity Gross Minority Interest": "418,389", "Total Capitalization": "1,328,389", "Common Stock Equity": "418,389", "Capital Lease Obligations": "674,931", "Net Tangible Assets": "392,739", "Working Capital": "191,956", "Invested Capital": "1,367,784", "Tangible Book Value": "392,739", "Total Debt": "1,624,326", "Net Debt": "512,399", "Share Issued": "23,697", "Ordinary Shares Number": "23,697"}, "7/31/2019": {"Duration": "7/31/2019", "Total Assets": "1,581,225", "Total Liabilities Net Minority Interest": "976,515", "Total Equity Gross Minority Interest": "604,710", "Total Capitalization": "1,004,710", "Common Stock Equity": "604,710", "Capital Lease Obligations": "-", "Net Tangible Assets": "604,710", "Working Capital": "-150,094", "Invested Capital": "1,004,710", "Tangible Book Value": "604,710", "Total Debt": "400,000", "Net Debt": "363,116", "Share Issued": "24,049", "Ordinary Shares Number": "24,049"}, "7/31/2018": {"Duration": "7/31/2018", "Total Assets": "1,527,355", "Total Liabilities Net Minority Interest": "945,574", "Total Equity Gross Minority Interest": "581,781", "Total Capitalization": "981,781", "Common Stock Equity": "581,781", "Capital Lease Obligations": "-", "Net Tangible Assets": "581,781", "Working Capital": "-57,867", "Invested Capital": "981,781", "Tangible Book Value": "581,781", "Total Debt": "400,000", "Net Debt": "285,344", "Share Issued": "24,012", "Ordinary Shares Number": "24,012"}}, "cf": {"TTM": {"Duration": "TTM", "Operating Cash Flow": "355,937", "Investing Cash Flow": "-294,531", "Financing Cash Flow": "-158,130", "End Cash Position": "72,840", "Income Tax Paid Supplemental Data": "41,526", "Interest Paid Supplemental Data": "16,447", "Capital Expenditure": "-126,378", "Issuance of Debt": "215,000", "Repayment of Debt": "-155,000", "Repurchase of Capital Stock": "-20,000", "Free Cash Flow": "229,559"}, "7/31/2020": {"Duration": "7/31/2020", "Operating Cash Flow": "161,002", "Investing Cash Flow": "-157,226", "Financing Cash Flow": "396,336", "End Cash Position": "436,996", "Income Tax Paid Supplemental Data": "5,666", "Interest Paid Supplemental Data": "20,268", "Capital Expenditure": "-297,328", "Issuance of Debt": "801,395", "Repayment of Debt": "-252,000", "Repurchase of Capital Stock": "-55,007", "Free Cash Flow": "-136,326"}, "7/31/2019": {"Duration": "7/31/2019", "Operating Cash Flow": "362,796", "Investing Cash Flow": "-241,574", "Financing Cash Flow": "-198,994", "End Cash Position": "36,884", "Income Tax Paid Supplemental Data": "56,450", "Interest Paid Supplemental Data": "12,100", "Capital Expenditure": "-138,293", "Issuance of Debt": "400,000", "Repayment of Debt": "-400,000", "Repurchase of Capital Stock": "0", "Free Cash Flow": "224,503"}, "7/31/2018": {"Duration": "7/31/2018", "Operating Cash Flow": "330,620", "Investing Cash Flow": "-151,222", "Financing Cash Flow": "-225,743", "End Cash Position": "114,656", "Income Tax Paid Supplemental Data": "43,471", "Interest Paid Supplemental Data": "17,272", "Capital Expenditure": "-152,249", "Issuance of Debt": "-", "Repayment of Debt": "-", "Repurchase of Capital Stock": "-14,772", "Free Cash Flow": "178,371"}}}}, {"BOBE": {"quote": {"05/11/2021": {"value": "", "Net Assets": "N/A", "Beta (5Y Monthly)": "N/A", "Yield": "N/A", "5y Average Return": "N/A", "Holdings Turnover": "N/A", "Last Dividend": "N/A", "Average for Category": "N/A", "Inception Date": "N/A"}}, "fin": {}, "bs": {}, "cf": {}}}, {"EAT": {"quote": {"05/11/2021": {"value": "63.60", "Market Cap": "2.91B", "Beta (5Y Monthly)": "2.81", "PE Ratio (TTM)": "400.00", "EPS (TTM)": "0.16", "Earnings Date": "Aug 10, 2021 - Aug 16, 2021", "Forward Dividend & Yield": "N/A (N/A)", "Ex-Dividend Date": "Mar 05, 2020", "1y Target Est": "77.41"}}, "fin": {"TTM": {"Duration": "TTM", "Total Revenue": "2,924,000", "Cost of Revenue": "2,557,900", "Gross Profit": "366,100", "Operating Expense": "284,900", "Operating Income": "81,200", "Net Non Operating Interest Income Expense": "-58,700", "Other Income Expense": "-45,000", "Pretax Income": "-22,500", "Tax Provision": "-26,800", "Net Income Common Stockholders": "4,300", "Diluted NI Available to Com Stockholders": "4,300", "Basic EPS": "-", "Diluted EPS": "-", "Basic Average Shares": "-", "Diluted Average Shares": "-", "Total Operating Income as Reported": "34,400", "Total Expenses": "2,842,800", "Net Income from Continuing & Discontinued Operation": "4,300", "Normalized Income": "34,303", "Interest Expense": "58,700", "Net Interest Income": "-58,700", "EBIT": "36,200", "EBITDA": "195,700", "Reconciled Cost of Revenue": "2,557,900", "Reconciled Depreciation": "159,500", "Net Income from Continuing Operation Net Minority Interest": "4,300", "Total Unusual Items Excluding Goodwill": "-41,100", "Total Unusual Items": "-41,100", "Normalized EBITDA": "236,800", "Tax Rate for Calcs": "0", "Tax Effect of Unusual Items": "-11,097"}, "6/30/2020": {"Duration": "6/30/2020", "Total Revenue": "3,078,500", "Cost of Revenue": "2,669,900", "Gross Profit": "408,600", "Operating Expense": "298,600", "Operating Income": "110,000", "Net Non Operating Interest Income Expense": "-59,600", "Other Income Expense": "-45,500", "Pretax Income": "4,900", "Tax Provision": "-19,500", "Net Income Common Stockholders": "24,400", "Diluted NI Available to Com Stockholders": "24,400", "Basic EPS": "0.64", "Diluted EPS": "0.63", "Basic Average Shares": "38,200", "Diluted Average Shares": "38,900", "Total Operating Income as Reported": "62,600", "Total Expenses": "2,968,500", "Net Income from Continuing & Discontinued Operation": "24,400", "Normalized Income": "54,841", "Interest Expense": "59,600", "Net Interest Income": "-59,600", "EBIT": "64,500", "EBITDA": "-", "Reconciled Cost of Revenue": "2,669,900", "Reconciled Depreciation": "162,300", "Net Income from Continuing Operation Net Minority Interest": "24,400", "Total Unusual Items Excluding Goodwill": "-41,700", "Total Unusual Items": "-41,700", "Normalized EBITDA": "268,500", "Tax Rate for Calcs": "0", "Tax Effect of Unusual Items": "-11,259"}, "6/30/2019": {"Duration": "6/30/2019", "Total Revenue": "3,217,900", "Cost of Revenue": "2,695,000", "Gross Profit": "522,900", "Operating Expense": "271,100", "Operating Income": "251,800", "Net Non Operating Interest Income Expense": "-61,600", "Other Income Expense": "-18,400", "Pretax Income": "171,800", "Tax Provision": "16,900", "Net Income Common Stockholders": "154,900", "Diluted NI Available to Com Stockholders": "154,900", "Basic EPS": "4.04", "Diluted EPS": "3.96", "Basic Average Shares": "38,300", "Diluted Average Shares": "39,100", "Total Operating Income as Reported": "-230,700", "Total Expenses": "2,966,100", "Net Income from Continuing & Discontinued Operation": "154,900", "Normalized Income": "173,932", "Interest Expense": "61,600", "Net Interest Income": "-61,600", "EBIT": "233,400", "EBITDA": "-", "Reconciled Cost of Revenue": "2,696,000", "Reconciled Depreciation": "147,600", "Net Income from Continuing Operation Net Minority Interest": "154,900", "Total Unusual Items Excluding Goodwill": "-21,100", "Total Unusual Items": "-21,100", "Normalized EBITDA": "403,100", "Tax Rate for Calcs": "0", "Tax Effect of Unusual Items": "-2,068"}, "6/30/2018": {"Duration": "6/30/2018", "Total Revenue": "3,135,417", "Cost of Revenue": "2,587,407", "Gross Profit": "548,010", "Operating Expense": "293,685", "Operating Income": "254,325", "Net Non Operating Interest Income Expense": "-58,986", "Other Income Expense": "-25,117", "Pretax Income": "170,222", "Tax Provision": "44,340", "Net Income Common Stockholders": "125,882", "Diluted NI Available to Com Stockholders": "125,882", "Basic EPS": "2.75", "Diluted EPS": "2.72", "Basic Average Shares": "45,702", "Diluted Average Shares": "46,264", "Total Operating Income as Reported": "226,106", "Total Expenses": "2,881,092", "Net Income from Continuing & Discontinued Operation": "125,882", "Normalized Income": "146,764", "Interest Expense": "58,986", "Net Interest Income": "-58,986", "EBIT": "229,208", "EBITDA": "-", "Reconciled Cost of Revenue": "2,589,339", "Reconciled Depreciation": "151,392", "Net Income from Continuing Operation Net Minority Interest": "125,882", "Total Unusual Items Excluding Goodwill": "-28,219", "Total Unusual Items": "-28,219", "Normalized EBITDA": "410,751", "Tax Rate for Calcs": "0", "Tax Effect of Unusual Items": "-7,337"}}, "bs": {"6/30/2020": {"Duration": "6/30/2020", "Total Assets": "2,356,000", "Total Liabilities Net Minority Interest": "2,835,100", "Total Equity Gross Minority Interest": "-479,100", "Total Capitalization": "729,400", "Common Stock Equity": "-479,100", "Capital Lease Obligations": "1,191,100", "Net Tangible Assets": "-689,700", "Working Capital": "-273,500", "Invested Capital": "729,400", "Tangible Book Value": "-689,700", "Total Debt": "2,399,600", "Net Debt": "1,164,600", "Share Issued": "70,300", "Ordinary Shares Number": "45,000", "Treasury Shares Number": "25,300"}, "6/30/2019": {"Duration": "6/30/2019", "Total Assets": "1,258,300", "Total Liabilities Net Minority Interest": "2,036,500", "Total Equity Gross Minority Interest": "-778,200", "Total Capitalization": "428,400", "Common Stock Equity": "-778,200", "Capital Lease Obligations": "-", "Net Tangible Assets": "-966,000", "Working Capital": "-244,600", "Invested Capital": "438,100", "Tangible Book Value": "-966,000", "Total Debt": "1,216,300", "Net Debt": "1,202,900", "Share Issued": "176,200", "Ordinary Shares Number": "37,500", "Treasury Shares Number": "138,700"}, "6/30/2018": {"Duration": "6/30/2018", "Total Assets": "1,347,340", "Total Liabilities Net Minority Interest": "2,065,649", "Total Equity Gross Minority Interest": "-718,309", "Total Capitalization": "781,315", "Common Stock Equity": "-718,309", "Capital Lease Obligations": "-", "Net Tangible Assets": "-906,094", "Working Capital": "-278,056", "Invested Capital": "788,403", "Tangible Book Value": "-906,094", "Total Debt": "1,506,712", "Net Debt": "1,495,840", "Share Issued": "176,247", "Ordinary Shares Number": "40,798", "Treasury Shares Number": "135,449"}}, "cf": {"TTM": {"Duration": "TTM", "Operating Cash Flow": "232,700", "Investing Cash Flow": "-82,600", "Financing Cash Flow": "-98,000", "End Cash Position": "64,100", "Income Tax Paid Supplemental Data": "-", "Interest Paid Supplemental Data": "-", "Capital Expenditure": "-90,200", "Issuance of Capital Stock": "155,500", "Issuance of Debt": "373,800", "Repayment of Debt": "-560,400", "Repurchase of Capital Stock": "-25,000", "Free Cash Flow": "142,500"}, "6/30/2020": {"Duration": "6/30/2020", "Operating Cash Flow": "245,000", "Investing Cash Flow": "-194,000", "Financing Cash Flow": "-20,500", "End Cash Position": "43,900", "Income Tax Paid Supplemental Data": "-", "Interest Paid Supplemental Data": "-", "Capital Expenditure": "-104,500", "Issuance of Capital Stock": "148,500", "Issuance of Debt": "808,400", "Repayment of Debt": "-876,600", "Repurchase of Capital Stock": "-32,400", "Free Cash Flow": "140,500"}, "6/30/2019": {"Duration": "6/30/2019", "Operating Cash Flow": "212,700", "Investing Cash Flow": "321,300", "Financing Cash Flow": "-531,500", "End Cash Position": "13,400", "Income Tax Paid Supplemental Data": "-", "Interest Paid Supplemental Data": "-", "Capital Expenditure": "-167,600", "Issuance of Capital Stock": "3,000", "Issuance of Debt": "853,000", "Repayment of Debt": "-1,159,500", "Repurchase of Capital Stock": "-167,700", "Free Cash Flow": "45,100"}, "6/30/2018": {"Duration": "6/30/2018", "Operating Cash Flow": "284,451", "Investing Cash Flow": "-77,794", "Financing Cash Flow": "-204,849", "End Cash Position": "10,872", "Income Tax Paid Supplemental Data": "-", "Interest Paid Supplemental Data": "-", "Capital Expenditure": "-101,281", "Issuance of Capital Stock": "2,321", "Issuance of Debt": "1,016,000", "Repayment of Debt": "-848,311", "Repurchase of Capital Stock": "-303,239", "Free Cash Flow": "183,170"}}}}, {"BJRI": {"quote": {"05/11/2021": {"value": "55.92", "Market Cap": "1.299B", "Beta (5Y Monthly)": "2.28", "PE Ratio (TTM)": "N/A", "EPS (TTM)": "-2.58", "Earnings Date": "Jul 21, 2021 - Jul 26, 2021", "Forward Dividend & Yield": "N/A (N/A)", "Ex-Dividend Date": "Mar 09, 2020", "1y Target Est": "63.92"}}, "fin": {"TTM": {"Duration": "TTM", "Total Revenue": "778,510", "Cost of Revenue": "722,090", "Gross Profit": "56,420", "Operating Expense": "125,710", "Operating Income": "-69,290", "Net Non Operating Interest Income Expense": "-7,078", "Other Income Expense": "-13,582", "Pretax Income": "-89,950", "Tax Provision": "-32,065", "Net Income Common Stockholders": "-57,885", "Diluted NI Available to Com Stockholders": "-57,885", "Basic EPS": "-", "Diluted EPS": "-", "Basic Average Shares": "-", "Diluted Average Shares": "-", "Total Operating Income as Reported": "-86,431", "Rent Expense Supplemental": "220,889", "Total Expenses": "847,800", "Net Income from Continuing & Discontinued Operation": "-57,885", "Normalized Income": "-48,324", "Interest Expense": "7,078", "Net Interest Income": "-7,078", "EBIT": "-82,872", "EBITDA": "-9,748", "Reconciled Cost of Revenue": "722,090", "Reconciled Depreciation": "73,124", "Net Income from Continuing Operation Net Minority Interest": "-57,885", "Total Unusual Items Excluding Goodwill": "-14,857", "Total Unusual Items": "-14,857", "Normalized EBITDA": "5,109", "Tax Rate for Calcs": "0", "Tax Effect of Unusual Items": "-5,296"}, "12/31/2020": {"Duration": "12/31/2020", "Total Revenue": "778,510", "Cost of Revenue": "722,090", "Gross Profit": "56,420", "Operating Expense": "125,710", "Operating Income": "-69,290", "Net Non Operating Interest Income Expense": "-7,078", "Other Income Expense": "-13,582", "Pretax Income": "-89,950", "Tax Provision": "-32,065", "Net Income Common Stockholders": "-57,885", "Diluted NI Available to Com Stockholders": "-57,885", "Basic EPS": "-", "Diluted EPS": "-", "Basic Average Shares": "-", "Diluted Average Shares": "-", "Total Operating Income as Reported": "-86,431", "Rent Expense Supplemental": "220,889", "Total Expenses": "847,800", "Net Income from Continuing & Discontinued Operation": "-57,885", "Normalized Income": "-48,317", "Interest Expense": "7,078", "Net Interest Income": "-7,078", "EBIT": "-69,290", "EBITDA": "-", "Reconciled Cost of Revenue": "722,090", "Reconciled Depreciation": "73,124", "Net Income from Continuing Operation Net Minority Interest": "-57,885", "Total Unusual Items Excluding Goodwill": "-14,857", "Total Unusual Items": "-14,857", "Normalized EBITDA": "18,691", "Tax Rate for Calcs": "0", "Tax Effect of Unusual Items": "-5,289"}, "12/31/2019": {"Duration": "12/31/2019", "Total Revenue": "1,161,450", "Cost of Revenue": "975,762", "Gross Profit": "185,688", "Operating Expense": "132,707", "Operating Income": "52,981", "Net Non Operating Interest Income Expense": "-4,613", "Other Income Expense": "-2,074", "Pretax Income": "46,294", "Tax Provision": "1,056", "Net Income Common Stockholders": "45,238", "Diluted NI Available to Com Stockholders": "45,238", "Basic EPS": "2.23", "Diluted EPS": "2.20", "Basic Average Shares": "20,285", "Diluted Average Shares": "20,592", "Total Operating Income as Reported": "49,119", "Rent Expense Supplemental": "256,383", "Total Expenses": "1,108,469", "Net Income from Continuing & Discontinued Operation": "45,238", "Normalized Income": "49,011", "Interest Expense": "4,613", "Net Interest Income": "-4,613", "EBIT": "52,981", "EBITDA": "-", "Reconciled Cost of Revenue": "975,762", "Reconciled Depreciation": "72,006", "Net Income from Continuing Operation Net Minority Interest": "45,238", "Total Unusual Items Excluding Goodwill": "-3,862", "Total Unusual Items": "-3,862", "Normalized EBITDA": "128,849", "Tax Rate for Calcs": "0", "Tax Effect of Unusual Items": "-88.826"}, "12/31/2018": {"Duration": "12/31/2018", "Total Revenue": "1,116,948", "Cost of Revenue": "922,144", "Gross Profit": "194,804", "Operating Expense": "133,186", "Operating Income": "61,618", "Net Non Operating Interest Income Expense": "-4,838", "Other Income Expense": "-4,783", "Pretax Income": "51,997", "Tax Provision": "1,187", "Net Income Common Stockholders": "50,810", "Diluted NI Available to Com Stockholders": "50,810", "Basic EPS": "2.42", "Diluted EPS": "2.35", "Basic Average Shares": "20,958", "Diluted Average Shares": "21,584", "Total Operating Income as Reported": "57,570", "Rent Expense Supplemental": "239,446", "Total Expenses": "1,055,330", "Net Income from Continuing & Discontinued Operation": "50,810", "Normalized Income": "54,765", "Interest Expense": "4,838", "Net Interest Income": "-4,838", "EBIT": "61,618", "EBITDA": "-", "Reconciled Cost of Revenue": "922,144", "Reconciled Depreciation": "70,439", "Net Income from Continuing Operation Net Minority Interest": "50,810", "Total Unusual Items Excluding Goodwill": "-4,048", "Total Unusual Items": "-4,048", "Normalized EBITDA": "136,105", "Tax Rate for Calcs": "0", "Tax Effect of Unusual Items": "-93.104"}}, "bs": {"12/31/2020": {"Duration": "12/31/2020", "Total Assets": "1,059,424", "Total Liabilities Net Minority Interest": "765,636", "Total Equity Gross Minority Interest": "293,788", "Total Capitalization": "410,588", "Common Stock Equity": "293,788", "Capital Lease Obligations": "493,678", "Net Tangible Assets": "289,115", "Working Capital": "-82,609", "Invested Capital": "410,588", "Tangible Book Value": "289,115", "Total Debt": "610,478", "Net Debt": "65,136", "Share Issued": "22,318", "Ordinary Shares Number": "22,318"}, "12/31/2019": {"Duration": "12/31/2019", "Total Assets": "1,072,084", "Total Liabilities Net Minority Interest": "781,797", "Total Equity Gross Minority Interest": "290,287", "Total Capitalization": "433,287", "Common Stock Equity": "290,287", "Capital Lease Obligations": "480,527", "Net Tangible Assets": "285,614", "Working Capital": "-93,826", "Invested Capital": "433,287", "Tangible Book Value": "285,614", "Total Debt": "623,527", "Net Debt": "120,606", "Share Issued": "19,149", "Ordinary Shares Number": "19,149"}, "12/31/2018": {"Duration": "12/31/2018", "Total Assets": "695,107", "Total Liabilities Net Minority Interest": "385,886", "Total Equity Gross Minority Interest": "309,221", "Total Capitalization": "404,221", "Common Stock Equity": "309,221", "Capital Lease Obligations": "-", "Net Tangible Assets": "304,548", "Working Capital": "-71,938", "Invested Capital": "404,221", "Tangible Book Value": "304,548", "Total Debt": "95,000", "Net Debt": "65,776", "Share Issued": "21,058", "Ordinary Shares Number": "21,058"}}, "cf": {"TTM": {"Duration": "TTM", "Operating Cash Flow": "40,541", "Investing Cash Flow": "-35,716", "Financing Cash Flow": "24,445", "End Cash Position": "51,664", "Income Tax Paid Supplemental Data": "1,314", "Interest Paid Supplemental Data": "5,946", "Capital Expenditure": "-43,325", "Issuance of Capital Stock": "67,342", "Issuance of Debt": "1,252,700", "Repayment of Debt": "-1,278,900", "Repurchase of Capital Stock": "-15,014", "Free Cash Flow": "-2,784"}, "12/31/2020": {"Duration": "12/31/2020", "Operating Cash Flow": "40,541", "Investing Cash Flow": "-35,716", "Financing Cash Flow": "24,445", "End Cash Position": "51,664", "Income Tax Paid Supplemental Data": "1,314", "Interest Paid Supplemental Data": "5,946", "Capital Expenditure": "-43,325", "Issuance of Capital Stock": "67,342", "Issuance of Debt": "1,252,700", "Repayment of Debt": "-1,278,900", "Repurchase of Capital Stock": "-15,014", "Free Cash Flow": "-2,784"}, "12/31/2019": {"Duration": "12/31/2019", "Operating Cash Flow": "115,999", "Investing Cash Flow": "-78,118", "Financing Cash Flow": "-44,711", "End Cash Position": "22,394", "Income Tax Paid Supplemental Data": "5,152", "Interest Paid Supplemental Data": "3,992", "Capital Expenditure": "-82,157", "Issuance of Capital Stock": "-", "Issuance of Debt": "1,043,500", "Repayment of Debt": "-995,500", "Repurchase of Capital Stock": "-82,760", "Free Cash Flow": "33,842"}, "12/31/2018": {"Duration": "12/31/2018", "Operating Cash Flow": "132,917", "Investing Cash Flow": "-55,463", "Financing Cash Flow": "-72,565", "End Cash Position": "29,224", "Income Tax Paid Supplemental Data": "9,597", "Interest Paid Supplemental Data": "4,158", "Capital Expenditure": "-60,964", "Issuance of Capital Stock": "-", "Issuance of Debt": "1,175,000", "Repayment of Debt": "-1,243,500", "Repurchase of Capital Stock": "-20,331", "Free Cash Flow": "71,953"}}}}, {"RRGB": {"quote": {"05/11/2021": {"value": "34.22", "Market Cap": "533.168M", "Beta (5Y Monthly)": "2.97", "PE Ratio (TTM)": "N/A", "EPS (TTM)": "-19.29", "Earnings Date": "Jun 08, 2021 - Jun 14, 2021", "Forward Dividend & Yield": "N/A (N/A)", "Ex-Dividend Date": "N/A", "1y Target Est": "32.80"}}, "fin": {"TTM": {"Duration": "TTM", "Total Revenue": "868,715", "Cost of Revenue": "531,314", "Gross Profit": "337,401", "Operating Expense": "461,168", "Operating Income": "-123,767", "Net Non Operating Interest Income Expense": "-8,406", "Other Income Expense": "-151,379", "Pretax Income": "-283,552", "Tax Provision": "-7,484", "Net Income Common Stockholders": "-276,068", "Diluted NI Available to Com Stockholders": "-276,068", "Basic EPS": "-", "Diluted EPS": "-", "Basic Average Shares": "-", "Diluted Average Shares": "-", "Total Operating Income as Reported": "-275,146", "Rent Expense Supplemental": "99,521", "Total Expenses": "992,482", "Net Income from Continuing & Discontinued Operation": "-276,068", "Normalized Income": "-128,625", "Interest Income": "1,757", "Interest Expense": "10,163", "Net Interest Income": "-8,406", "EBIT": "-273,389", "EBITDA": "-185,832", "Reconciled Cost of Revenue": "531,314", "Reconciled Depreciation": "87,557", "Net Income from Continuing Operation Net Minority Interest": "-276,068", "Total Unusual Items Excluding Goodwill": "-151,379", "Total Unusual Items": "-151,379", "Normalized EBITDA": "-34,453", "Tax Rate for Calcs": "0", "Tax Effect of Unusual Items": "-3,936"}, "12/31/2020": {"Duration": "12/31/2020", "Total Revenue": "868,715", "Cost of Revenue": "531,314", "Gross Profit": "337,401", "Operating Expense": "461,168", "Operating Income": "-123,767", "Net Non Operating Interest Income Expense": "-8,406", "Other Income Expense": "-151,379", "Pretax Income": "-283,552", "Tax Provision": "-7,484", "Net Income Common Stockholders": "-276,068", "Diluted NI Available to Com Stockholders": "-276,068", "Basic EPS": "-", "Diluted EPS": "-", "Basic Average Shares": "-", "Diluted Average Shares": "-", "Total Operating Income as Reported": "-275,146", "Rent Expense Supplemental": "99,521", "Total Expenses": "992,482", "Net Income from Continuing & Discontinued Operation": "-276,068", "Normalized Income": "-128,625", "Interest Income": "1,757", "Interest Expense": "10,163", "Net Interest Income": "-8,406", "EBIT": "-273,389", "EBITDA": "-", "Reconciled Cost of Revenue": "531,314", "Reconciled Depreciation": "87,557", "Net Income from Continuing Operation Net Minority Interest": "-276,068", "Total Unusual Items Excluding Goodwill": "-151,379", "Total Unusual Items": "-151,379", "Normalized EBITDA": "-34,453", "Tax Rate for Calcs": "0", "Tax Effect of Unusual Items": "-3,936"}, "12/31/2019": {"Duration": "12/31/2019", "Total Revenue": "1,315,014", "Cost of Revenue": "760,182", "Gross Profit": "554,832", "Operating Expense": "550,602", "Operating Income": "4,230", "Net Non Operating Interest Income Expense": "-9,110", "Other Income Expense": "-17,357", "Pretax Income": "-22,237", "Tax Provision": "-14,334", "Net Income Common Stockholders": "-7,903", "Diluted NI Available to Com Stockholders": "-7,903", "Basic EPS": "-0.61", "Diluted EPS": "-0.61", "Basic Average Shares": "12,959", "Diluted Average Shares": "12,959", "Total Operating Income as Reported": "-13,127", "Rent Expense Supplemental": "111,798", "Total Expenses": "1,310,784", "Net Income from Continuing & Discontinued Operation": "-7,903", "Normalized Income": "4,768", "Interest Income": "1,068", "Interest Expense": "10,178", "Net Interest Income": "-9,110", "EBIT": "-12,059", "EBITDA": "-", "Reconciled Cost of Revenue": "760,182", "Reconciled Depreciation": "91,790", "Net Income from Continuing Operation Net Minority Interest": "-7,903", "Total Unusual Items Excluding Goodwill": "-17,357", "Total Unusual Items": "-17,357", "Normalized EBITDA": "97,088", "Tax Rate for Calcs": "0", "Tax Effect of Unusual Items": "-4,686"}, "12/31/2018": {"Duration": "12/31/2018", "Total Revenue": "1,338,563", "Cost of Revenue": "769,766", "Gross Profit": "568,797", "Operating Expense": "540,151", "Operating Income": "28,646", "Net Non Operating Interest Income Expense": "-10,925", "Other Income Expense": "-39,131", "Pretax Income": "-21,410", "Tax Provision": "-14,991", "Net Income Common Stockholders": "-6,419", "Diluted NI Available to Com Stockholders": "-6,419", "Basic EPS": "-0.49", "Diluted EPS": "-0.49", "Basic Average Shares": "12,976", "Diluted Average Shares": "12,976", "Total Operating Income as Reported": "-10,485", "Rent Expense Supplemental": "114,146", "Total Expenses": "1,309,917", "Net Income from Continuing & Discontinued Operation": "-6,419", "Normalized Income": "20,003", "Interest Income": "-221", "Interest Expense": "10,925", "Net Interest Income": "-10,925", "EBIT": "-10,485", "EBITDA": "-", "Reconciled Cost of Revenue": "769,766", "Reconciled Depreciation": "95,371", "Net Income from Continuing Operation Net Minority Interest": "-6,419", "Total Unusual Items Excluding Goodwill": "-36,195", "Total Unusual Items": "-36,195", "Normalized EBITDA": "121,081", "Tax Rate for Calcs": "0", "Tax Effect of Unusual Items": "-9,773"}}, "bs": {"12/31/2020": {"Duration": "12/31/2020", "Total Assets": "974,739", "Total Liabilities Net Minority Interest": "854,026", "Total Equity Gross Minority Interest": "120,713", "Total Capitalization": "281,665", "Common Stock Equity": "120,713", "Capital Lease Obligations": "520,508", "Net Tangible Assets": "95,999", "Working Capital": "-115,646", "Invested Capital": "291,357", "Tangible Book Value": "95,999", "Total Debt": "691,152", "Net Debt": "154,528", "Share Issued": "20,449", "Ordinary Shares Number": "15,548", "Treasury Shares Number": "4,901"}, "12/31/2019": {"Duration": "12/31/2019", "Total Assets": "1,237,580", "Total Liabilities Net Minority Interest": "877,060", "Total Equity Gross Minority Interest": "360,520", "Total Capitalization": "567,395", "Common Stock Equity": "360,520", "Capital Lease Obligations": "508,134", "Net Tangible Assets": "234,148", "Working Capital": "-89,099", "Invested Capital": "567,395", "Tangible Book Value": "234,148", "Total Debt": "715,009", "Net Debt": "176,830", "Share Issued": "17,851", "Ordinary Shares Number": "12,923", "Treasury Shares Number": "4,928"}, "12/31/2018": {"Duration": "12/31/2018", "Total Assets": "843,941", "Total Liabilities Net Minority Interest": "461,136", "Total Equity Gross Minority Interest": "382,805", "Total Capitalization": "576,180", "Common Stock Equity": "382,805", "Capital Lease Obligations": "9,414", "Net Tangible Assets": "252,358", "Working Capital": "-72,600", "Invested Capital": "576,180", "Tangible Book Value": "252,358", "Total Debt": "202,789", "Net Debt": "174,806", "Share Issued": "17,851", "Ordinary Shares Number": "12,971", "Treasury Shares Number": "4,880"}}, "cf": {"TTM": {"Duration": "TTM", "Operating Cash Flow": "20,233", "Investing Cash Flow": "-21,393", "Financing Cash Flow": "-11,704", "End Cash Position": "16,116", "Income Tax Paid Supplemental Data": "-", "Interest Paid Supplemental Data": "9,869", "Capital Expenditure": "-22,132", "Issuance of Capital Stock": "28,718", "Issuance of Debt": "211,000", "Repayment of Debt": "-247,501", "Repurchase of Capital Stock": "-1,635", "Free Cash Flow": "-1,899"}, "12/31/2020": {"Duration": "12/31/2020", "Operating Cash Flow": "20,233", "Investing Cash Flow": "-21,393", "Financing Cash Flow": "-11,704", "End Cash Position": "16,116", "Income Tax Paid Supplemental Data": "-", "Interest Paid Supplemental Data": "9,869", "Capital Expenditure": "-22,132", "Issuance of Capital Stock": "28,718", "Issuance of Debt": "211,000", "Repayment of Debt": "-247,501", "Repurchase of Capital Stock": "-1,635", "Free Cash Flow": "-1,899"}, "12/31/2019": {"Duration": "12/31/2019", "Operating Cash Flow": "57,915", "Investing Cash Flow": "-57,030", "Financing Cash Flow": "9,678", "End Cash Position": "30,045", "Income Tax Paid Supplemental Data": "3,237", "Interest Paid Supplemental Data": "9,750", "Capital Expenditure": "-57,309", "Issuance of Capital Stock": "-", "Issuance of Debt": "273,500", "Repayment of Debt": "-261,063", "Repurchase of Capital Stock": "-3,450", "Free Cash Flow": "606"}, "12/31/2018": {"Duration": "12/31/2018", "Operating Cash Flow": "126,295", "Investing Cash Flow": "-49,836", "Financing Cash Flow": "-74,298", "End Cash Position": "18,569", "Income Tax Paid Supplemental Data": "-", "Interest Paid Supplemental Data": "-", "Capital Expenditure": "-50,271", "Issuance of Capital Stock": "-", "Issuance of Debt": "215,500", "Repayment of Debt": "-289,238", "Repurchase of Capital Stock": "-1,474", "Free Cash Flow": "76,024"}}}}, {"JACK": {"quote": {"05/11/2021": {"value": "122.32", "Market Cap": "2.792B", "Beta (5Y Monthly)": "1.81", "PE Ratio (TTM)": "21.24", "EPS (TTM)": "5.76", "Earnings Date": "May 12, 2021", "Forward Dividend & Yield": "1.60 (1.32%)", "Ex-Dividend Date": "Mar 02, 2021", "1y Target Est": "123.19"}}, "fin": {"TTM": {"Duration": "TTM", "Total Revenue": "1,052,374", "Cost of Revenue": "679,704", "Gross Profit": "372,670", "Operating Expense": "124,647", "Operating Income": "248,023", "Net Non Operating Interest Income Expense": "-67,536", "Other Income Expense": "-1,476", "Pretax Income": "179,011", "Tax Provision": "46,655", "Net Income Common Stockholders": "132,726", "Diluted NI Available to Com Stockholders": "132,726", "Basic EPS": "-", "Diluted EPS": "-", "Basic Average Shares": "-", "Diluted Average Shares": "-", "Total Operating Income as Reported": "249,560", "Rent Expense Supplemental": "266,724", "Total Expenses": "804,351", "Net Income from Continuing & Discontinued Operation": "132,726", "Normalized Income": "131,220", "Interest Income": "57", "Interest Expense": "67,593", "Net Interest Income": "-67,536", "EBIT": "246,604", "EBITDA": "298,159", "Reconciled Cost of Revenue": "680,618", "Reconciled Depreciation": "50,641", "Net Income from Continuing Operation Net Minority Interest": "132,356", "Total Unusual Items Excluding Goodwill": "1,537", "Total Unusual Items": "1,537", "Normalized EBITDA": "296,622", "Tax Rate for Calcs": "0", "Tax Effect of Unusual Items": "400.5828"}, "9/30/2020": {"Duration": "9/30/2020", "Total Revenue": "1,021,506", "Cost of Revenue": "667,037", "Gross Profit": "354,469", "Operating Expense": "133,874", "Operating Income": "220,595", "Net Non Operating Interest Income Expense": "-66,743", "Other Income Expense": "-31,731", "Pretax Income": "122,121", "Tax Provision": "32,727", "Net Income Common Stockholders": "89,764", "Diluted NI Available to Com Stockholders": "89,764", "Basic EPS": "3.88", "Diluted EPS": "3.86", "Basic Average Shares": "23,125", "Diluted Average Shares": "23,269", "Total Operating Income as Reported": "230,584", "Rent Expense Supplemental": "264,195", "Total Expenses": "800,911", "Net Income from Continuing & Discontinued Operation": "89,764", "Normalized Income": "82,082", "Interest Income": "530", "Interest Expense": "67,273", "Net Interest Income": "-66,743", "EBIT": "189,394", "EBITDA": "-", "Reconciled Cost of Revenue": "667,272", "Reconciled Depreciation": "52,798", "Net Income from Continuing Operation Net Minority Interest": "89,394", "Total Unusual Items Excluding Goodwill": "9,989", "Total Unusual Items": "9,989", "Normalized EBITDA": "232,438", "Tax Rate for Calcs": "0", "Tax Effect of Unusual Items": "2,677"}, "9/30/2019": {"Duration": "9/30/2019", "Total Revenue": "950,107", "Cost of Revenue": "605,257", "Gross Profit": "344,850", "Operating Expense": "133,154", "Operating Income": "211,696", "Net Non Operating Interest Income Expense": "-84,967", "Other Income Expense": "-10,957", "Pretax Income": "115,772", "Tax Provision": "24,025", "Net Income Common Stockholders": "94,437", "Diluted NI Available to Com Stockholders": "94,437", "Basic EPS": "3.66", "Diluted EPS": "3.62", "Basic Average Shares": "25,823", "Diluted Average Shares": "26,068", "Total Operating Income as Reported": "202,223", "Rent Expense Supplemental": "217,197", "Total Expenses": "738,411", "Net Income from Continuing & Discontinued Operation": "94,437", "Normalized Income": "99,250", "Interest Income": "1,060", "Interest Expense": "86,027", "Net Interest Income": "-84,967", "EBIT": "201,799", "EBITDA": "-", "Reconciled Cost of Revenue": "606,873", "Reconciled Depreciation": "55,181", "Net Income from Continuing Operation Net Minority Interest": "91,747", "Total Unusual Items Excluding Goodwill": "-9,473", "Total Unusual Items": "-9,473", "Normalized EBITDA": "268,069", "Tax Rate for Calcs": "0", "Tax Effect of Unusual Items": "-1,970"}, "9/30/2018": {"Duration": "9/30/2018", "Total Revenue": "869,690", "Cost of Revenue": "499,751", "Gross Profit": "369,939", "Operating Expense": "167,201", "Operating Income": "202,738", "Net Non Operating Interest Income Expense": "-45,547", "Other Income Expense": "28,876", "Pretax Income": "186,067", "Tax Provision": "81,728", "Net Income Common Stockholders": "121,371", "Diluted NI Available to Com Stockholders": "121,371", "Basic EPS": "4.26", "Diluted EPS": "4.21", "Basic Average Shares": "28,499", "Diluted Average Shares": "28,807", "Total Operating Income as Reported": "231,614", "Rent Expense Supplemental": "230,122", "Total Expenses": "666,952", "Net Income from Continuing & Discontinued Operation": "121,371", "Normalized Income": "83,260", "Interest Income": "978", "Interest Expense": "46,525", "Net Interest Income": "-45,547", "EBIT": "232,592", "EBITDA": "-", "Reconciled Cost of Revenue": "500,881", "Reconciled Depreciation": "59,422", "Net Income from Continuing Operation Net Minority Interest": "104,339", "Total Unusual Items Excluding Goodwill": "28,876", "Total Unusual Items": "28,876", "Normalized EBITDA": "264,268", "Tax Rate for Calcs": "0", "Tax Effect of Unusual Items": "7,797"}}, "bs": {"9/30/2020": {"Duration": "9/30/2020", "Total Assets": "1,906,494", "Total Liabilities Net Minority Interest": "2,699,855", "Total Equity Gross Minority Interest": "-793,361", "Total Capitalization": "583,552", "Common Stock Equity": "-793,361", "Capital Lease Obligations": "955,094", "Net Tangible Assets": "-840,799", "Working Capital": "-4,773", "Invested Capital": "584,370", "Tangible Book Value": "-840,799", "Total Debt": "2,332,825", "Net Debt": "1,178,069", "Share Issued": "82,370", "Ordinary Shares Number": "22,723", "Treasury Shares Number": "59,647"}, "9/30/2019": {"Duration": "9/30/2019", "Total Assets": "958,483", "Total Liabilities Net Minority Interest": "1,696,067", "Total Equity Gross Minority Interest": "-737,584", "Total Capitalization": "536,790", "Common Stock Equity": "-737,584", "Capital Lease Obligations": "-", "Net Tangible Assets": "-784,756", "Working Capital": "69,205", "Invested Capital": "537,564", "Tangible Book Value": "-784,756", "Total Debt": "1,275,148", "Net Debt": "1,149,612", "Share Issued": "82,159", "Ordinary Shares Number": "24,398", "Treasury Shares Number": "57,761"}, "9/30/2018": {"Duration": "9/30/2018", "Total Assets": "823,397", "Total Liabilities Net Minority Interest": "1,415,096", "Total Equity Gross Minority Interest": "-591,699", "Total Capitalization": "446,228", "Common Stock Equity": "-591,699", "Capital Lease Obligations": "-", "Net Tangible Assets": "-639,048", "Working Capital": "-88,747", "Invested Capital": "478,056", "Tangible Book Value": "-639,048", "Total Debt": "1,069,755", "Net Debt": "1,067,050", "Share Issued": "82,062", "Ordinary Shares Number": "25,736", "Treasury Shares Number": "56,326"}}, "cf": {"TTM": {"Duration": "TTM", "Operating Cash Flow": "183,089", "Investing Cash Flow": "-3,878", "Financing Cash Flow": "71,078", "End Cash Position": "288,575", "Capital Expenditure": "-19,402", "Issuance of Capital Stock": "4,577", "Issuance of Debt": "-", "Repayment of Debt": "-17,049", "Repurchase of Capital Stock": "0", "Free Cash Flow": "163,687"}, "9/30/2020": {"Duration": "9/30/2020", "Operating Cash Flow": "143,525", "Investing Cash Flow": "29,123", "Financing Cash Flow": "-87,289", "End Cash Position": "236,920", "Capital Expenditure": "-19,528", "Issuance of Capital Stock": "4,647", "Issuance of Debt": "114,376", "Repayment of Debt": "-17,036", "Repurchase of Capital Stock": "-155,576", "Free Cash Flow": "123,997"}, "9/30/2019": {"Duration": "9/30/2019", "Operating Cash Flow": "168,405", "Investing Cash Flow": "-13,819", "Financing Cash Flow": "-5,730", "End Cash Position": "151,561", "Capital Expenditure": "-47,649", "Issuance of Capital Stock": "1,231", "Issuance of Debt": "1,529,798", "Repayment of Debt": "-1,297,370", "Repurchase of Capital Stock": "-137,654", "Free Cash Flow": "120,756"}, "9/30/2018": {"Duration": "9/30/2018", "Operating Cash Flow": "108,878", "Investing Cash Flow": "331,786", "Financing Cash Flow": "-445,607", "End Cash Position": "2,705", "Capital Expenditure": "-32,345", "Issuance of Capital Stock": "7,959", "Issuance of Debt": "757,100", "Repayment of Debt": "-828,307", "Repurchase of Capital Stock": "-325,634", "Free Cash Flow": "76,533"}}}}, {"BH": {"quote": {"05/11/2021": {"value": "157.04", "Market Cap": "484.988M", "Beta (5Y Monthly)": "2.34", "PE Ratio (TTM)": "0.31", "EPS (TTM)": "505.64", "Earnings Date": "Aug 05, 2021 - Aug 09, 2021", "Forward Dividend & Yield": "N/A (N/A)", "Ex-Dividend Date": "Jun 14, 1996", "1y Target Est": "N/A"}}, "fin": {"TTM": {"Duration": "TTM", "Total Revenue": "433,683", "Cost of Revenue": "296,732", "Gross Profit": "136,951", "Operating Expense": "108,582", "Operating Income": "28,369", "Net Non Operating Interest Income Expense": "-15,536", "Other Income Expense": "-63,034", "Pretax Income": "-50,201", "Tax Provision": "-12,212", "Net Income Common Stockholders": "-37,989", "Diluted NI Available to Com Stockholders": "-37,989", "Basic EPS": "-", "Diluted EPS": "-", "Basic Average Shares": "-", "Diluted Average Shares": "-", "Total Operating Income as Reported": "-", "Total Expenses": "405,314", "Net Income from Continuing & Discontinued Operation": "-37,989", "Normalized Income": "-22,853", "Interest Expense": "15,536", "Net Interest Income": "-15,536", "EBIT": "-34,665", "EBITDA": "-2,443", "Reconciled Cost of Revenue": "296,732", "Reconciled Depreciation": "32,222", "Net Income from Continuing Operation Net Minority Interest": "-37,989", "Total Unusual Items Excluding Goodwill": "-20,002", "Total Unusual Items": "-20,002", "Normalized EBITDA": "17,559", "Tax Rate for Calcs": "0", "Tax Effect of Unusual Items": "-4,866"}, "12/31/2020": {"Duration": "12/31/2020", "Total Revenue": "433,683", "Cost of Revenue": "296,732", "Gross Profit": "136,951", "Operating Expense": "108,582", "Operating Income": "28,369", "Net Non Operating Interest Income Expense": "-15,536", "Other Income Expense": "-63,034", "Pretax Income": "-50,201", "Tax Provision": "-12,212", "Net Income Common Stockholders": "-37,989", "Diluted NI Available to Com Stockholders": "-37,989", "Basic EPS": "-", "Diluted EPS": "-", "Basic Average Shares": "-", "Diluted Average Shares": "-", "Total Operating Income as Reported": "-", "Total Expenses": "405,314", "Net Income from Continuing & Discontinued Operation": "-37,989", "Normalized Income": "-22,853", "Interest Expense": "15,536", "Net Interest Income": "-15,536", "EBIT": "-34,665", "EBITDA": "-", "Reconciled Cost of Revenue": "296,732", "Reconciled Depreciation": "32,222", "Net Income from Continuing Operation Net Minority Interest": "-37,989", "Total Unusual Items Excluding Goodwill": "-20,002", "Total Unusual Items": "-20,002", "Normalized EBITDA": "17,559", "Tax Rate for Calcs": "0", "Tax Effect of Unusual Items": "-4,866"}, "12/31/2019": {"Duration": "12/31/2019", "Total Revenue": "668,838", "Cost of Revenue": "533,658", "Gross Profit": "135,180", "Operating Expense": "129,728", "Operating Income": "5,452", "Net Non Operating Interest Income Expense": "-20,258", "Other Income Expense": "69,947", "Pretax Income": "55,141", "Tax Provision": "9,761", "Net Income Common Stockholders": "45,380", "Diluted NI Available to Com Stockholders": "45,380", "Basic EPS": "26.33", "Diluted EPS": "26.33", "Basic Average Shares": "1,724", "Diluted Average Shares": "1,724", "Total Operating Income as Reported": "-", "Total Expenses": "663,386", "Net Income from Continuing & Discontinued Operation": "45,380", "Normalized Income": "52,117", "Interest Expense": "20,258", "Net Interest Income": "-20,258", "EBIT": "75,399", "EBITDA": "-", "Reconciled Cost of Revenue": "533,658", "Reconciled Depreciation": "29,578", "Net Income from Continuing Operation Net Minority Interest": "45,380", "Total Unusual Items Excluding Goodwill": "-8,186", "Total Unusual Items": "-8,186", "Normalized EBITDA": "113,163", "Tax Rate for Calcs": "0", "Tax Effect of Unusual Items": "-1,449"}, "12/31/2018": {"Duration": "12/31/2018", "Total Revenue": "809,894", "Cost of Revenue": "661,439", "Gross Profit": "148,455", "Operating Expense": "152,227", "Operating Income": "-3,772", "Net Non Operating Interest Income Expense": "-19,884", "Other Income Expense": "40,411", "Pretax Income": "16,755", "Tax Provision": "-2,637", "Net Income Common Stockholders": "19,392", "Diluted NI Available to Com Stockholders": "19,392", "Basic EPS": "11.14", "Diluted EPS": "11.14", "Basic Average Shares": "1,741", "Diluted Average Shares": "1,741", "Total Operating Income as Reported": "-", "Total Expenses": "813,666", "Net Income from Continuing & Discontinued Operation": "19,392", "Normalized Income": "19,392", "Interest Expense": "19,884", "Net Interest Income": "-19,884", "EBIT": "36,639", "EBITDA": "-", "Reconciled Cost of Revenue": "661,439", "Reconciled Depreciation": "19,318", "Net Income from Continuing Operation Net Minority Interest": "19,392", "Total Unusual Items Excluding Goodwill": "-", "Total Unusual Items": "-", "Normalized EBITDA": "55,957", "Tax Rate for Calcs": "0", "Tax Effect of Unusual Items": "0"}}, "bs": {"12/31/2020": {"Duration": "12/31/2020", "Total Assets": "1,017,968", "Total Liabilities Net Minority Interest": "453,140", "Total Equity Gross Minority Interest": "564,828", "Total Capitalization": "564,828", "Common Stock Equity": "564,828", "Capital Lease Obligations": "129,010", "Net Tangible Assets": "487,167", "Working Capital": "-140,669", "Invested Capital": "717,089", "Tangible Book Value": "487,167", "Total Debt": "281,271", "Net Debt": "127,758", "Share Issued": "3,103", "Ordinary Shares Number": "3,103", "Treasury Shares Number": "-"}, "12/31/2019": {"Duration": "12/31/2019", "Total Assets": "1,139,309", "Total Liabilities Net Minority Interest": "523,011", "Total Equity Gross Minority Interest": "616,298", "Total Capitalization": "795,344", "Common Stock Equity": "616,298", "Capital Lease Obligations": "154,927", "Net Tangible Assets": "548,909", "Working Capital": "5,574", "Invested Capital": "796,562", "Tangible Book Value": "548,909", "Total Debt": "335,191", "Net Debt": "112,492", "Share Issued": "3,103", "Ordinary Shares Number": "3,103", "Treasury Shares Number": "-"}, "12/31/2018": {"Duration": "12/31/2018", "Total Assets": "1,029,493", "Total Liabilities Net Minority Interest": "459,038", "Total Equity Gross Minority Interest": "570,455", "Total Capitalization": "750,719", "Common Stock Equity": "570,455", "Capital Lease Obligations": "64,200", "Net Tangible Assets": "502,289", "Working Capital": "-8,052", "Invested Capital": "751,976", "Tangible Book Value": "502,289", "Total Debt": "245,721", "Net Debt": "132,964", "Share Issued": "3,103", "Ordinary Shares Number": "3,103", "Treasury Shares Number": "-"}}, "cf": {"TTM": {"Duration": "TTM", "Operating Cash Flow": "117,556", "Investing Cash Flow": "-129,487", "Financing Cash Flow": "-29,109", "End Cash Position": "29,666", "Capital Expenditure": "-20,702", "Issuance of Debt": "500", "Repayment of Debt": "-29,609", "Free Cash Flow": "96,854"}, "12/31/2020": {"Duration": "12/31/2020", "Operating Cash Flow": "117,556", "Investing Cash Flow": "-129,487", "Financing Cash Flow": "-29,109", "End Cash Position": "29,666", "Capital Expenditure": "-20,702", "Issuance of Debt": "500", "Repayment of Debt": "-29,609", "Free Cash Flow": "96,854"}, "12/31/2019": {"Duration": "12/31/2019", "Operating Cash Flow": "93,683", "Investing Cash Flow": "-69,982", "Financing Cash Flow": "-8,010", "End Cash Position": "70,696", "Capital Expenditure": "-17,679", "Issuance of Debt": "-", "Repayment of Debt": "-8,010", "Free Cash Flow": "76,004"}, "12/31/2018": {"Duration": "12/31/2018", "Operating Cash Flow": "20,678", "Investing Cash Flow": "-25,290", "Financing Cash Flow": "-7,530", "End Cash Position": "55,010", "Capital Expenditure": "-17,796", "Issuance of Debt": "-", "Repayment of Debt": "-7,579", "Free Cash Flow": "2,882"}}}}, {"BOJA": {"quote": {"05/11/2021": {"value": "", "Net Assets": "N/A", "Beta (5Y Monthly)": "N/A", "Yield": "N/A", "5y Average Return": "N/A", "Holdings Turnover": "N/A", "Last Dividend": "N/A", "Average for Category": "N/A", "Inception Date": "N/A"}}, "fin": {}, "bs": {}, "cf": {}}}, {"BLMN": {"quote": {"05/11/2021": {"value": "29.45", "Market Cap": "2.619B", "Beta (5Y Monthly)": "2.17", "PE Ratio (TTM)": "N/A", "EPS (TTM)": "-0.63", "Earnings Date": "Jul 22, 2021 - Jul 26, 2021", "Forward Dividend & Yield": "N/A (N/A)", "Ex-Dividend Date": "Feb 27, 2020", "1y Target Est": "34.77"}}, "fin": {"TTM": {"Duration": "TTM", "Total Revenue": "4,139,389", "Cost of Revenue": "2,485,113", "Gross Profit": "1,654,276", "Operating Expense": "1,463,186", "Operating Income": "191,090", "Net Non Operating Interest Income Expense": "-49,257", "Other Income Expense": "-143", "Pretax Income": "141,690", "Tax Provision": "7,573", "Net Income Common Stockholders": "130,573", "Diluted NI Available to Com Stockholders": "130,573", "Basic EPS": "-", "Diluted EPS": "-", "Basic Average Shares": "-", "Diluted Average Shares": "-", "Total Operating Income as Reported": "191,090", "Total Expenses": "3,948,299", "Net Income from Continuing & Discontinued Operation": "130,573", "Normalized Income": "130,573", "Interest Expense": "64,442", "Net Interest Income": "-49,257", "EBIT": "191,090", "EBITDA": "387,901", "Reconciled Cost of Revenue": "2,485,113", "Reconciled Depreciation": "196,811", "Net Income from Continuing Operation Net Minority Interest": "130,573", "Total Unusual Items Excluding Goodwill": "0", "Total Unusual Items": "0", "Normalized EBITDA": "387,901", "Tax Rate for Calcs": "0", "Tax Effect of Unusual Items": "0"}, "12/31/2020": {"Duration": "12/31/2020", "Total Revenue": "3,170,561", "Cost of Revenue": "1,987,997", "Gross Profit": "1,182,564", "Operating Expense": "1,281,183", "Operating Income": "-98,619", "Net Non Operating Interest Income Expense": "-64,442", "Other Income Expense": "-76,460", "Pretax Income": "-239,521", "Tax Provision": "-80,726", "Net Income Common Stockholders": "-162,211", "Diluted NI Available to Com Stockholders": "-162,211", "Basic EPS": "-1.85", "Diluted EPS": "-1.85", "Basic Average Shares": "87,468", "Diluted Average Shares": "87,468", "Total Operating Income as Reported": "-174,973", "Total Expenses": "3,269,180", "Net Income from Continuing & Discontinued Operation": "-158,715", "Normalized Income": "-107,935", "Interest Expense": "64,442", "Net Interest Income": "-64,442", "EBIT": "-175,079", "EBITDA": "-", "Reconciled Cost of Revenue": "1,987,997", "Reconciled Depreciation": "180,261", "Net Income from Continuing Operation Net Minority Interest": "-158,715", "Total Unusual Items Excluding Goodwill": "-76,591", "Total Unusual Items": "-76,591", "Normalized EBITDA": "81,773", "Tax Rate for Calcs": "0", "Tax Effect of Unusual Items": "-25,811"}, "12/31/2019": {"Duration": "12/31/2019", "Total Revenue": "4,139,389", "Cost of Revenue": "2,485,113", "Gross Profit": "1,654,276", "Operating Expense": "1,454,101", "Operating Income": "200,175", "Net Non Operating Interest Income Expense": "-49,257", "Other Income Expense": "-9,228", "Pretax Income": "141,690", "Tax Provision": "7,573", "Net Income Common Stockholders": "130,573", "Diluted NI Available to Com Stockholders": "130,573", "Basic EPS": "1.47", "Diluted EPS": "1.45", "Basic Average Shares": "88,839", "Diluted Average Shares": "89,777", "Total Operating Income as Reported": "191,090", "Total Expenses": "3,939,214", "Net Income from Continuing & Discontinued Operation": "130,573", "Normalized Income": "139,176", "Interest Expense": "49,257", "Net Interest Income": "-49,257", "EBIT": "190,947", "EBITDA": "-", "Reconciled Cost of Revenue": "2,485,113", "Reconciled Depreciation": "196,811", "Net Income from Continuing Operation Net Minority Interest": "130,573", "Total Unusual Items Excluding Goodwill": "-9,085", "Total Unusual Items": "-9,085", "Normalized EBITDA": "396,843", "Tax Rate for Calcs": "0", "Tax Effect of Unusual Items": "-481.505"}, "12/31/2018": {"Duration": "12/31/2018", "Total Revenue": "4,126,413", "Cost of Revenue": "2,492,885", "Gross Profit": "1,633,528", "Operating Expense": "1,451,412", "Operating Income": "182,116", "Net Non Operating Interest Income Expense": "-44,937", "Other Income Expense": "-36,874", "Pretax Income": "100,305", "Tax Provision": "-9,233", "Net Income Common Stockholders": "107,098", "Diluted NI Available to Com Stockholders": "107,098", "Basic EPS": "1.16", "Diluted EPS": "1.14", "Basic Average Shares": "92,042", "Diluted Average Shares": "94,075", "Total Operating Income as Reported": "145,253", "Total Expenses": "3,944,297", "Net Income from Continuing & Discontinued Operation": "107,098", "Normalized Income": "134,008", "Interest Expense": "44,937", "Net Interest Income": "-44,937", "EBIT": "145,242", "EBITDA": "-", "Reconciled Cost of Revenue": "2,492,885", "Reconciled Depreciation": "201,593", "Net Income from Continuing Operation Net Minority Interest": "107,098", "Total Unusual Items Excluding Goodwill": "-36,863", "Total Unusual Items": "-36,863", "Normalized EBITDA": "383,698", "Tax Rate for Calcs": "0", "Tax Effect of Unusual Items": "-9,953"}}, "bs": {"12/31/2020": {"Duration": "12/31/2020", "Total Assets": "3,362,107", "Total Liabilities Net Minority Interest": "3,351,150", "Total Equity Gross Minority Interest": "10,957", "Total Capitalization": "1,001,915", "Common Stock Equity": "4,145", "Capital Lease Obligations": "1,217,921", "Net Tangible Assets": "-751,252", "Working Capital": "-626,250", "Invested Capital": "1,040,625", "Tangible Book Value": "-751,252", "Total Debt": "2,254,401", "Net Debt": "926,500", "Share Issued": "87,856", "Ordinary Shares Number": "87,856"}, "12/31/2019": {"Duration": "12/31/2019", "Total Assets": "3,592,683", "Total Liabilities Net Minority Interest": "3,415,202", "Total Equity Gross Minority Interest": "177,481", "Total Capitalization": "1,192,635", "Common Stock Equity": "170,342", "Capital Lease Obligations": "1,279,051", "Net Tangible Assets": "-613,001", "Working Capital": "-621,553", "Invested Capital": "1,219,046", "Tangible Book Value": "-613,001", "Total Debt": "2,327,755", "Net Debt": "981,559", "Share Issued": "86,946", "Ordinary Shares Number": "86,946"}, "12/31/2018": {"Duration": "12/31/2018", "Total Assets": "2,464,774", "Total Liabilities Net Minority Interest": "2,409,957", "Total Equity Gross Minority Interest": "54,817", "Total Capitalization": "1,113,315", "Common Stock Equity": "45,730", "Capital Lease Obligations": "-", "Net Tangible Assets": "-777,822", "Working Capital": "-455,556", "Invested Capital": "1,140,505", "Tangible Book Value": "-777,822", "Total Debt": "1,094,775", "Net Debt": "1,022,952", "Share Issued": "91,272", "Ordinary Shares Number": "91,272"}}, "cf": {"TTM": {"Duration": "TTM", "Operating Cash Flow": "317,603", "Investing Cash Flow": "-131,291", "Financing Cash Flow": "-189,359", "End Cash Position": "67,145", "Income Tax Paid Supplemental Data": "23,995", "Interest Paid Supplemental Data": "47,893", "Capital Expenditure": "-161,926", "Issuance of Debt": "670,800", "Repayment of Debt": "-698,559", "Repurchase of Capital Stock": "-106,992", "Free Cash Flow": "155,677"}, "12/31/2020": {"Duration": "12/31/2020", "Operating Cash Flow": "138,849", "Investing Cash Flow": "-76,639", "Financing Cash Flow": "-16,773", "End Cash Position": "110,408", "Income Tax Paid Supplemental Data": "8,415", "Interest Paid Supplemental Data": "52,630", "Capital Expenditure": "-87,842", "Issuance of Debt": "735,000", "Repayment of Debt": "-749,566", "Repurchase of Capital Stock": "-1,475", "Free Cash Flow": "51,007"}, "12/31/2019": {"Duration": "12/31/2019", "Operating Cash Flow": "317,603", "Investing Cash Flow": "-131,291", "Financing Cash Flow": "-189,359", "End Cash Position": "67,145", "Income Tax Paid Supplemental Data": "23,995", "Interest Paid Supplemental Data": "47,893", "Capital Expenditure": "-161,926", "Issuance of Debt": "670,800", "Repayment of Debt": "-698,559", "Repurchase of Capital Stock": "-106,992", "Free Cash Flow": "155,677"}, "12/31/2018": {"Duration": "12/31/2018", "Operating Cash Flow": "288,074", "Investing Cash Flow": "-177,296", "Financing Cash Flow": "-164,352", "End Cash Position": "71,823", "Income Tax Paid Supplemental Data": "15,839", "Interest Paid Supplemental Data": "41,681", "Capital Expenditure": "-208,224", "Issuance of Debt": "478,466", "Repayment of Debt": "-505,186", "Repurchase of Capital Stock": "-113,967", "Free Cash Flow": "79,850"}}}}, {"BBRG": {"quote": {"05/11/2021": {"value": "", "Net Assets": "N/A", "Beta (5Y Monthly)": "N/A", "Yield": "N/A", "5y Average Return": "N/A", "Holdings Turnover": "N/A", "Last Dividend": "N/A", "Average for Category": "N/A", "Inception Date": "N/A"}}, "fin": {}, "bs": {}, "cf": {}}}, {"QSR": {"quote": {"05/11/2021": {"value": "68.02", "Market Cap": "20.835B", "Beta (5Y Monthly)": "1.20", "PE Ratio (TTM)": "40.01", "EPS (TTM)": "1.70", "Earnings Date": "Aug 04, 2021 - Aug 09, 2021", "Forward Dividend & Yield": "2.12 (3.07%)", "Ex-Dividend Date": "Jun 22, 2021", "1y Target Est": "70.50"}}, "fin": {"TTM": {"Duration": "TTM", "Total Revenue": "4,968,000", "Cost of Revenue": "2,138,000", "Gross Profit": "2,830,000", "Operating Expense": "1,248,000", "Operating Income": "1,582,000", "Net Non Operating Interest Income Expense": "-508,000", "Other Income Expense": "-258,000", "Pretax Income": "816,000", "Tax Provision": "66,000", "Net Income Common Stockholders": "486,000", "Average Dilution Earnings": "262,000", "Diluted NI Available to Com Stockholders": "748,000", "Basic EPS": "-", "Diluted EPS": "-", "Basic Average Shares": "-", "Diluted Average Shares": "-", "Total Operating Income as Reported": "1,422,000", "Total Expenses": "3,386,000", "Net Income from Continuing & Discontinued Operation": "486,000", "Normalized Income": "694,840", "Interest Income": "9,000", "Interest Expense": "491,000", "Net Interest Income": "-508,000", "EBIT": "1,307,000", "EBITDA": "1,496,000", "Reconciled Cost of Revenue": "1,968,000", "Reconciled Depreciation": "189,000", "Net Income from Continuing Operation Net Minority Interest": "486,000", "Total Unusual Items Excluding Goodwill": "-227,000", "Total Unusual Items": "-227,000", "Normalized EBITDA": "1,723,000", "Tax Rate for Calcs": "0", "Tax Effect of Unusual Items": "-18,160"}, "12/31/2020": {"Duration": "12/31/2020", "Total Revenue": "4,968,000", "Cost of Revenue": "2,138,000", "Gross Profit": "2,830,000", "Operating Expense": "1,248,000", "Operating Income": "1,582,000", "Net Non Operating Interest Income Expense": "-508,000", "Other Income Expense": "-258,000", "Pretax Income": "816,000", "Tax Provision": "66,000", "Net Income Common Stockholders": "486,000", "Average Dilution Earnings": "262,000", "Diluted NI Available to Com Stockholders": "748,000", "Basic EPS": "-", "Diluted EPS": "-", "Basic Average Shares": "-", "Diluted Average Shares": "-", "Total Operating Income as Reported": "1,422,000", "Total Expenses": "3,386,000", "Net Income from Continuing & Discontinued Operation": "486,000", "Normalized Income": "694,840", "Interest Income": "9,000", "Interest Expense": "491,000", "Net Interest Income": "-508,000", "EBIT": "1,307,000", "EBITDA": "-", "Reconciled Cost of Revenue": "1,968,000", "Reconciled Depreciation": "189,000", "Net Income from Continuing Operation Net Minority Interest": "486,000", "Total Unusual Items Excluding Goodwill": "-227,000", "Total Unusual Items": "-227,000", "Normalized EBITDA": "1,723,000", "Tax Rate for Calcs": "0", "Tax Effect of Unusual Items": "-18,160"}, "12/31/2019": {"Duration": "12/31/2019", "Total Revenue": "5,603,000", "Cost of Revenue": "2,353,000", "Gross Profit": "3,250,000", "Operating Expense": "1,227,000", "Operating Income": "2,023,000", "Net Non Operating Interest Income Expense": "-532,000", "Other Income Expense": "-39,000", "Pretax Income": "1,452,000", "Tax Provision": "341,000", "Net Income Common Stockholders": "643,000", "Average Dilution Earnings": "466,000", "Diluted NI Available to Com Stockholders": "1,109,000", "Basic EPS": "2.40", "Diluted EPS": "2.37", "Basic Average Shares": "268,000", "Diluted Average Shares": "469,000", "Total Operating Income as Reported": "2,007,000", "Total Expenses": "3,580,000", "Net Income from Continuing & Discontinued Operation": "643,000", "Normalized Income": "684,310", "Interest Income": "20,000", "Interest Expense": "523,000", "Net Interest Income": "-532,000", "EBIT": "1,975,000", "EBITDA": "-", "Reconciled Cost of Revenue": "2,187,000", "Reconciled Depreciation": "185,000", "Net Income from Continuing Operation Net Minority Interest": "643,000", "Total Unusual Items Excluding Goodwill": "-54,000", "Total Unusual Items": "-54,000", "Normalized EBITDA": "2,214,000", "Tax Rate for Calcs": "0", "Tax Effect of Unusual Items": "-12,690"}, "12/31/2018": {"Duration": "12/31/2018", "Total Revenue": "5,357,000", "Cost of Revenue": "2,240,000", "Gross Profit": "3,117,000", "Operating Expense": "1,159,000", "Operating Income": "1,958,000", "Net Non Operating Interest Income Expense": "-535,000", "Other Income Expense": "-41,000", "Pretax Income": "1,382,000", "Tax Provision": "238,000", "Net Income Common Stockholders": "612,000", "Average Dilution Earnings": "531,000", "Diluted NI Available to Com Stockholders": "1,143,000", "Basic EPS": "2.46", "Diluted EPS": "2.42", "Basic Average Shares": "249,000", "Diluted Average Shares": "473,000", "Total Operating Income as Reported": "1,917,000", "Total Expenses": "3,399,000", "Net Income from Continuing & Discontinued Operation": "612,000", "Normalized Income": "655,056", "Interest Income": "15,000", "Interest Expense": "521,000", "Net Interest Income": "-535,000", "EBIT": "1,903,000", "EBITDA": "-", "Reconciled Cost of Revenue": "2,080,000", "Reconciled Depreciation": "180,000", "Net Income from Continuing Operation Net Minority Interest": "612,000", "Total Unusual Items Excluding Goodwill": "-52,000", "Total Unusual Items": "-52,000", "Normalized EBITDA": "2,135,000", "Tax Rate for Calcs": "0", "Tax Effect of Unusual Items": "-8,944"}}, "bs": {"12/31/2020": {"Duration": "12/31/2020", "Total Assets": "22,777,000", "Total Liabilities Net Minority Interest": "19,056,000", "Total Equity Gross Minority Interest": "3,721,000", "Total Capitalization": "14,564,000", "Common Stock Equity": "2,167,000", "Capital Lease Obligations": "1,534,000", "Net Tangible Assets": "-14,273,000", "Working Capital": "663,000", "Invested Capital": "14,675,000", "Tangible Book Value": "-14,273,000", "Total Debt": "14,042,000", "Net Debt": "10,948,000", "Share Issued": "304,719", "Ordinary Shares Number": "304,719"}, "12/31/2019": {"Duration": "12/31/2019", "Total Assets": "22,360,000", "Total Liabilities Net Minority Interest": "18,101,000", "Total Equity Gross Minority Interest": "4,259,000", "Total Capitalization": "14,249,000", "Common Stock Equity": "2,490,000", "Capital Lease Obligations": "1,503,000", "Net Tangible Assets": "-13,724,000", "Working Capital": "493,000", "Invested Capital": "14,350,000", "Tangible Book Value": "-13,724,000", "Total Debt": "13,363,000", "Net Debt": "10,327,000", "Share Issued": "298,281", "Ordinary Shares Number": "298,281"}, "12/31/2018": {"Duration": "12/31/2018", "Total Assets": "20,141,000", "Total Liabilities Net Minority Interest": "16,523,000", "Total Equity Gross Minority Interest": "3,618,000", "Total Capitalization": "13,434,000", "Common Stock Equity": "1,611,000", "Capital Lease Obligations": "226,000", "Net Tangible Assets": "-14,338,000", "Working Capital": "92,000", "Invested Capital": "13,525,000", "Tangible Book Value": "-14,338,000", "Total Debt": "12,140,000", "Net Debt": "11,001,000", "Share Issued": "251,532", "Ordinary Shares Number": "251,532"}}, "cf": {"TTM": {"Duration": "TTM", "Operating Cash Flow": "921,000", "Investing Cash Flow": "-79,000", "Financing Cash Flow": "-821,000", "End Cash Position": "1,560,000", "Income Tax Paid Supplemental Data": "267,000", "Interest Paid Supplemental Data": "463,000", "Capital Expenditure": "-117,000", "Issuance of Debt": "5,235,000", "Repayment of Debt": "-4,708,000", "Repurchase of Capital Stock": "-", "Free Cash Flow": "804,000"}, "12/31/2020": {"Duration": "12/31/2020", "Operating Cash Flow": "921,000", "Investing Cash Flow": "-79,000", "Financing Cash Flow": "-821,000", "End Cash Position": "1,560,000", "Income Tax Paid Supplemental Data": "267,000", "Interest Paid Supplemental Data": "463,000", "Capital Expenditure": "-117,000", "Issuance of Debt": "5,235,000", "Repayment of Debt": "-4,708,000", "Repurchase of Capital Stock": "-", "Free Cash Flow": "804,000"}, "12/31/2019": {"Duration": "12/31/2019", "Operating Cash Flow": "1,476,000", "Investing Cash Flow": "-30,000", "Financing Cash Flow": "-842,000", "End Cash Position": "1,533,000", "Income Tax Paid Supplemental Data": "248,000", "Interest Paid Supplemental Data": "584,000", "Capital Expenditure": "-62,000", "Issuance of Debt": "2,250,000", "Repayment of Debt": "-2,266,000", "Repurchase of Capital Stock": "-", "Free Cash Flow": "1,414,000"}, "12/31/2018": {"Duration": "12/31/2018", "Operating Cash Flow": "1,165,000", "Investing Cash Flow": "-44,000", "Financing Cash Flow": "-1,285,000", "End Cash Position": "913,000", "Income Tax Paid Supplemental Data": "433,000", "Interest Paid Supplemental Data": "561,000", "Capital Expenditure": "-86,000", "Issuance of Debt": "75,000", "Repayment of Debt": "-74,000", "Repurchase of Capital Stock": "-60,000", "Free Cash Flow": "1,079,000"}}}}, {"GCFB": {"quote": {"05/11/2021": {"value": "0.0450", "Market Cap": "5.601M", "Beta (5Y Monthly)": "-4.11", "PE Ratio (TTM)": "N/A", "EPS (TTM)": "-0.6850", "Earnings Date": "N/A", "Forward Dividend & Yield": "N/A (N/A)", "Ex-Dividend Date": "N/A", "1y Target Est": "3.00"}}, "fin": {}, "bs": {}, "cf": {}}}, {"STRZ": {"quote": {"05/11/2021": {"value": "0.1110", "Market Cap": "356,650", "Beta (5Y Monthly)": "1.11", "PE Ratio (TTM)": "N/A", "EPS (TTM)": "-0.4400", "Earnings Date": "N/A", "Forward Dividend & Yield": "N/A (N/A)", "Ex-Dividend Date": "May 02, 2008", "1y Target Est": "N/A"}}, "fin": {"TTM": {"Duration": "TTM", "Total Revenue": "24,587", "Cost of Revenue": "18,173", "Gross Profit": "6,414", "Operating Expense": "7,499", "Operating Income": "-1,085", "Net Non Operating Interest Income Expense": "-471", "Other Income Expense": "183", "Pretax Income": "-1,373", "Tax Provision": "8", "Net Income Common Stockholders": "-1,381", "Diluted NI Available to Com Stockholders": "-1,381", "Basic EPS": "-", "Diluted EPS": "-", "Basic Average Shares": "-", "Diluted Average Shares": "-", "Total Operating Income as Reported": "-1,085", "Rent Expense Supplemental": "5,102", "Total Expenses": "25,672", "Net Income from Continuing & Discontinued Operation": "-1,381", "Normalized Income": "-1,381", "Interest Expense": "471", "Net Interest Income": "-471", "EBIT": "-902", "EBITDA": "-188", "Reconciled Cost of Revenue": "18,168", "Reconciled Depreciation": "714", "Net Income from Continuing Operation Net Minority Interest": "-1,381", "Total Unusual Items Excluding Goodwill": "-", "Total Unusual Items": "-", "Normalized EBITDA": "-188", "Tax Rate for Calcs": "0", "Tax Effect of Unusual Items": "0"}, "1/31/2019": {"Duration": "1/31/2019", "Total Revenue": "26,036", "Cost of Revenue": "18,816", "Gross Profit": "7,220", "Operating Expense": "7,429", "Operating Income": "-209", "Net Non Operating Interest Income Expense": "-494", "Other Income Expense": "195", "Pretax Income": "-508", "Tax Provision": "33", "Net Income Common Stockholders": "-541", "Diluted NI Available to Com Stockholders": "-541", "Basic EPS": "-0.17", "Diluted EPS": "-0.17", "Basic Average Shares": "3,213", "Diluted Average Shares": "3,213", "Total Operating Income as Reported": "-209", "Rent Expense Supplemental": "5,388", "Total Expenses": "26,245", "Net Income from Continuing & Discontinued Operation": "-541", "Normalized Income": "-641.9843", "Interest Expense": "494", "Net Interest Income": "-494", "EBIT": "-14", "EBITDA": "-", "Reconciled Cost of Revenue": "18,811", "Reconciled Depreciation": "617", "Net Income from Continuing Operation Net Minority Interest": "-541", "Total Unusual Items Excluding Goodwill": "108", "Total Unusual Items": "108", "Normalized EBITDA": "495", "Tax Rate for Calcs": "0", "Tax Effect of Unusual Items": "7.0157"}}, "bs": {"1/31/2019": {"Duration": "1/31/2019", "Total Assets": "6,425", "Total Liabilities Net Minority Interest": "9,878", "Total Equity Gross Minority Interest": "-3,453", "Total Capitalization": "707", "Common Stock Equity": "-3,453", "Net Tangible Assets": "-3,487", "Working Capital": "-4,398", "Invested Capital": "1,277", "Tangible Book Value": "-3,487", "Total Debt": "4,730", "Net Debt": "4,567", "Share Issued": "3,213", "Ordinary Shares Number": "3,213"}}, "cf": {"TTM": {"Duration": "TTM", "Operating Cash Flow": "343", "Investing Cash Flow": "27", "Financing Cash Flow": "-397", "End Cash Position": "95", "Income Tax Paid Supplemental Data": "-", "Interest Paid Supplemental Data": "-", "Capital Expenditure": "-267", "Issuance of Debt": "-", "Repayment of Debt": "-270", "Free Cash Flow": "76"}, "1/31/2019": {"Duration": "1/31/2019", "Operating Cash Flow": "591", "Investing Cash Flow": "5", "Financing Cash Flow": "-561", "End Cash Position": "163", "Income Tax Paid Supplemental Data": "-", "Interest Paid Supplemental Data": "-", "Capital Expenditure": "-289", "Issuance of Debt": "0", "Repayment of Debt": "-323", "Free Cash Flow": "302"}}}}, {"MCD": {"quote": {"05/11/2021": {"value": "233.86", "Market Cap": "172.83B", "Beta (5Y Monthly)": "0.63", "PE Ratio (TTM)": "33.94", "EPS (TTM)": "6.89", "Earnings Date": "Jul 26, 2021 - Jul 30, 2021", "Forward Dividend & Yield": "5.16 (2.18%)", "Ex-Dividend Date": "Feb 26, 2021", "1y Target Est": "256.00"}}, "fin": {"TTM": {"Duration": "TTM", "Total Revenue": "19,207,800", "Cost of Revenue": "9,455,700", "Gross Profit": "9,752,100", "Operating Expense": "2,545,600", "Operating Income": "7,206,500", "Net Non Operating Interest Income Expense": "-1,200,100", "Other Income Expense": "134,500", "Pretax Income": "6,140,700", "Tax Provision": "1,410,200", "Net Income Common Stockholders": "4,730,500", "Diluted NI Available to Com Stockholders": "4,730,500", "Basic EPS": "-", "Diluted EPS": "-", "Basic Average Shares": "-", "Diluted Average Shares": "-", "Total Operating Income as Reported": "7,324,000", "Rent Expense Supplemental": "4,208,100", "Total Expenses": "12,001,300", "Net Income from Continuing & Discontinued Operation": "4,730,500", "Normalized Income": "4,728,113", "Interest Income": "18,000", "Interest Expense": "1,218,100", "Net Interest Income": "-1,200,100", "EBIT": "7,358,800", "EBITDA": "9,110,200", "Reconciled Cost of Revenue": "8,004,900", "Reconciled Depreciation": "1,751,400", "Net Income from Continuing Operation Net Minority Interest": "4,730,500", "Total Unusual Items Excluding Goodwill": "3,100", "Total Unusual Items": "3,100", "Normalized EBITDA": "9,107,100", "Tax Rate for Calcs": "0", "Tax Effect of Unusual Items": "713"}, "12/31/2020": {"Duration": "12/31/2020", "Total Revenue": "19,207,800", "Cost of Revenue": "9,455,700", "Gross Profit": "9,752,100", "Operating Expense": "2,545,600", "Operating Income": "7,206,500", "Net Non Operating Interest Income Expense": "-1,200,100", "Other Income Expense": "134,500", "Pretax Income": "6,140,700", "Tax Provision": "1,410,200", "Net Income Common Stockholders": "4,730,500", "Diluted NI Available to Com Stockholders": "4,730,500", "Basic EPS": "-", "Diluted EPS": "-", "Basic Average Shares": "-", "Diluted Average Shares": "-", "Total Operating Income as Reported": "7,324,000", "Rent Expense Supplemental": "4,208,100", "Total Expenses": "12,001,300", "Net Income from Continuing & Discontinued Operation": "4,730,500", "Normalized Income": "4,728,113", "Interest Income": "18,000", "Interest Expense": "1,218,100", "Net Interest Income": "-1,200,100", "EBIT": "7,358,800", "EBITDA": "-", "Reconciled Cost of Revenue": "8,004,900", "Reconciled Depreciation": "1,751,400", "Net Income from Continuing Operation Net Minority Interest": "4,730,500", "Total Unusual Items Excluding Goodwill": "3,100", "Total Unusual Items": "3,100", "Normalized EBITDA": "9,107,100", "Tax Rate for Calcs": "0", "Tax Effect of Unusual Items": "713"}, "12/31/2019": {"Duration": "12/31/2019", "Total Revenue": "21,076,500", "Cost of Revenue": "9,961,200", "Gross Profit": "11,115,300", "Operating Expense": "2,229,400", "Operating Income": "8,885,900", "Net Non Operating Interest Income Expense": "-1,084,900", "Other Income Expense": "216,900", "Pretax Income": "8,018,100", "Tax Provision": "1,992,700", "Net Income Common Stockholders": "6,025,400", "Diluted NI Available to Com Stockholders": "6,025,400", "Basic EPS": "8.07", "Diluted EPS": "7.88", "Basic Average Shares": "746,300", "Diluted Average Shares": "764,900", "Total Operating Income as Reported": "9,069,800", "Rent Expense Supplemental": "4,276,500", "Total Expenses": "12,190,600", "Net Income from Continuing & Discontinued Operation": "6,025,400", "Normalized Income": "5,966,747", "Interest Income": "37,000", "Interest Expense": "1,121,900", "Net Interest Income": "-1,084,900", "EBIT": "9,140,000", "EBITDA": "-", "Reconciled Cost of Revenue": "9,961,200", "Reconciled Depreciation": "1,617,900", "Net Income from Continuing Operation Net Minority Interest": "6,025,400", "Total Unusual Items Excluding Goodwill": "78,100", "Total Unusual Items": "78,100", "Normalized EBITDA": "10,679,800", "Tax Rate for Calcs": "0", "Tax Effect of Unusual Items": "19,447"}, "12/31/2018": {"Duration": "12/31/2018", "Total Revenue": "21,025,200", "Cost of Revenue": "10,239,200", "Gross Profit": "10,786,000", "Operating Expense": "2,200,200", "Operating Income": "8,585,800", "Net Non Operating Interest Income Expense": "-977,200", "Other Income Expense": "206,800", "Pretax Income": "7,816,100", "Tax Provision": "1,891,800", "Net Income Common Stockholders": "5,924,300", "Diluted NI Available to Com Stockholders": "5,924,300", "Basic EPS": "7.72", "Diluted EPS": "7.54", "Basic Average Shares": "767,100", "Diluted Average Shares": "785,600", "Total Operating Income as Reported": "8,822,600", "Rent Expense Supplemental": "4,147,500", "Total Expenses": "12,439,400", "Net Income from Continuing & Discontinued Operation": "5,924,300", "Normalized Income": "5,863,433", "Interest Income": "4,000", "Interest Expense": "981,200", "Net Interest Income": "-977,200", "EBIT": "8,797,300", "EBITDA": "-", "Reconciled Cost of Revenue": "10,239,200", "Reconciled Depreciation": "1,482,000", "Net Income from Continuing Operation Net Minority Interest": "5,924,300", "Total Unusual Items Excluding Goodwill": "80,300", "Total Unusual Items": "80,300", "Normalized EBITDA": "10,199,000", "Tax Rate for Calcs": "0", "Tax Effect of Unusual Items": "19,433"}}, "bs": {"12/31/2020": {"Duration": "12/31/2020", "Total Assets": "52,626,800", "Total Liabilities Net Minority Interest": "60,451,700", "Total Equity Gross Minority Interest": "-7,824,900", "Total Capitalization": "27,371,900", "Common Stock Equity": "-7,824,900", "Capital Lease Obligations": "14,022,800", "Net Tangible Assets": "-10,598,000", "Working Capital": "62,000", "Invested Capital": "29,615,500", "Tangible Book Value": "-10,598,000", "Total Debt": "51,463,200", "Net Debt": "33,991,300", "Share Issued": "1,660,600", "Ordinary Shares Number": "745,400", "Treasury Shares Number": "915,200"}, "12/31/2019": {"Duration": "12/31/2019", "Total Assets": "47,510,800", "Total Liabilities Net Minority Interest": "55,721,100", "Total Equity Gross Minority Interest": "-8,210,300", "Total Capitalization": "25,907,800", "Common Stock Equity": "-8,210,300", "Capital Lease Obligations": "13,378,800", "Net Tangible Assets": "-10,887,700", "Working Capital": "-63,100", "Invested Capital": "25,966,900", "Tangible Book Value": "-10,887,700", "Total Debt": "47,556,000", "Net Debt": "33,278,700", "Share Issued": "1,660,600", "Ordinary Shares Number": "746,300", "Treasury Shares Number": "914,300"}, "12/31/2018": {"Duration": "12/31/2018", "Total Assets": "32,811,200", "Total Liabilities Net Minority Interest": "39,069,600", "Total Equity Gross Minority Interest": "-6,258,400", "Total Capitalization": "24,816,900", "Common Stock Equity": "-6,258,400", "Capital Lease Obligations": "-", "Net Tangible Assets": "-8,589,900", "Working Capital": "1,079,700", "Invested Capital": "24,816,900", "Tangible Book Value": "-8,589,900", "Total Debt": "31,075,300", "Net Debt": "30,209,300", "Share Issued": "1,660,600", "Ordinary Shares Number": "767,100", "Treasury Shares Number": "893,500"}}, "cf": {"TTM": {"Duration": "TTM", "Operating Cash Flow": "6,265,200", "Investing Cash Flow": "-1,545,800", "Financing Cash Flow": "-2,249,000", "End Cash Position": "3,449,100", "Income Tax Paid Supplemental Data": "1,441,900", "Interest Paid Supplemental Data": "1,136,000", "Capital Expenditure": "-1,640,800", "Issuance of Debt": "5,543,000", "Repayment of Debt": "-2,411,700", "Repurchase of Capital Stock": "-907,800", "Free Cash Flow": "4,624,400"}, "12/31/2020": {"Duration": "12/31/2020", "Operating Cash Flow": "6,265,200", "Investing Cash Flow": "-1,545,800", "Financing Cash Flow": "-2,249,000", "End Cash Position": "3,449,100", "Income Tax Paid Supplemental Data": "1,441,900", "Interest Paid Supplemental Data": "1,136,000", "Capital Expenditure": "-1,640,800", "Issuance of Debt": "5,543,000", "Repayment of Debt": "-2,411,700", "Repurchase of Capital Stock": "-907,800", "Free Cash Flow": "4,624,400"}, "12/31/2019": {"Duration": "12/31/2019", "Operating Cash Flow": "8,122,100", "Investing Cash Flow": "-3,071,100", "Financing Cash Flow": "-4,994,800", "End Cash Position": "898,500", "Income Tax Paid Supplemental Data": "1,589,700", "Interest Paid Supplemental Data": "1,066,500", "Capital Expenditure": "-2,393,700", "Issuance of Debt": "4,499,000", "Repayment of Debt": "-2,061,900", "Repurchase of Capital Stock": "-4,976,200", "Free Cash Flow": "5,728,400"}, "12/31/2018": {"Duration": "12/31/2018", "Operating Cash Flow": "6,966,700", "Investing Cash Flow": "-2,455,100", "Financing Cash Flow": "-5,949,600", "End Cash Position": "866,000", "Income Tax Paid Supplemental Data": "1,734,400", "Interest Paid Supplemental Data": "959,600", "Capital Expenditure": "-2,741,700", "Issuance of Debt": "3,794,500", "Repayment of Debt": "-1,759,600", "Repurchase of Capital Stock": "-5,207,700", "Free Cash Flow": "4,225,000"}}}}, {"CMG": {"quote": {"05/11/2021": {"value": "1,393.25", "Market Cap": "39.221B", "Beta (5Y Monthly)": "1.35", "PE Ratio (TTM)": "97.62", "EPS (TTM)": "14.27", "Earnings Date": "Jul 20, 2021 - Jul 26, 2021", "Forward Dividend & Yield": "N/A (N/A)", "Ex-Dividend Date": "N/A", "1y Target Est": "1,711.77"}}, "fin": {"TTM": {"Duration": "TTM", "Total Revenue": "5,984,634", "Cost of Revenue": "4,943,553", "Gross Profit": "1,041,081", "Operating Expense": "720,340", "Operating Income": "320,741", "Net Non Operating Interest Income Expense": "3,617", "Other Income Expense": "-30,577", "Pretax Income": "293,781", "Tax Provision": "-61,985", "Net Income Common Stockholders": "355,766", "Diluted NI Available to Com Stockholders": "355,766", "Basic EPS": "-", "Diluted EPS": "-", "Basic Average Shares": "-", "Diluted Average Shares": "-", "Total Operating Income as Reported": "290,164", "Rent Expense Supplemental": "387,762", "Total Expenses": "5,663,893", "Net Income from Continuing & Discontinued Operation": "355,766", "Normalized Income": "378,087", "Interest Income": "3,617", "Net Interest Income": "3,617", "EBIT": "320,741", "EBITDA": "743,813", "Reconciled Cost of Revenue": "4,759,015", "Reconciled Depreciation": "423,072", "Net Income from Continuing Operation Net Minority Interest": "355,766", "Total Unusual Items Excluding Goodwill": "-30,577", "Total Unusual Items": "-30,577", "Normalized EBITDA": "774,390", "Tax Rate for Calcs": "0", "Tax Effect of Unusual Items": "-8,256"}, "12/31/2020": {"Duration": "12/31/2020", "Total Revenue": "5,984,634", "Cost of Revenue": "4,943,553", "Gross Profit": "1,041,081", "Operating Expense": "720,340", "Operating Income": "320,741", "Net Non Operating Interest Income Expense": "3,617", "Other Income Expense": "-30,577", "Pretax Income": "293,781", "Tax Provision": "-61,985", "Net Income Common Stockholders": "355,766", "Diluted NI Available to Com Stockholders": "355,766", "Basic EPS": "-", "Diluted EPS": "-", "Basic Average Shares": "-", "Diluted Average Shares": "-", "Total Operating Income as Reported": "290,164", "Rent Expense Supplemental": "387,762", "Total Expenses": "5,663,893", "Net Income from Continuing & Discontinued Operation": "355,766", "Normalized Income": "378,087", "Interest Income": "3,617", "Net Interest Income": "3,617", "EBIT": "320,741", "EBITDA": "-", "Reconciled Cost of Revenue": "4,759,015", "Reconciled Depreciation": "423,072", "Net Income from Continuing Operation Net Minority Interest": "355,766", "Total Unusual Items Excluding Goodwill": "-30,577", "Total Unusual Items": "-30,577", "Normalized EBITDA": "774,390", "Tax Rate for Calcs": "0", "Tax Effect of Unusual Items": "-8,256"}, "12/31/2019": {"Duration": "12/31/2019", "Total Revenue": "5,586,369", "Cost of Revenue": "4,443,879", "Gross Profit": "1,142,490", "Operating Expense": "675,438", "Operating Income": "467,052", "Net Non Operating Interest Income Expense": "14,327", "Other Income Expense": "-23,094", "Pretax Income": "458,285", "Tax Provision": "108,127", "Net Income Common Stockholders": "350,158", "Diluted NI Available to Com Stockholders": "350,158", "Basic EPS": "12.62", "Diluted EPS": "12.38", "Basic Average Shares": "27,740", "Diluted Average Shares": "28,295", "Total Operating Income as Reported": "443,958", "Rent Expense Supplemental": "363,072", "Total Expenses": "5,119,317", "Net Income from Continuing & Discontinued Operation": "350,158", "Normalized Income": "367,802", "Interest Income": "-", "Net Interest Income": "14,327", "EBIT": "467,052", "EBITDA": "-", "Reconciled Cost of Revenue": "4,279,927", "Reconciled Depreciation": "376,730", "Net Income from Continuing Operation Net Minority Interest": "350,158", "Total Unusual Items Excluding Goodwill": "-23,094", "Total Unusual Items": "-23,094", "Normalized EBITDA": "866,876", "Tax Rate for Calcs": "0", "Tax Effect of Unusual Items": "-5,450"}, "12/31/2018": {"Duration": "12/31/2018", "Total Revenue": "4,864,985", "Cost of Revenue": "3,953,993", "Gross Profit": "910,992", "Operating Expense": "585,985", "Operating Income": "325,007", "Net Non Operating Interest Income Expense": "10,068", "Other Income Expense": "-66,639", "Pretax Income": "268,436", "Tax Provision": "91,883", "Net Income Common Stockholders": "176,553", "Diluted NI Available to Com Stockholders": "176,553", "Basic EPS": "6.35", "Diluted EPS": "6.31", "Basic Average Shares": "27,823", "Diluted Average Shares": "27,962", "Total Operating Income as Reported": "258,368", "Rent Expense Supplemental": "347,123", "Total Expenses": "4,539,978", "Net Income from Continuing & Discontinued Operation": "176,553", "Normalized Income": "220,401", "Interest Income": "-", "Net Interest Income": "10,068", "EBIT": "325,007", "EBITDA": "-", "Reconciled Cost of Revenue": "3,953,993", "Reconciled Depreciation": "201,979", "Net Income from Continuing Operation Net Minority Interest": "176,553", "Total Unusual Items Excluding Goodwill": "-66,639", "Total Unusual Items": "-66,639", "Normalized EBITDA": "593,625", "Tax Rate for Calcs": "0", "Tax Effect of Unusual Items": "-22,791"}}, "bs": {"12/31/2020": {"Duration": "12/31/2020", "Total Assets": "5,982,896", "Total Liabilities Net Minority Interest": "3,962,761", "Total Equity Gross Minority Interest": "2,020,135", "Total Capitalization": "2,020,135", "Common Stock Equity": "2,020,135", "Capital Lease Obligations": "3,157,052", "Net Tangible Assets": "1,998,196", "Working Capital": "598,038", "Invested Capital": "2,020,135", "Tangible Book Value": "1,998,196", "Total Debt": "3,157,052", "Share Issued": "36,704", "Ordinary Shares Number": "28,001", "Treasury Shares Number": "8,703"}, "12/31/2019": {"Duration": "12/31/2019", "Total Assets": "5,104,604", "Total Liabilities Net Minority Interest": "3,421,578", "Total Equity Gross Minority Interest": "1,683,026", "Total Capitalization": "1,683,026", "Common Stock Equity": "1,683,026", "Capital Lease Obligations": "2,851,513", "Net Tangible Assets": "1,661,087", "Working Capital": "405,611", "Invested Capital": "1,683,026", "Tangible Book Value": "1,661,087", "Total Debt": "2,851,513", "Share Issued": "36,323", "Ordinary Shares Number": "27,755", "Treasury Shares Number": "8,568"}, "12/31/2018": {"Duration": "12/31/2018", "Total Assets": "2,265,518", "Total Liabilities Net Minority Interest": "824,179", "Total Equity Gross Minority Interest": "1,441,339", "Total Capitalization": "1,441,339", "Common Stock Equity": "1,441,339", "Capital Lease Obligations": "-", "Net Tangible Assets": "1,419,400", "Working Capital": "364,804", "Invested Capital": "1,441,339", "Tangible Book Value": "1,419,400", "Total Debt": "-", "Share Issued": "35,973", "Ordinary Shares Number": "27,697", "Treasury Shares Number": "8,276"}}, "cf": {"TTM": {"Duration": "TTM", "Operating Cash Flow": "663,847", "Investing Cash Flow": "-432,717", "Financing Cash Flow": "-104,851", "End Cash Position": "635,836", "Income Tax Paid Supplemental Data": "-85,010", "Capital Expenditure": "-373,352", "Repurchase of Capital Stock": "-54,401", "Free Cash Flow": "290,495"}, "12/31/2020": {"Duration": "12/31/2020", "Operating Cash Flow": "663,847", "Investing Cash Flow": "-432,717", "Financing Cash Flow": "-104,851", "End Cash Position": "635,836", "Income Tax Paid Supplemental Data": "-85,010", "Capital Expenditure": "-373,352", "Repurchase of Capital Stock": "-54,401", "Free Cash Flow": "290,495"}, "12/31/2019": {"Duration": "12/31/2019", "Operating Cash Flow": "721,632", "Investing Cash Flow": "-291,974", "Financing Cash Flow": "-201,735", "End Cash Position": "508,481", "Income Tax Paid Supplemental Data": "109,571", "Capital Expenditure": "-333,912", "Repurchase of Capital Stock": "-190,617", "Free Cash Flow": "387,720"}, "12/31/2018": {"Duration": "12/31/2018", "Operating Cash Flow": "621,552", "Investing Cash Flow": "-387,578", "Financing Cash Flow": "-166,535", "End Cash Position": "280,152", "Income Tax Paid Supplemental Data": "67,053", "Capital Expenditure": "-287,390", "Repurchase of Capital Stock": "-160,937", "Free Cash Flow": "334,162"}}}}, {"WEN": {"quote": {"05/11/2021": {"value": "22.80", "Market Cap": "5.062B", "Beta (5Y Monthly)": "0.95", "PE Ratio (TTM)": "43.85", "EPS (TTM)": "0.52", "Earnings Date": "May 12, 2021", "Forward Dividend & Yield": "0.36 (1.58%)", "Ex-Dividend Date": "Mar 04, 2021", "1y Target Est": "24.84"}}, "fin": {"TTM": {"Duration": "TTM", "Total Revenue": "1,709,002", "Cost of Revenue": "1,103,261", "Gross Profit": "605,741", "Operating Expense": "320,481", "Operating Income": "285,260", "Net Non Operating Interest Income Expense": "-115,971", "Other Income Expense": "2,192", "Pretax Income": "171,481", "Tax Provision": "34,541", "Net Income Common Stockholders": "136,940", "Diluted NI Available to Com Stockholders": "136,940", "Basic EPS": "-", "Diluted EPS": "-", "Basic Average Shares": "-", "Diluted Average Shares": "-", "Total Operating Income as Reported": "262,579", "Rent Expense Supplemental": "-", "Total Expenses": "1,423,742", "Net Income from Continuing & Discontinued Operation": "136,940", "Normalized Income": "141,398", "Interest Income": "29,067", "Interest Expense": "115,971", "Net Interest Income": "-115,971", "EBIT": "287,452", "EBITDA": "419,145", "Reconciled Cost of Revenue": "1,103,261", "Reconciled Depreciation": "131,693", "Net Income from Continuing Operation Net Minority Interest": "136,940", "Total Unusual Items Excluding Goodwill": "-5,579", "Total Unusual Items": "-5,579", "Normalized EBITDA": "424,724", "Tax Rate for Calcs": "0", "Tax Effect of Unusual Items": "-1,121"}, "12/31/2020": {"Duration": "12/31/2020", "Total Revenue": "1,733,825", "Cost of Revenue": "1,112,344", "Gross Profit": "621,481", "Operating Expense": "331,254", "Operating Income": "290,227", "Net Non Operating Interest Income Expense": "-117,737", "Other Income Expense": "-19,695", "Pretax Income": "152,795", "Tax Provision": "34,963", "Net Income Common Stockholders": "117,832", "Diluted NI Available to Com Stockholders": "117,832", "Basic EPS": "-", "Diluted EPS": "-", "Basic Average Shares": "-", "Diluted Average Shares": "-", "Total Operating Income as Reported": "269,308", "Rent Expense Supplemental": "-", "Total Expenses": "1,443,598", "Net Income from Continuing & Discontinued Operation": "117,832", "Normalized Income": "134,134", "Interest Income": "29,067", "Interest Expense": "146,804", "Net Interest Income": "-117,737", "EBIT": "299,599", "EBITDA": "-", "Reconciled Cost of Revenue": "1,112,344", "Reconciled Depreciation": "132,775", "Net Income from Continuing Operation Net Minority Interest": "117,832", "Total Unusual Items Excluding Goodwill": "-21,144", "Total Unusual Items": "-21,144", "Normalized EBITDA": "453,518", "Tax Rate for Calcs": "0", "Tax Effect of Unusual Items": "-4,842"}, "12/31/2019": {"Duration": "12/31/2019", "Total Revenue": "1,709,002", "Cost of Revenue": "1,103,261", "Gross Profit": "605,741", "Operating Expense": "320,481", "Operating Income": "285,260", "Net Non Operating Interest Income Expense": "-115,971", "Other Income Expense": "2,192", "Pretax Income": "171,481", "Tax Provision": "34,541", "Net Income Common Stockholders": "136,940", "Diluted NI Available to Com Stockholders": "136,940", "Basic EPS": "0.60", "Diluted EPS": "0.58", "Basic Average Shares": "229,944", "Diluted Average Shares": "235,075", "Total Operating Income as Reported": "262,579", "Rent Expense Supplemental": "-", "Total Expenses": "1,423,742", "Net Income from Continuing & Discontinued Operation": "136,940", "Normalized Income": "141,398", "Interest Income": "-", "Interest Expense": "115,971", "Net Interest Income": "-115,971", "EBIT": "287,452", "EBITDA": "-", "Reconciled Cost of Revenue": "1,103,261", "Reconciled Depreciation": "131,693", "Net Income from Continuing Operation Net Minority Interest": "136,940", "Total Unusual Items Excluding Goodwill": "-5,579", "Total Unusual Items": "-5,579", "Normalized EBITDA": "424,724", "Tax Rate for Calcs": "0", "Tax Effect of Unusual Items": "-1,121"}, "12/31/2018": {"Duration": "12/31/2018", "Total Revenue": "1,589,936", "Cost of Revenue": "986,761", "Gross Profit": "603,175", "Operating Expense": "339,981", "Operating Income": "263,194", "Net Non Operating Interest Income Expense": "-119,618", "Other Income Expense": "431,340", "Pretax Income": "574,916", "Tax Provision": "114,801", "Net Income Common Stockholders": "460,115", "Diluted NI Available to Com Stockholders": "460,115", "Basic EPS": "1.93", "Diluted EPS": "1.88", "Basic Average Shares": "237,797", "Diluted Average Shares": "244,963", "Total Operating Income as Reported": "249,892", "Rent Expense Supplemental": "91,104", "Total Expenses": "1,326,742", "Net Income from Continuing & Discontinued Operation": "460,115", "Normalized Income": "119,348", "Interest Income": "-", "Interest Expense": "119,618", "Net Interest Income": "-119,618", "EBIT": "694,534", "EBITDA": "-", "Reconciled Cost of Revenue": "986,761", "Reconciled Depreciation": "128,879", "Net Income from Continuing Operation Net Minority Interest": "460,115", "Total Unusual Items Excluding Goodwill": "425,959", "Total Unusual Items": "425,959", "Normalized EBITDA": "397,454", "Tax Rate for Calcs": "0", "Tax Effect of Unusual Items": "85,192"}}, "bs": {"12/31/2020": {"Duration": "12/31/2020", "Total Assets": "5,040,006", "Total Liabilities Net Minority Interest": "4,490,410", "Total Equity Gross Minority Interest": "549,596", "Total Capitalization": "2,767,759", "Common Stock Equity": "549,596", "Capital Lease Obligations": "1,428,852", "Net Tangible Assets": "-1,426,413", "Working Capital": "274,315", "Invested Capital": "2,796,721", "Tangible Book Value": "-1,426,413", "Total Debt": "3,675,977", "Net Debt": "1,940,136", "Share Issued": "470,424", "Ordinary Shares Number": "224,268", "Treasury Shares Number": "246,156"}, "12/31/2019": {"Duration": "12/31/2019", "Total Assets": "4,994,529", "Total Liabilities Net Minority Interest": "4,478,170", "Total Equity Gross Minority Interest": "516,359", "Total Capitalization": "2,773,920", "Common Stock Equity": "516,359", "Capital Lease Obligations": "1,433,364", "Net Tangible Assets": "-1,486,764", "Working Capital": "204,349", "Invested Capital": "2,796,670", "Tangible Book Value": "-1,486,764", "Total Debt": "3,713,675", "Net Debt": "1,980,116", "Share Issued": "470,424", "Ordinary Shares Number": "224,889", "Treasury Shares Number": "245,535"}, "12/31/2018": {"Duration": "12/31/2018", "Total Assets": "4,292,035", "Total Liabilities Net Minority Interest": "3,643,586", "Total Equity Gross Minority Interest": "648,449", "Total Capitalization": "3,401,232", "Common Stock Equity": "648,449", "Capital Lease Obligations": "455,636", "Net Tangible Assets": "-1,393,588", "Working Capital": "381,533", "Invested Capital": "3,432,887", "Tangible Book Value": "-1,393,588", "Total Debt": "2,784,438", "Net Debt": "2,353,033", "Share Issued": "470,424", "Ordinary Shares Number": "231,233", "Treasury Shares Number": "239,191"}}, "cf": {"TTM": {"Duration": "TTM", "Operating Cash Flow": "288,933", "Investing Cash Flow": "-54,931", "Financing Cash Flow": "-365,296", "End Cash Position": "358,707", "Income Tax Paid Supplemental Data": "34,798", "Interest Paid Supplemental Data": "138,270", "Capital Expenditure": "-74,453", "Issuance of Debt": "850,000", "Repayment of Debt": "-906,635", "Repurchase of Capital Stock": "-217,797", "Free Cash Flow": "214,480"}, "12/31/2020": {"Duration": "12/31/2020", "Operating Cash Flow": "284,361", "Investing Cash Flow": "-68,250", "Financing Cash Flow": "-157,907", "End Cash Position": "418,241", "Income Tax Paid Supplemental Data": "16,202", "Interest Paid Supplemental Data": "136,228", "Capital Expenditure": "-68,969", "Issuance of Debt": "153,315", "Repayment of Debt": "-199,845", "Repurchase of Capital Stock": "-62,173", "Free Cash Flow": "215,392"}, "12/31/2019": {"Duration": "12/31/2019", "Operating Cash Flow": "288,933", "Investing Cash Flow": "-54,931", "Financing Cash Flow": "-365,296", "End Cash Position": "358,707", "Income Tax Paid Supplemental Data": "34,798", "Interest Paid Supplemental Data": "138,270", "Capital Expenditure": "-74,453", "Issuance of Debt": "850,000", "Repayment of Debt": "-906,635", "Repurchase of Capital Stock": "-217,797", "Free Cash Flow": "214,480"}, "12/31/2018": {"Duration": "12/31/2018", "Operating Cash Flow": "224,228", "Investing Cash Flow": "362,911", "Financing Cash Flow": "-305,762", "End Cash Position": "486,512", "Income Tax Paid Supplemental Data": "102,827", "Interest Paid Supplemental Data": "137,607", "Capital Expenditure": "-69,857", "Issuance of Debt": "934,837", "Repayment of Debt": "-900,072", "Repurchase of Capital Stock": "-269,809", "Free Cash Flow": "154,371"}}}}, {"SONC": {"quote": {"05/11/2021": {"value": "", "Net Assets": "N/A", "Beta (5Y Monthly)": "N/A", "Yield": "N/A", "5y Average Return": "N/A", "Holdings Turnover": "N/A", "Last Dividend": "N/A", "Average for Category": "N/A", "Inception Date": "N/A"}}, "fin": {}, "bs": {}, "cf": {}}}, {"DENN": {"quote": {"03/21/2021": {"value": "19.20", "Market Cap": "1.232B", "Beta (5Y Monthly)": "1.78", "PE Ratio (TTM)": "N/A", "EPS (TTM)": "-0.08", "Earnings Date": "May 12, 2021 - May 17, 2021", "Forward Dividend & Yield": "N/A (N/A)", "Ex-Dividend Date": "N/A", "1y Target Est": "18.33"}}, "fin": {"TTM": {"Duration": "TTM", "Total Revenue": "288,605", "Cost of Revenue": "214,874", "Gross Profit": "73,731", "Operating Expense": "65,244", "Operating Income": "8,487", "Net Non Operating Interest Income Expense": "-17,965", "Other Income Expense": "2,363", "Pretax Income": "-7,115", "Tax Provision": "-1,999", "Net Income Common Stockholders": "-5,116", "Diluted NI Available to Com Stockholders": "-5,116", "Basic EPS": "-", "Diluted EPS": "-", "Basic Average Shares": "-", "Diluted Average Shares": "-", "Total Operating Income as Reported": "6,679", "Rent Expense Supplemental": "11,241", "Total Expenses": "280,118", "Net Income from Continuing & Discontinued Operation": "-5,116", "Normalized Income": "-3,816", "Interest Income": "96", "Interest Expense": "15,927", "Net Interest Income": "-17,965", "EBIT": "8,812", "EBITDA": "24,973", "Reconciled Cost of Revenue": "214,874", "Reconciled Depreciation": "16,161", "Net Income from Continuing Operation Net Minority Interest": "-5,116", "Total Unusual Items Excluding Goodwill": "-1,808", "Total Unusual Items": "-1,808", "Normalized EBITDA": "26,781", "Tax Rate for Calcs": "0", "Tax Effect of Unusual Items": "-507.968"}, "12/31/2020": {"Duration": "12/31/2020", "Total Revenue": "288,605", "Cost of Revenue": "214,874", "Gross Profit": "73,731", "Operating Expense": "65,244", "Operating Income": "8,487", "Net Non Operating Interest Income Expense": "-17,965", "Other Income Expense": "2,363", "Pretax Income": "-7,115", "Tax Provision": "-1,999", "Net Income Common Stockholders": "-5,116", "Diluted NI Available to Com Stockholders": "-5,116", "Basic EPS": "-", "Diluted EPS": "-", "Basic Average Shares": "-", "Diluted Average Shares": "-", "Total Operating Income as Reported": "6,679", "Rent Expense Supplemental": "11,241", "Total Expenses": "280,118", "Net Income from Continuing & Discontinued Operation": "-5,116", "Normalized Income": "-3,816", "Interest Income": "96", "Interest Expense": "15,927", "Net Interest Income": "-17,965", "EBIT": "8,812", "EBITDA": "-", "Reconciled Cost of Revenue": "214,874", "Reconciled Depreciation": "16,161", "Net Income from Continuing Operation Net Minority Interest": "-5,116", "Total Unusual Items Excluding Goodwill": "-1,808", "Total Unusual Items": "-1,808", "Normalized EBITDA": "26,781", "Tax Rate for Calcs": "0", "Tax Effect of Unusual Items": "-507.968"}, "12/31/2019": {"Duration": "12/31/2019", "Total Revenue": "541,389", "Cost of Revenue": "390,727", "Gross Profit": "150,662", "Operating Expense": "76,859", "Operating Income": "73,803", "Net Non Operating Interest Income Expense": "-18,547", "Other Income Expense": "93,943", "Pretax Income": "149,199", "Tax Provision": "31,789", "Net Income Common Stockholders": "117,410", "Diluted NI Available to Com Stockholders": "117,410", "Basic EPS": "1.96", "Diluted EPS": "1.90", "Basic Average Shares": "59,944", "Diluted Average Shares": "61,833", "Total Operating Income as Reported": "164,983", "Rent Expense Supplemental": "18,613", "Total Expenses": "467,586", "Net Income from Continuing & Discontinued Operation": "117,410", "Normalized Income": "45,651", "Interest Income": "170", "Interest Expense": "16,901", "Net Interest Income": "-18,547", "EBIT": "166,100", "EBITDA": "-", "Reconciled Cost of Revenue": "390,727", "Reconciled Depreciation": "19,846", "Net Income from Continuing Operation Net Minority Interest": "117,410", "Total Unusual Items Excluding Goodwill": "91,180", "Total Unusual Items": "91,180", "Normalized EBITDA": "94,766", "Tax Rate for Calcs": "0", "Tax Effect of Unusual Items": "19,421"}, "12/31/2018": {"Duration": "12/31/2018", "Total Revenue": "630,179", "Cost of Revenue": "463,078", "Gross Profit": "167,101", "Operating Expense": "90,867", "Operating Income": "76,234", "Net Non Operating Interest Income Expense": "-20,745", "Other Income Expense": "-3,239", "Pretax Income": "52,250", "Tax Provision": "8,557", "Net Income Common Stockholders": "43,693", "Diluted NI Available to Com Stockholders": "43,693", "Basic EPS": "0.69", "Diluted EPS": "0.67", "Basic Average Shares": "63,364", "Diluted Average Shares": "65,562", "Total Operating Income as Reported": "73,614", "Rent Expense Supplemental": "23,228", "Total Expenses": "553,945", "Net Income from Continuing & Discontinued Operation": "43,693", "Normalized Income": "45,883", "Interest Income": "146", "Interest Expense": "18,996", "Net Interest Income": "-20,745", "EBIT": "71,246", "EBITDA": "-", "Reconciled Cost of Revenue": "463,078", "Reconciled Depreciation": "27,039", "Net Income from Continuing Operation Net Minority Interest": "43,693", "Total Unusual Items Excluding Goodwill": "-2,620", "Total Unusual Items": "-2,620", "Normalized EBITDA": "100,905", "Tax Rate for Calcs": "0", "Tax Effect of Unusual Items": "-429.68"}}, "bs": {"12/31/2020": {"Duration": "12/31/2020", "Total Assets": "430,949", "Total Liabilities Net Minority Interest": "561,395", "Total Equity Gross Minority Interest": "-130,446", "Total Capitalization": "79,554", "Common Stock Equity": "-130,446", "Capital Lease Obligations": "169,759", "Net Tangible Assets": "-218,889", "Working Capital": "-28,512", "Invested Capital": "79,554", "Tangible Book Value": "-218,889", "Total Debt": "379,759", "Net Debt": "206,108", "Share Issued": "63,768", "Ordinary Shares Number": "63,768", "Treasury Shares Number": "-"}, "12/31/2019": {"Duration": "12/31/2019", "Total Assets": "460,387", "Total Liabilities Net Minority Interest": "598,451", "Total Equity Gross Minority Interest": "-138,064", "Total Capitalization": "101,936", "Common Stock Equity": "-138,064", "Capital Lease Obligations": "185,547", "Net Tangible Assets": "-228,852", "Working Capital": "-42,848", "Invested Capital": "101,936", "Tangible Book Value": "-228,852", "Total Debt": "425,547", "Net Debt": "236,628", "Share Issued": "109,415", "Ordinary Shares Number": "57,095", "Treasury Shares Number": "52,320"}, "12/31/2018": {"Duration": "12/31/2018", "Total Assets": "335,349", "Total Liabilities Net Minority Interest": "468,694", "Total Equity Gross Minority Interest": "-133,345", "Total Capitalization": "153,155", "Common Stock Equity": "-133,345", "Capital Lease Obligations": "30,591", "Net Tangible Assets": "-232,193", "Working Capital": "-47,127", "Invested Capital": "153,155", "Tangible Book Value": "-232,193", "Total Debt": "317,091", "Net Debt": "281,474", "Share Issued": "108,585", "Ordinary Shares Number": "61,533", "Treasury Shares Number": "47,052"}}, "cf": {"TTM": {"Duration": "TTM", "Operating Cash Flow": "-3,137", "Investing Cash Flow": "4,651", "Financing Cash Flow": "-994", "End Cash Position": "3,892", "Capital Expenditure": "-6,962", "Issuance of Capital Stock": "69,571", "Issuance of Debt": "143,175", "Repayment of Debt": "-172,070", "Repurchase of Capital Stock": "-36,008", "Free Cash Flow": "-10,099"}, "12/31/2020": {"Duration": "12/31/2020", "Operating Cash Flow": "-3,137", "Investing Cash Flow": "4,651", "Financing Cash Flow": "-994", "End Cash Position": "3,892", "Capital Expenditure": "-6,962", "Issuance of Capital Stock": "69,571", "Issuance of Debt": "143,175", "Repayment of Debt": "-172,070", "Repurchase of Capital Stock": "-36,008", "Free Cash Flow": "-10,099"}, "12/31/2019": {"Duration": "12/31/2019", "Operating Cash Flow": "43,327", "Investing Cash Flow": "104,969", "Financing Cash Flow": "-149,950", "End Cash Position": "3,372", "Capital Expenditure": "-13,975", "Issuance of Capital Stock": "-", "Issuance of Debt": "164,400", "Repayment of Debt": "-217,656", "Repurchase of Capital Stock": "-94,459", "Free Cash Flow": "29,352"}, "12/31/2018": {"Duration": "12/31/2018", "Operating Cash Flow": "73,690", "Investing Cash Flow": "-32,017", "Financing Cash Flow": "-41,630", "End Cash Position": "5,026", "Capital Expenditure": "-22,025", "Issuance of Capital Stock": "-", "Issuance of Debt": "138,540", "Repayment of Debt": "-111,681", "Repurchase of Capital Stock": "-61,237", "Free Cash Flow": "51,665"}}}}, {"CAKE": {"quote": {"03/21/2021": {"value": "60.34", "Market Cap": "2.765B", "Beta (5Y Monthly)": "1.77", "PE Ratio (TTM)": "N/A", "EPS (TTM)": "-6.32", "Earnings Date": "May 03, 2021 - May 07, 2021", "Forward Dividend & Yield": "N/A (N/A)", "Ex-Dividend Date": "Mar 06, 2020", "1y Target Est": "51.07"}}, "fin": {"TTM": {"Duration": "TTM", "Total Revenue": "1,983,225", "Cost of Revenue": "1,236,918", "Gross Profit": "746,307", "Operating Expense": "875,584", "Operating Income": "-129,277", "Net Non Operating Interest Income Expense": "-8,599", "Other Income Expense": "-218,160", "Pretax Income": "-356,036", "Tax Provision": "-102,671", "Net Income Common Stockholders": "-277,107", "Diluted NI Available to Com Stockholders": "-277,107", "Basic EPS": "-", "Diluted EPS": "-", "Basic Average Shares": "-", "Diluted Average Shares": "-", "Total Operating Income as Reported": "-347,437", "Total Expenses": "2,112,502", "Net Income from Continuing & Discontinued Operation": "-253,365", "Normalized Income": "-98,035", "Interest Expense": "8,599", "Net Interest Income": "-8,599", "EBIT": "-347,437", "EBITDA": "-256,022", "Reconciled Cost of Revenue": "1,236,918", "Reconciled Depreciation": "91,415", "Net Income from Continuing Operation Net Minority Interest": "-253,365", "Total Unusual Items Excluding Goodwill": "-218,160", "Total Unusual Items": "-218,160", "Normalized EBITDA": "-37,862", "Tax Rate for Calcs": "0", "Tax Effect of Unusual Items": "-62,830"}, "12/31/2020": {"Duration": "12/31/2020", "Total Revenue": "1,983,225", "Cost of Revenue": "1,236,918", "Gross Profit": "746,307", "Operating Expense": "875,584", "Operating Income": "-129,277", "Net Non Operating Interest Income Expense": "-8,599", "Other Income Expense": "-218,160", "Pretax Income": "-356,036", "Tax Provision": "-102,671", "Net Income Common Stockholders": "-277,107", "Diluted NI Available to Com Stockholders": "-277,107", "Basic EPS": "-", "Diluted EPS": "-", "Basic Average Shares": "-", "Diluted Average Shares": "-", "Total Operating Income as Reported": "-347,437", "Total Expenses": "2,112,502", "Net Income from Continuing & Discontinued Operation": "-253,365", "Normalized Income": "-98,035", "Interest Expense": "8,599", "Net Interest Income": "-8,599", "EBIT": "-347,437", "EBITDA": "-", "Reconciled Cost of Revenue": "1,236,918", "Reconciled Depreciation": "91,415", "Net Income from Continuing Operation Net Minority Interest": "-253,365", "Total Unusual Items Excluding Goodwill": "-218,160", "Total Unusual Items": "-218,160", "Normalized EBITDA": "-37,862", "Tax Rate for Calcs": "0", "Tax Effect of Unusual Items": "-62,830"}, "12/31/2019": {"Duration": "12/31/2019", "Total Revenue": "2,482,692", "Cost of Revenue": "1,461,450", "Gross Profit": "1,021,242", "Operating Expense": "893,094", "Operating Income": "128,148", "Net Non Operating Interest Income Expense": "-2,497", "Other Income Expense": "14,683", "Pretax Income": "140,334", "Tax Provision": "13,041", "Net Income Common Stockholders": "127,293", "Diluted NI Available to Com Stockholders": "127,293", "Basic EPS": "2.90", "Diluted EPS": "2.86", "Basic Average Shares": "43,949", "Diluted Average Shares": "44,545", "Total Operating Income as Reported": "103,598", "Total Expenses": "2,354,544", "Net Income from Continuing & Discontinued Operation": "127,293", "Normalized Income": "149,560", "Interest Expense": "-", "Net Interest Income": "-2,497", "EBIT": "128,148", "EBITDA": "-", "Reconciled Cost of Revenue": "1,461,450", "Reconciled Depreciation": "88,133", "Net Income from Continuing Operation Net Minority Interest": "127,293", "Total Unusual Items Excluding Goodwill": "-24,550", "Total Unusual Items": "-24,550", "Normalized EBITDA": "240,831", "Tax Rate for Calcs": "0", "Tax Effect of Unusual Items": "-2,283"}, "12/31/2018": {"Duration": "12/31/2018", "Total Revenue": "2,332,331", "Cost of Revenue": "1,367,014", "Gross Profit": "965,317", "Operating Expense": "828,508", "Operating Income": "136,809", "Net Non Operating Interest Income Expense": "-6,783", "Other Income Expense": "-22,615", "Pretax Income": "107,411", "Tax Provision": "8,376", "Net Income Common Stockholders": "99,035", "Diluted NI Available to Com Stockholders": "99,035", "Basic EPS": "2.19", "Diluted EPS": "2.14", "Basic Average Shares": "45,263", "Diluted Average Shares": "46,215", "Total Operating Income as Reported": "118,948", "Total Expenses": "2,195,522", "Net Income from Continuing & Discontinued Operation": "99,035", "Normalized Income": "115,503", "Interest Expense": "-", "Net Interest Income": "-6,783", "EBIT": "136,809", "EBITDA": "-", "Reconciled Cost of Revenue": "1,367,014", "Reconciled Depreciation": "95,976", "Net Income from Continuing Operation Net Minority Interest": "99,035", "Total Unusual Items Excluding Goodwill": "-17,861", "Total Unusual Items": "-17,861", "Normalized EBITDA": "250,646", "Tax Rate for Calcs": "0", "Tax Effect of Unusual Items": "-1,393"}}, "bs": {"12/31/2020": {"Duration": "12/31/2020", "Total Assets": "2,747,054", "Total Liabilities Net Minority Interest": "2,240,113", "Total Equity Gross Minority Interest": "506,941", "Total Capitalization": "786,941", "Preferred Stock Equity": "218,248", "Common Stock Equity": "288,693", "Capital Lease Obligations": "1,356,840", "Net Tangible Assets": "253,781", "Working Capital": "-244,708", "Invested Capital": "568,693", "Tangible Book Value": "35,533", "Total Debt": "1,636,840", "Net Debt": "125,915", "Share Issued": "98,645", "Ordinary Shares Number": "45,619", "Treasury Shares Number": "53,026"}, "12/31/2019": {"Duration": "12/31/2019", "Total Assets": "2,840,593", "Total Liabilities Net Minority Interest": "2,268,851", "Total Equity Gross Minority Interest": "571,742", "Total Capitalization": "861,742", "Preferred Stock Equity": "-", "Common Stock Equity": "571,742", "Capital Lease Obligations": "1,317,950", "Net Tangible Assets": "134,535", "Working Capital": "-370,072", "Invested Capital": "861,742", "Tangible Book Value": "134,535", "Total Debt": "1,607,950", "Net Debt": "231,584", "Share Issued": "97,685", "Ordinary Shares Number": "44,769", "Treasury Shares Number": "52,916"}, "12/31/2018": {"Duration": "12/31/2018", "Total Assets": "1,314,133", "Total Liabilities Net Minority Interest": "743,074", "Total Equity Gross Minority Interest": "571,059", "Total Capitalization": "581,059", "Preferred Stock Equity": "-", "Common Stock Equity": "571,059", "Capital Lease Obligations": "-", "Net Tangible Assets": "544,850", "Working Capital": "-221,270", "Invested Capital": "581,059", "Tangible Book Value": "544,850", "Total Debt": "10,000", "Net Debt": "-", "Share Issued": "96,622", "Ordinary Shares Number": "44,830", "Treasury Shares Number": "51,792"}}, "cf": {"TTM": {"Duration": "TTM", "Operating Cash Flow": "2,908", "Investing Cash Flow": "-50,914", "Financing Cash Flow": "143,692", "End Cash Position": "154,085", "Income Tax Paid Supplemental Data": "2,968", "Interest Paid Supplemental Data": "13,045", "Capital Expenditure": "-50,914", "Issuance of Capital Stock": "200,000", "Issuance of Debt": "90,000", "Repayment of Debt": "-100,000", "Repurchase of Capital Stock": "-3,621", "Free Cash Flow": "-48,006"}, "12/31/2020": {"Duration": "12/31/2020", "Operating Cash Flow": "2,908", "Investing Cash Flow": "-50,914", "Financing Cash Flow": "143,692", "End Cash Position": "154,085", "Income Tax Paid Supplemental Data": "2,968", "Interest Paid Supplemental Data": "13,045", "Capital Expenditure": "-50,914", "Issuance of Capital Stock": "200,000", "Issuance of Debt": "90,000", "Repayment of Debt": "-100,000", "Repurchase of Capital Stock": "-3,621", "Free Cash Flow": "-48,006"}, "12/31/2019": {"Duration": "12/31/2019", "Operating Cash Flow": "218,761", "Investing Cash Flow": "-363,060", "Financing Cash Flow": "176,020", "End Cash Position": "58,416", "Income Tax Paid Supplemental Data": "20,778", "Interest Paid Supplemental Data": "1,646", "Capital Expenditure": "-75,865", "Issuance of Capital Stock": "-", "Issuance of Debt": "335,000", "Repayment of Debt": "-55,000", "Repurchase of Capital Stock": "-50,982", "Free Cash Flow": "142,896"}, "12/31/2018": {"Duration": "12/31/2018", "Operating Cash Flow": "291,315", "Investing Cash Flow": "-130,389", "Financing Cash Flow": "-140,291", "End Cash Position": "26,578", "Income Tax Paid Supplemental Data": "10,149", "Interest Paid Supplemental Data": "8,156", "Capital Expenditure": "-105,929", "Issuance of Capital Stock": "-", "Issuance of Debt": "70,000", "Repayment of Debt": "-70,000", "Repurchase of Capital Stock": "-109,276", "Free Cash Flow": "185,386"}}}}, {"NDLS": {"quote": {"03/21/2021": {"value": "11.29", "Market Cap": "512.09M", "Beta (5Y Monthly)": "1.30", "PE Ratio (TTM)": "N/A", "EPS (TTM)": "-0.53", "Earnings Date": "May 04, 2021 - May 10, 2021", "Forward Dividend & Yield": "N/A (N/A)", "Ex-Dividend Date": "N/A", "1y Target Est": "12.40"}}, "fin": {"TTM": {"Duration": "TTM", "Total Revenue": "462,411", "Cost of Revenue": "383,291", "Gross Profit": "79,120", "Operating Expense": "65,934", "Operating Income": "13,186", "Net Non Operating Interest Income Expense": "-2,942", "Other Income Expense": "-8,493", "Pretax Income": "1,751", "Tax Provision": "104", "Net Income Common Stockholders": "1,647", "Diluted NI Available to Com Stockholders": "1,647", "Basic EPS": "-", "Diluted EPS": "-", "Basic Average Shares": "-", "Diluted Average Shares": "-", "Total Operating Income as Reported": "5,439", "Rent Expense Supplemental": "48,863", "Total Expenses": "449,225", "Net Income from Continuing & Discontinued Operation": "1,647", "Normalized Income": "9,639", "Interest Expense": "2,942", "Net Interest Income": "-2,942", "EBIT": "4,693", "EBITDA": "26,779", "Reconciled Cost of Revenue": "383,291", "Reconciled Depreciation": "22,086", "Net Income from Continuing Operation Net Minority Interest": "1,647", "Total Unusual Items Excluding Goodwill": "-8,493", "Total Unusual Items": "-8,493", "Normalized EBITDA": "35,272", "Tax Rate for Calcs": "0", "Tax Effect of Unusual Items": "-501.087"}, "12/31/2020": {"Duration": "12/31/2020", "Total Revenue": "393,655", "Cost of Revenue": "342,116", "Gross Profit": "51,539", "Operating Expense": "65,028", "Operating Income": "-13,489", "Net Non Operating Interest Income Expense": "-3,146", "Other Income Expense": "-6,540", "Pretax Income": "-23,175", "Tax Provision": "84", "Net Income Common Stockholders": "-23,259", "Diluted NI Available to Com Stockholders": "-23,259", "Basic EPS": "-0.53", "Diluted EPS": "-0.53", "Basic Average Shares": "44,272", "Diluted Average Shares": "44,272", "Total Operating Income as Reported": "-20,029", "Rent Expense Supplemental": "46,787", "Total Expenses": "407,144", "Net Income from Continuing & Discontinued Operation": "-23,259", "Normalized Income": "-18,485", "Interest Expense": "3,146", "Net Interest Income": "-3,146", "EBIT": "-20,029", "EBITDA": "-", "Reconciled Cost of Revenue": "342,116", "Reconciled Depreciation": "21,709", "Net Income from Continuing Operation Net Minority Interest": "-23,259", "Total Unusual Items Excluding Goodwill": "-6,540", "Total Unusual Items": "-6,540", "Normalized EBITDA": "8,220", "Tax Rate for Calcs": "0", "Tax Effect of Unusual Items": "-1,766"}, "12/31/2019": {"Duration": "12/31/2019", "Total Revenue": "462,411", "Cost of Revenue": "383,291", "Gross Profit": "79,120", "Operating Expense": "65,934", "Operating Income": "13,186", "Net Non Operating Interest Income Expense": "-2,942", "Other Income Expense": "-8,493", "Pretax Income": "1,751", "Tax Provision": "104", "Net Income Common Stockholders": "1,647", "Diluted NI Available to Com Stockholders": "1,647", "Basic EPS": "0.04", "Diluted EPS": "0.04", "Basic Average Shares": "44,037", "Diluted Average Shares": "44,976", "Total Operating Income as Reported": "5,439", "Rent Expense Supplemental": "48,863", "Total Expenses": "449,225", "Net Income from Continuing & Discontinued Operation": "1,647", "Normalized Income": "9,639", "Interest Expense": "2,942", "Net Interest Income": "-2,942", "EBIT": "4,693", "EBITDA": "-", "Reconciled Cost of Revenue": "383,291", "Reconciled Depreciation": "22,086", "Net Income from Continuing Operation Net Minority Interest": "1,647", "Total Unusual Items Excluding Goodwill": "-8,493", "Total Unusual Items": "-8,493", "Normalized EBITDA": "35,272", "Tax Rate for Calcs": "0", "Tax Effect of Unusual Items": "-501.087"}, "12/31/2018": {"Duration": "12/31/2018", "Total Revenue": "457,841", "Cost of Revenue": "385,443", "Gross Profit": "72,398", "Operating Expense": "69,014", "Operating Income": "3,384", "Net Non Operating Interest Income Expense": "-4,305", "Other Income Expense": "-7,768", "Pretax Income": "-8,689", "Tax Provision": "-248", "Net Income Common Stockholders": "-8,441", "Diluted NI Available to Com Stockholders": "-8,441", "Basic EPS": "-0.20", "Diluted EPS": "-0.20", "Basic Average Shares": "42,330", "Diluted Average Shares": "42,330", "Total Operating Income as Reported": "-3,758", "Rent Expense Supplemental": "49,020", "Total Expenses": "454,457", "Net Income from Continuing & Discontinued Operation": "-8,441", "Normalized Income": "-898.272", "Interest Expense": "4,305", "Net Interest Income": "-4,305", "EBIT": "-4,384", "EBITDA": "-", "Reconciled Cost of Revenue": "385,443", "Reconciled Depreciation": "22,872", "Net Income from Continuing Operation Net Minority Interest": "-8,441", "Total Unusual Items Excluding Goodwill": "-7,768", "Total Unusual Items": "-7,768", "Normalized EBITDA": "26,256", "Tax Rate for Calcs": "0", "Tax Effect of Unusual Items": "-225.272"}}, "bs": {"12/31/2020": {"Duration": "12/31/2020", "Total Assets": "353,631", "Total Liabilities Net Minority Interest": "323,932", "Total Equity Gross Minority Interest": "29,699", "Total Capitalization": "70,648", "Common Stock Equity": "29,699", "Capital Lease Obligations": "238,348", "Net Tangible Assets": "21,788", "Working Capital": "-34,415", "Invested Capital": "71,773", "Tangible Book Value": "21,788", "Total Debt": "280,422", "Net Debt": "34,234", "Share Issued": "46,808", "Ordinary Shares Number": "44,384", "Treasury Shares Number": "2,424"}, "12/31/2019": {"Duration": "12/31/2019", "Total Assets": "378,519", "Total Liabilities Net Minority Interest": "327,948", "Total Equity Gross Minority Interest": "50,571", "Total Capitalization": "91,068", "Common Stock Equity": "50,571", "Capital Lease Obligations": "248,299", "Net Tangible Assets": "42,534", "Working Capital": "-28,712", "Invested Capital": "91,818", "Tangible Book Value": "42,534", "Total Debt": "289,546", "Net Debt": "30,788", "Share Issued": "46,558", "Ordinary Shares Number": "44,134", "Treasury Shares Number": "2,424"}, "12/31/2018": {"Duration": "12/31/2018", "Total Assets": "172,032", "Total Liabilities Net Minority Interest": "119,351", "Total Equity Gross Minority Interest": "52,681", "Total Capitalization": "96,864", "Common Stock Equity": "52,681", "Capital Lease Obligations": "-", "Net Tangible Assets": "44,990", "Working Capital": "-9,796", "Invested Capital": "97,583", "Tangible Book Value": "44,990", "Total Debt": "44,902", "Net Debt": "40,247", "Share Issued": "46,353", "Ordinary Shares Number": "43,929", "Treasury Shares Number": "2,424"}}, "cf": {"TTM": {"Duration": "TTM", "Operating Cash Flow": "30,060", "Investing Cash Flow": "-18,439", "Financing Cash Flow": "-5,817", "End Cash Position": "10,459", "Capital Expenditure": "-18,791", "Issuance of Capital Stock": "0", "Issuance of Debt": "1,917", "Repayment of Debt": "-6,565", "Free Cash Flow": "11,269"}, "12/31/2020": {"Duration": "12/31/2020", "Operating Cash Flow": "9,124", "Investing Cash Flow": "-10,945", "Financing Cash Flow": "-798", "End Cash Position": "7,840", "Capital Expenditure": "-11,782", "Issuance of Capital Stock": "0", "Issuance of Debt": "55,500", "Repayment of Debt": "-55,393", "Free Cash Flow": "-2,658"}, "12/31/2019": {"Duration": "12/31/2019", "Operating Cash Flow": "30,060", "Investing Cash Flow": "-18,439", "Financing Cash Flow": "-5,817", "End Cash Position": "10,459", "Capital Expenditure": "-18,791", "Issuance of Capital Stock": "0", "Issuance of Debt": "1,917", "Repayment of Debt": "-6,565", "Free Cash Flow": "11,269"}, "12/31/2018": {"Duration": "12/31/2018", "Operating Cash Flow": "5,346", "Investing Cash Flow": "-13,838", "Financing Cash Flow": "9,786", "End Cash Position": "4,655", "Capital Expenditure": "-14,338", "Issuance of Capital Stock": "22,992", "Issuance of Debt": "74,889", "Repayment of Debt": "-87,131", "Free Cash Flow": "-8,992"}}}}, {"HOTR": {"quote": {"03/21/2021": {"value": "", "Net Assets": "N/A", "Beta (5Y Monthly)": "N/A", "Yield": "N/A", "5y Average Return": "N/A", "Holdings Turnover": "N/A", "Last Dividend": "N/A", "Average for Category": "N/A", "Inception Date": "N/A"}}, "fin": {}, "bs": {}, "cf": {}}}, {"CHUY": {"quote": {"05/11/2021": {"value": "43.82", "Market Cap": "875.795M", "Beta (5Y Monthly)": "2.18", "PE Ratio (TTM)": "53.44", "EPS (TTM)": "0.82", "Earnings Date": "Aug 04, 2021 - Aug 09, 2021", "Forward Dividend & Yield": "N/A (N/A)", "Ex-Dividend Date": "N/A", "1y Target Est": "45.17"}}, "fin": {"TTM": {"Duration": "TTM", "Total Revenue": "344,276", "Cost of Revenue": "197,645", "Gross Profit": "146,631", "Operating Expense": "131,055", "Operating Income": "15,576", "Net Non Operating Interest Income Expense": "-270", "Other Income Expense": "-29,130", "Pretax Income": "-13,824", "Tax Provision": "-7,318", "Net Income Common Stockholders": "-6,506", "Diluted NI Available to Com Stockholders": "-6,506", "Basic EPS": "-", "Diluted EPS": "-", "Basic Average Shares": "-", "Diluted Average Shares": "-", "Total Operating Income as Reported": "-13,554", "Rent Expense Supplemental": "30,374", "Total Expenses": "328,700", "Net Income from Continuing & Discontinued Operation": "-6,506", "Normalized Income": "14,759", "Interest Expense": "270", "Net Interest Income": "-270", "EBIT": "-13,554", "EBITDA": "15,555", "Reconciled Cost of Revenue": "188,818", "Reconciled Depreciation": "29,109", "Net Income from Continuing Operation Net Minority Interest": "-6,506", "Total Unusual Items Excluding Goodwill": "-29,130", "Total Unusual Items": "-29,130", "Normalized EBITDA": "44,685", "Tax Rate for Calcs": "0", "Tax Effect of Unusual Items": "-7,865"}, "12/31/2020": {"Duration": "12/31/2020", "Total Revenue": "320,952", "Cost of Revenue": "177,217", "Gross Profit": "143,735", "Operating Expense": "126,485", "Operating Income": "17,250", "Net Non Operating Interest Income Expense": "-257", "Other Income Expense": "-25,794", "Pretax Income": "-8,801", "Tax Provision": "-5,507", "Net Income Common Stockholders": "-3,294", "Diluted NI Available to Com Stockholders": "-3,294", "Basic EPS": "-", "Diluted EPS": "-", "Basic Average Shares": "-", "Diluted Average Shares": "-", "Total Operating Income as Reported": "-8,544", "Rent Expense Supplemental": "29,406", "Total Expenses": "303,702", "Net Income from Continuing & Discontinued Operation": "-3,294", "Normalized Income": "15,536", "Interest Expense": "257", "Net Interest Income": "-257", "EBIT": "-8,544", "EBITDA": "-", "Reconciled Cost of Revenue": "167,984", "Reconciled Depreciation": "29,264", "Net Income from Continuing Operation Net Minority Interest": "-3,294", "Total Unusual Items Excluding Goodwill": "-25,794", "Total Unusual Items": "-25,794", "Normalized EBITDA": "46,514", "Tax Rate for Calcs": "0", "Tax Effect of Unusual Items": "-6,964"}, "12/31/2019": {"Duration": "12/31/2019", "Total Revenue": "426,357", "Cost of Revenue": "260,931", "Gross Profit": "165,426", "Operating Expense": "147,196", "Operating Income": "18,230", "Net Non Operating Interest Income Expense": "-122", "Other Income Expense": "-14,794", "Pretax Income": "3,314", "Tax Provision": "-2,901", "Net Income Common Stockholders": "6,215", "Diluted NI Available to Com Stockholders": "6,215", "Basic EPS": "0.37", "Diluted EPS": "0.37", "Basic Average Shares": "16,729", "Diluted Average Shares": "16,824", "Total Operating Income as Reported": "3,436", "Rent Expense Supplemental": "32,151", "Total Expenses": "408,127", "Net Income from Continuing & Discontinued Operation": "6,215", "Normalized Income": "20,565", "Interest Expense": "122", "Net Interest Income": "-122", "EBIT": "3,436", "EBITDA": "-", "Reconciled Cost of Revenue": "259,914", "Reconciled Depreciation": "21,756", "Net Income from Continuing Operation Net Minority Interest": "6,215", "Total Unusual Items Excluding Goodwill": "-14,794", "Total Unusual Items": "-14,794", "Normalized EBITDA": "39,986", "Tax Rate for Calcs": "0", "Tax Effect of Unusual Items": "-443.82"}, "12/31/2018": {"Duration": "12/31/2018", "Total Revenue": "398,200", "Cost of Revenue": "246,271", "Gross Profit": "151,929", "Operating Expense": "136,325", "Operating Income": "15,604", "Net Non Operating Interest Income Expense": "-83", "Other Income Expense": "-12,336", "Pretax Income": "3,185", "Tax Provision": "-2,354", "Net Income Common Stockholders": "5,539", "Diluted NI Available to Com Stockholders": "5,539", "Basic EPS": "0.33", "Diluted EPS": "0.32", "Basic Average Shares": "16,932", "Diluted Average Shares": "17,062", "Total Operating Income as Reported": "3,268", "Rent Expense Supplemental": "30,028", "Total Expenses": "382,596", "Net Income from Continuing & Discontinued Operation": "5,539", "Normalized Income": "14,544", "Interest Expense": "83", "Net Interest Income": "-83", "EBIT": "3,268", "EBITDA": "-", "Reconciled Cost of Revenue": "246,271", "Reconciled Depreciation": "19,804", "Net Income from Continuing Operation Net Minority Interest": "5,539", "Total Unusual Items Excluding Goodwill": "-12,336", "Total Unusual Items": "-12,336", "Normalized EBITDA": "35,408", "Tax Rate for Calcs": "0", "Tax Effect of Unusual Items": "-3,331"}}, "bs": {"12/31/2020": {"Duration": "12/31/2020", "Total Assets": "493,675", "Total Liabilities Net Minority Interest": "251,817", "Total Equity Gross Minority Interest": "241,858", "Total Capitalization": "241,858", "Common Stock Equity": "241,858", "Capital Lease Obligations": "222,167", "Net Tangible Assets": "195,675", "Working Capital": "51,243", "Invested Capital": "241,858", "Tangible Book Value": "195,675", "Total Debt": "222,167", "Share Issued": "19,711", "Ordinary Shares Number": "19,711"}, "12/31/2019": {"Duration": "12/31/2019", "Total Assets": "446,069", "Total Liabilities Net Minority Interest": "251,133", "Total Equity Gross Minority Interest": "194,936", "Total Capitalization": "194,936", "Common Stock Equity": "194,936", "Capital Lease Obligations": "224,848", "Net Tangible Assets": "148,753", "Working Capital": "-19,416", "Invested Capital": "194,936", "Tangible Book Value": "148,753", "Total Debt": "224,848", "Share Issued": "16,636", "Ordinary Shares Number": "16,636"}, "12/31/2018": {"Duration": "12/31/2018", "Total Assets": "277,084", "Total Liabilities Net Minority Interest": "83,233", "Total Equity Gross Minority Interest": "193,851", "Total Capitalization": "193,851", "Common Stock Equity": "193,851", "Capital Lease Obligations": "-", "Net Tangible Assets": "147,730", "Working Capital": "-8,913", "Invested Capital": "193,851", "Tangible Book Value": "147,730", "Total Debt": "-", "Share Issued": "16,856", "Ordinary Shares Number": "16,856"}}, "cf": {"TTM": {"Duration": "TTM", "Operating Cash Flow": "43,651", "Investing Cash Flow": "-22,652", "Financing Cash Flow": "46,300", "End Cash Position": "77,775", "Income Tax Paid Supplemental Data": "1,632", "Interest Paid Supplemental Data": "209", "Capital Expenditure": "-22,288", "Issuance of Capital Stock": "48,167", "Issuance of Debt": "25,000", "Repayment of Debt": "-25,000", "Repurchase of Capital Stock": "-2,110", "Free Cash Flow": "21,363"}, "12/31/2020": {"Duration": "12/31/2020", "Operating Cash Flow": "42,714", "Investing Cash Flow": "-12,149", "Financing Cash Flow": "46,178", "End Cash Position": "86,817", "Income Tax Paid Supplemental Data": "1,232", "Interest Paid Supplemental Data": "202", "Capital Expenditure": "-12,149", "Issuance of Capital Stock": "48,167", "Issuance of Debt": "25,000", "Repayment of Debt": "-25,000", "Repurchase of Capital Stock": "-2,107", "Free Cash Flow": "30,565"}, "12/31/2019": {"Duration": "12/31/2019", "Operating Cash Flow": "43,431", "Investing Cash Flow": "-33,274", "Financing Cash Flow": "-8,282", "End Cash Position": "10,074", "Income Tax Paid Supplemental Data": "1,059", "Interest Paid Supplemental Data": "77", "Capital Expenditure": "-32,870", "Issuance of Capital Stock": "-", "Issuance of Debt": "5,000", "Repayment of Debt": "-5,000", "Repurchase of Capital Stock": "-8,670", "Free Cash Flow": "10,561"}, "12/31/2018": {"Duration": "12/31/2018", "Operating Cash Flow": "47,882", "Investing Cash Flow": "-44,521", "Financing Cash Flow": "-3,947", "End Cash Position": "8,199", "Income Tax Paid Supplemental Data": "862", "Interest Paid Supplemental Data": "35", "Capital Expenditure": "-44,087", "Issuance of Capital Stock": "-", "Issuance of Debt": "0", "Repayment of Debt": "0", "Repurchase of Capital Stock": "-4,400", "Free Cash Flow": "3,795"}}}}, {"FOGO": {"quote": {"05/11/2021": {"value": "", "Net Assets": "N/A", "Beta (5Y Monthly)": "N/A", "Yield": "N/A", "5y Average Return": "N/A", "Holdings Turnover": "N/A", "Last Dividend": "N/A", "Average for Category": "N/A", "Inception Date": "N/A"}}, "fin": {}, "bs": {}, "cf": {}}}, {"TAST": {"quote": {"05/11/2021": {"value": "5.82", "Market Cap": "299.742M", "Beta (5Y Monthly)": "2.72", "PE Ratio (TTM)": "N/A", "EPS (TTM)": "-0.58", "Earnings Date": "May 13, 2021", "Forward Dividend & Yield": "N/A (N/A)", "Ex-Dividend Date": "N/A", "1y Target Est": "8.08"}}, "fin": {"TTM": {"Duration": "TTM", "Total Revenue": "1,462,765", "Cost of Revenue": "917,247", "Gross Profit": "545,518", "Operating Expense": "550,697", "Operating Income": "-5,179", "Net Non Operating Interest Income Expense": "-27,856", "Other Income Expense": "-11,007", "Pretax Income": "-44,042", "Tax Provision": "-12,123", "Net Income Common Stockholders": "-31,919", "Average Dilution Earnings": "0", "Diluted NI Available to Com Stockholders": "-31,919", "Basic EPS": "-", "Diluted EPS": "-", "Basic Average Shares": "-", "Diluted Average Shares": "-", "Total Operating Income as Reported": "-8,743", "Rent Expense Supplemental": "107,147", "Total Expenses": "1,467,944", "Net Income from Continuing & Discontinued Operation": "-31,919", "Normalized Income": "-23,939", "Interest Expense": "27,856", "Net Interest Income": "-27,856", "EBIT": "-16,186", "EBITDA": "58,488", "Reconciled Cost of Revenue": "917,247", "Reconciled Depreciation": "74,674", "Net Income from Continuing Operation Net Minority Interest": "-31,919", "Total Unusual Items Excluding Goodwill": "-11,007", "Total Unusual Items": "-11,007", "Normalized EBITDA": "69,495", "Tax Rate for Calcs": "0", "Tax Effect of Unusual Items": "-3,027"}, "12/31/2020": {"Duration": "12/31/2020", "Total Revenue": "1,547,502", "Cost of Revenue": "1,305,368", "Gross Profit": "242,134", "Operating Expense": "225,242", "Operating Income": "16,892", "Net Non Operating Interest Income Expense": "-27,283", "Other Income Expense": "-12,778", "Pretax Income": "-23,169", "Tax Provision": "6,294", "Net Income Common Stockholders": "-29,463", "Average Dilution Earnings": "0", "Diluted NI Available to Com Stockholders": "-29,463", "Basic EPS": "-", "Diluted EPS": "-", "Basic Average Shares": "-", "Diluted Average Shares": "-", "Total Operating Income as Reported": "4,114", "Rent Expense Supplemental": "118,444", "Total Expenses": "1,530,610", "Net Income from Continuing & Discontinued Operation": "-29,463", "Normalized Income": "-21,796", "Interest Expense": "27,283", "Net Interest Income": "-27,283", "EBIT": "4,114", "EBITDA": "-", "Reconciled Cost of Revenue": "1,305,368", "Reconciled Depreciation": "81,727", "Net Income from Continuing Operation Net Minority Interest": "-29,463", "Total Unusual Items Excluding Goodwill": "-12,778", "Total Unusual Items": "-12,778", "Normalized EBITDA": "98,619", "Tax Rate for Calcs": "0", "Tax Effect of Unusual Items": "-5,111"}, "12/31/2019": {"Duration": "12/31/2019", "Total Revenue": "1,462,765", "Cost of Revenue": "1,251,758", "Gross Profit": "211,007", "Operating Expense": "216,186", "Operating Income": "-5,179", "Net Non Operating Interest Income Expense": "-27,856", "Other Income Expense": "-11,007", "Pretax Income": "-44,042", "Tax Provision": "-12,123", "Net Income Common Stockholders": "-31,919", "Average Dilution Earnings": "0", "Diluted NI Available to Com Stockholders": "-31,919", "Basic EPS": "-0.74", "Diluted EPS": "-0.74", "Basic Average Shares": "43,422", "Diluted Average Shares": "43,422", "Total Operating Income as Reported": "-8,743", "Rent Expense Supplemental": "107,147", "Total Expenses": "1,467,944", "Net Income from Continuing & Discontinued Operation": "-31,919", "Normalized Income": "-23,939", "Interest Expense": "27,856", "Net Interest Income": "-27,856", "EBIT": "-16,186", "EBITDA": "-", "Reconciled Cost of Revenue": "1,251,758", "Reconciled Depreciation": "74,674", "Net Income from Continuing Operation Net Minority Interest": "-31,919", "Total Unusual Items Excluding Goodwill": "-11,007", "Total Unusual Items": "-11,007", "Normalized EBITDA": "69,495", "Tax Rate for Calcs": "0", "Tax Effect of Unusual Items": "-3,027"}, "12/31/2018": {"Duration": "12/31/2018", "Total Revenue": "1,179,307", "Cost of Revenue": "969,296", "Gross Profit": "210,011", "Operating Expense": "172,971", "Operating Income": "37,040", "Net Non Operating Interest Income Expense": "-23,638", "Other Income Expense": "-3,455", "Pretax Income": "9,947", "Tax Provision": "-157", "Net Income Common Stockholders": "7,855", "Average Dilution Earnings": "2,249", "Diluted NI Available to Com Stockholders": "10,104", "Basic EPS": "0.22", "Diluted EPS": "0.22", "Basic Average Shares": "35,715", "Diluted Average Shares": "45,320", "Total Operating Income as Reported": "33,355", "Rent Expense Supplemental": "81,409", "Total Expenses": "1,142,267", "Net Income from Continuing & Discontinued Operation": "10,104", "Normalized Income": "12,626", "Interest Expense": "23,638", "Net Interest Income": "-23,638", "EBIT": "33,585", "EBITDA": "-", "Reconciled Cost of Revenue": "969,296", "Reconciled Depreciation": "58,468", "Net Income from Continuing Operation Net Minority Interest": "10,104", "Total Unusual Items Excluding Goodwill": "-3,455", "Total Unusual Items": "-3,455", "Normalized EBITDA": "95,508", "Tax Rate for Calcs": "0", "Tax Effect of Unusual Items": "-932.85"}}, "bs": {"12/31/2020": {"Duration": "12/31/2020", "Total Assets": "1,757,085", "Total Liabilities Net Minority Interest": "1,485,553", "Total Equity Gross Minority Interest": "271,532", "Total Capitalization": "746,844", "Common Stock Equity": "271,532", "Capital Lease Obligations": "853,883", "Net Tangible Assets": "-217,268", "Working Capital": "-44,396", "Invested Capital": "751,844", "Tangible Book Value": "-217,268", "Total Debt": "1,334,195", "Net Debt": "415,348", "Share Issued": "52,654", "Ordinary Shares Number": "49,389", "Preferred Shares Number": "0.1", "Treasury Shares Number": "3,265"}, "12/31/2019": {"Duration": "12/31/2019", "Total Assets": "1,751,460", "Total Liabilities Net Minority Interest": "1,441,998", "Total Equity Gross Minority Interest": "309,462", "Total Capitalization": "765,027", "Common Stock Equity": "309,462", "Capital Lease Obligations": "850,291", "Net Tangible Assets": "-194,788", "Working Capital": "-109,540", "Invested Capital": "770,893", "Tangible Book Value": "-194,788", "Total Debt": "1,311,722", "Net Debt": "458,457", "Share Issued": "51,840", "Ordinary Shares Number": "51,049", "Preferred Shares Number": "0.1", "Treasury Shares Number": "790.823"}, "12/31/2018": {"Duration": "12/31/2018", "Total Assets": "600,251", "Total Liabilities Net Minority Interest": "414,711", "Total Equity Gross Minority Interest": "185,540", "Total Capitalization": "460,370", "Common Stock Equity": "185,540", "Capital Lease Obligations": "5,137", "Net Tangible Assets": "-59,132", "Working Capital": "-47,461", "Invested Capital": "460,370", "Tangible Book Value": "-59,132", "Total Debt": "279,967", "Net Debt": "270,816", "Share Issued": "36,539", "Ordinary Shares Number": "35,742", "Preferred Shares Number": "0.1", "Treasury Shares Number": "796.476"}}, "cf": {"TTM": {"Duration": "TTM", "Operating Cash Flow": "48,708", "Investing Cash Flow": "-218,045", "Financing Cash Flow": "168,297", "End Cash Position": "2,974", "Income Tax Paid Supplemental Data": "144", "Interest Paid Supplemental Data": "29,159", "Capital Expenditure": "-146,808", "Issuance of Debt": "856,750", "Repayment of Debt": "-672,920", "Repurchase of Capital Stock": "-4,017", "Free Cash Flow": "-98,100"}, "12/31/2020": {"Duration": "12/31/2020", "Operating Cash Flow": "103,945", "Investing Cash Flow": "-47,857", "Financing Cash Flow": "5,902", "End Cash Position": "64,964", "Income Tax Paid Supplemental Data": "153", "Interest Paid Supplemental Data": "24,818", "Capital Expenditure": "-72,427", "Issuance of Debt": "221,250", "Repayment of Debt": "-201,992", "Repurchase of Capital Stock": "-10,053", "Free Cash Flow": "31,518"}, "12/31/2019": {"Duration": "12/31/2019", "Operating Cash Flow": "48,708", "Investing Cash Flow": "-218,045", "Financing Cash Flow": "168,297", "End Cash Position": "2,974", "Income Tax Paid Supplemental Data": "144", "Interest Paid Supplemental Data": "29,159", "Capital Expenditure": "-146,808", "Issuance of Debt": "856,750", "Repayment of Debt": "-672,920", "Repurchase of Capital Stock": "-4,017", "Free Cash Flow": "-98,100"}, "12/31/2018": {"Duration": "12/31/2018", "Operating Cash Flow": "80,769", "Investing Cash Flow": "-106,894", "Financing Cash Flow": "727", "End Cash Position": "4,014", "Income Tax Paid Supplemental Data": "-", "Interest Paid Supplemental Data": "23,203", "Capital Expenditure": "-77,858", "Issuance of Debt": "19,692", "Repayment of Debt": "-18,811", "Repurchase of Capital Stock": "-", "Free Cash Flow": "2,911"}}}}, {"DRI": {"quote": {"05/11/2021": {"value": "137.42", "Market Cap": "17.98B", "Beta (5Y Monthly)": "1.53", "PE Ratio (TTM)": "N/A", "EPS (TTM)": "-1.70", "Earnings Date": "Jun 23, 2021 - Jun 28, 2021", "Forward Dividend & Yield": "1.55 (1.10%)", "Ex-Dividend Date": "Apr 08, 2021", "1y Target Est": "156.84"}}, "fin": {"TTM": {"Duration": "TTM", "Total Revenue": "6,800,500", "Cost of Revenue": "5,635,300", "Gross Profit": "1,165,200", "Operating Expense": "911,500", "Operating Income": "253,700", "Net Non Operating Interest Income Expense": "-64,300", "Other Income Expense": "-396,400", "Pretax Income": "-207,000", "Tax Provision": "-94,800", "Net Income Common Stockholders": "-115,600", "Diluted NI Available to Com Stockholders": "-115,600", "Basic EPS": "-", "Diluted EPS": "-", "Basic Average Shares": "-", "Diluted Average Shares": "-", "Total Operating Income as Reported": "-136,500", "Total Expenses": "6,546,800", "Net Income from Continuing & Discontinued Operation": "-115,600", "Normalized Income": "-112,200", "Interest Income": "-", "Interest Expense": "-", "Net Interest Income": "-64,300", "EBIT": "-283,200", "EBITDA": "72,500", "Reconciled Cost of Revenue": "5,635,300", "Reconciled Depreciation": "355,700", "Net Income from Continuing Operation Net Minority Interest": "-112,200", "Total Unusual Items Excluding Goodwill": "-", "Total Unusual Items": "-", "Normalized EBITDA": "72,500", "Tax Rate for Calcs": "0", "Tax Effect of Unusual Items": "0"}, "5/31/2020": {"Duration": "5/31/2020", "Total Revenue": "7,806,900", "Cost of Revenue": "6,398,500", "Gross Profit": "1,408,400", "Operating Expense": "970,300", "Operating Income": "438,100", "Net Non Operating Interest Income Expense": "-57,300", "Other Income Expense": "-541,800", "Pretax Income": "-161,000", "Tax Provision": "-111,800", "Net Income Common Stockholders": "-52,400", "Diluted NI Available to Com Stockholders": "-52,400", "Basic EPS": "-0.43", "Diluted EPS": "-0.43", "Basic Average Shares": "122,700", "Diluted Average Shares": "122,700", "Total Operating Income as Reported": "47,900", "Total Expenses": "7,368,800", "Net Income from Continuing & Discontinued Operation": "-52,400", "Normalized Income": "235,646", "Interest Income": "4,900", "Interest Expense": "62,200", "Net Interest Income": "-57,300", "EBIT": "-98,800", "EBITDA": "-", "Reconciled Cost of Revenue": "6,398,500", "Reconciled Depreciation": "355,900", "Net Income from Continuing Operation Net Minority Interest": "-49,200", "Total Unusual Items Excluding Goodwill": "-390,200", "Total Unusual Items": "-390,200", "Normalized EBITDA": "647,300", "Tax Rate for Calcs": "0", "Tax Effect of Unusual Items": "-105,354"}, "5/31/2019": {"Duration": "5/31/2019", "Total Revenue": "8,510,400", "Cost of Revenue": "6,661,400", "Gross Profit": "1,849,000", "Operating Expense": "997,500", "Operating Income": "851,500", "Net Non Operating Interest Income Expense": "-50,200", "Other Income Expense": "-19,000", "Pretax Income": "782,300", "Tax Provision": "63,700", "Net Income Common Stockholders": "713,400", "Diluted NI Available to Com Stockholders": "713,400", "Basic EPS": "5.78", "Diluted EPS": "5.69", "Basic Average Shares": "123,500", "Diluted Average Shares": "125,400", "Total Operating Income as Reported": "832,500", "Total Expenses": "7,658,900", "Net Income from Continuing & Discontinued Operation": "713,400", "Normalized Income": "736,061", "Interest Income": "3,800", "Interest Expense": "54,000", "Net Interest Income": "-50,200", "EBIT": "836,300", "EBITDA": "-", "Reconciled Cost of Revenue": "6,661,400", "Reconciled Depreciation": "336,700", "Net Income from Continuing Operation Net Minority Interest": "718,600", "Total Unusual Items Excluding Goodwill": "-19,000", "Total Unusual Items": "-19,000", "Normalized EBITDA": "1,192,000", "Tax Rate for Calcs": "0", "Tax Effect of Unusual Items": "-1,539"}, "5/31/2018": {"Duration": "5/31/2018", "Total Revenue": "8,080,100", "Cost of Revenue": "6,334,700", "Gross Profit": "1,745,400", "Operating Expense": "975,200", "Operating Income": "770,200", "Net Non Operating Interest Income Expense": "-161,100", "Other Income Expense": "-3,400", "Pretax Income": "605,700", "Tax Provision": "1,900", "Net Income Common Stockholders": "596,000", "Diluted NI Available to Com Stockholders": "596,000", "Basic EPS": "4.81", "Diluted EPS": "4.73", "Basic Average Shares": "124,000", "Diluted Average Shares": "126,000", "Total Operating Income as Reported": "766,800", "Total Expenses": "7,309,900", "Net Income from Continuing & Discontinued Operation": "596,000", "Normalized Income": "607,190", "Interest Income": "800", "Interest Expense": "161,900", "Net Interest Income": "-161,100", "EBIT": "767,600", "EBITDA": "-", "Reconciled Cost of Revenue": "6,334,700", "Reconciled Depreciation": "313,100", "Net Income from Continuing Operation Net Minority Interest": "603,800", "Total Unusual Items Excluding Goodwill": "-3,400", "Total Unusual Items": "-3,400", "Normalized EBITDA": "1,084,100", "Tax Rate for Calcs": "0", "Tax Effect of Unusual Items": "-10.2"}}, "bs": {"5/31/2020": {"Duration": "5/31/2020", "Total Assets": "9,946,100", "Total Liabilities Net Minority Interest": "7,614,900", "Total Equity Gross Minority Interest": "2,331,200", "Total Capitalization": "3,260,000", "Common Stock Equity": "2,331,200", "Capital Lease Obligations": "4,442,600", "Net Tangible Assets": "487,900", "Working Capital": "-691,400", "Invested Capital": "3,530,000", "Tangible Book Value": "487,900", "Total Debt": "5,641,400", "Net Debt": "435,500", "Share Issued": "129,894", "Ordinary Shares Number": "129,894", "Treasury Shares Number": "0"}, "5/31/2019": {"Duration": "5/31/2019", "Total Assets": "5,892,800", "Total Liabilities Net Minority Interest": "3,500,200", "Total Equity Gross Minority Interest": "2,392,600", "Total Capitalization": "3,320,300", "Common Stock Equity": "2,392,600", "Capital Lease Obligations": "-", "Net Tangible Assets": "258,100", "Working Capital": "-581,500", "Invested Capital": "3,320,300", "Tangible Book Value": "258,100", "Total Debt": "927,700", "Net Debt": "470,400", "Share Issued": "123,080", "Ordinary Shares Number": "123,080", "Treasury Shares Number": "-"}, "5/31/2018": {"Duration": "5/31/2018", "Total Assets": "5,469,600", "Total Liabilities Net Minority Interest": "3,274,800", "Total Equity Gross Minority Interest": "2,194,800", "Total Capitalization": "3,121,300", "Common Stock Equity": "2,194,800", "Capital Lease Obligations": "-", "Net Tangible Assets": "60,300", "Working Capital": "-830,900", "Invested Capital": "3,121,300", "Tangible Book Value": "60,300", "Total Debt": "926,500", "Net Debt": "779,600", "Share Issued": "124,840", "Ordinary Shares Number": "123,540", "Treasury Shares Number": "1,300"}}, "cf": {"TTM": {"Duration": "TTM", "Operating Cash Flow": "696,800", "Investing Cash Flow": "-340,900", "Financing Cash Flow": "264,100", "End Cash Position": "777,300", "Capital Expenditure": "-332,000", "Issuance of Capital Stock": "521,500", "Issuance of Debt": "-", "Repayment of Debt": "-143,400", "Repurchase of Capital Stock": "-106,200", "Free Cash Flow": "364,800"}, "5/31/2020": {"Duration": "5/31/2020", "Operating Cash Flow": "711,300", "Investing Cash Flow": "-544,000", "Financing Cash Flow": "138,700", "End Cash Position": "763,300", "Capital Expenditure": "-484,500", "Issuance of Capital Stock": "525,900", "Issuance of Debt": "1,020,000", "Repayment of Debt": "-755,200", "Repurchase of Capital Stock": "-330,300", "Free Cash Flow": "226,800"}, "5/31/2019": {"Duration": "5/31/2019", "Operating Cash Flow": "1,257,200", "Investing Cash Flow": "-462,600", "Financing Cash Flow": "-484,200", "End Cash Position": "457,300", "Capital Expenditure": "-477,900", "Issuance of Capital Stock": "59,300", "Issuance of Debt": "178,400", "Repayment of Debt": "-143,700", "Repurchase of Capital Stock": "-207,500", "Free Cash Flow": "779,300"}, "5/31/2018": {"Duration": "5/31/2018", "Operating Cash Flow": "1,001,300", "Investing Cash Flow": "-450,900", "Financing Cash Flow": "-636,600", "End Cash Position": "146,900", "Capital Expenditure": "-418,800", "Issuance of Capital Stock": "37,800", "Issuance of Debt": "1,260,000", "Repayment of Debt": "-1,373,600", "Repurchase of Capital Stock": "-234,800", "Free Cash Flow": "582,500"}}}}, {"DPZ": {"quote": {"05/11/2021": {"value": "422.34", "Market Cap": "16.399B", "Beta (5Y Monthly)": "0.48", "PE Ratio (TTM)": "34.28", "EPS (TTM)": "12.32", "Earnings Date": "Jul 14, 2021 - Jul 19, 2021", "Forward Dividend & Yield": "3.76 (0.87%)", "Ex-Dividend Date": "Jun 14, 2021", "1y Target Est": "432.72"}}, "fin": {"TTM": {"Duration": "TTM", "Total Revenue": "4,117,411", "Cost of Revenue": "2,522,918", "Gross Profit": "1,594,493", "Operating Expense": "868,851", "Operating Income": "725,642", "Net Non Operating Interest Income Expense": "-170,512", "Pretax Income": "555,130", "Tax Provision": "63,834", "Net Income Common Stockholders": "491,296", "Diluted NI Available to Com Stockholders": "491,296", "Basic EPS": "-", "Diluted EPS": "-", "Basic Average Shares": "-", "Diluted Average Shares": "-", "Total Operating Income as Reported": "725,642", "Total Expenses": "3,391,769", "Net Income from Continuing & Discontinued Operation": "491,296", "Normalized Income": "491,296", "Interest Income": "1,654", "Interest Expense": "172,166", "Net Interest Income": "-170,512", "EBIT": "727,296", "EBITDA": "792,334", "Reconciled Cost of Revenue": "2,522,918", "Reconciled Depreciation": "65,038", "Net Income from Continuing Operation Net Minority Interest": "491,296", "Normalized EBITDA": "792,334", "Tax Rate for Calcs": "0", "Tax Effect of Unusual Items": "0"}, "12/31/2020": {"Duration": "12/31/2020", "Total Revenue": "4,117,411", "Cost of Revenue": "2,522,918", "Gross Profit": "1,594,493", "Operating Expense": "868,851", "Operating Income": "725,642", "Net Non Operating Interest Income Expense": "-170,512", "Pretax Income": "555,130", "Tax Provision": "63,834", "Net Income Common Stockholders": "491,296", "Diluted NI Available to Com Stockholders": "491,296", "Basic EPS": "-", "Diluted EPS": "-", "Basic Average Shares": "-", "Diluted Average Shares": "-", "Total Operating Income as Reported": "725,642", "Total Expenses": "3,391,769", "Net Income from Continuing & Discontinued Operation": "491,296", "Normalized Income": "491,296", "Interest Income": "1,654", "Interest Expense": "172,166", "Net Interest Income": "-170,512", "EBIT": "727,296", "EBITDA": "-", "Reconciled Cost of Revenue": "2,522,918", "Reconciled Depreciation": "65,038", "Net Income from Continuing Operation Net Minority Interest": "491,296", "Normalized EBITDA": "792,334", "Tax Rate for Calcs": "0", "Tax Effect of Unusual Items": "0"}, "12/31/2019": {"Duration": "12/31/2019", "Total Revenue": "3,618,774", "Cost of Revenue": "2,216,275", "Gross Profit": "1,402,499", "Operating Expense": "773,092", "Operating Income": "629,407", "Net Non Operating Interest Income Expense": "-146,770", "Pretax Income": "482,637", "Tax Provision": "81,928", "Net Income Common Stockholders": "400,709", "Diluted NI Available to Com Stockholders": "400,709", "Basic EPS": "10.29", "Diluted EPS": "9.56", "Basic Average Shares": "38,934", "Diluted Average Shares": "41,923", "Total Operating Income as Reported": "629,407", "Total Expenses": "2,989,367", "Net Income from Continuing & Discontinued Operation": "400,709", "Normalized Income": "400,709", "Interest Income": "4,048", "Interest Expense": "150,818", "Net Interest Income": "-146,770", "EBIT": "633,455", "EBITDA": "-", "Reconciled Cost of Revenue": "2,216,275", "Reconciled Depreciation": "59,930", "Net Income from Continuing Operation Net Minority Interest": "400,709", "Normalized EBITDA": "693,385", "Tax Rate for Calcs": "0", "Tax Effect of Unusual Items": "0"}, "12/31/2018": {"Duration": "12/31/2018", "Total Revenue": "3,432,867", "Cost of Revenue": "2,130,188", "Gross Profit": "1,302,679", "Operating Expense": "730,990", "Operating Income": "571,689", "Net Non Operating Interest Income Expense": "-143,011", "Pretax Income": "428,678", "Tax Provision": "66,706", "Net Income Common Stockholders": "361,972", "Diluted NI Available to Com Stockholders": "361,972", "Basic EPS": "8.83", "Diluted EPS": "8.35", "Basic Average Shares": "40,978", "Diluted Average Shares": "43,350", "Total Operating Income as Reported": "571,689", "Total Expenses": "2,861,178", "Net Income from Continuing & Discontinued Operation": "361,972", "Normalized Income": "361,972", "Interest Income": "3,334", "Interest Expense": "146,345", "Net Interest Income": "-143,011", "EBIT": "575,023", "EBITDA": "-", "Reconciled Cost of Revenue": "2,130,188", "Reconciled Depreciation": "53,665", "Net Income from Continuing Operation Net Minority Interest": "361,972", "Normalized EBITDA": "628,688", "Tax Rate for Calcs": "0", "Tax Effect of Unusual Items": "0"}}, "bs": {"12/31/2020": {"Duration": "12/31/2020", "Total Assets": "1,567,168", "Total Liabilities Net Minority Interest": "4,867,573", "Total Equity Gross Minority Interest": "-3,300,405", "Total Capitalization": "815,613", "Common Stock Equity": "-3,300,405", "Capital Lease Obligations": "238,129", "Net Tangible Assets": "-3,396,772", "Working Capital": "398,565", "Invested Capital": "818,468", "Tangible Book Value": "-3,396,772", "Total Debt": "4,357,002", "Net Debt": "3,950,052", "Share Issued": "38,868", "Ordinary Shares Number": "38,868"}, "12/31/2019": {"Duration": "12/31/2019", "Total Assets": "1,382,092", "Total Liabilities Net Minority Interest": "4,797,851", "Total Equity Gross Minority Interest": "-3,415,759", "Total Capitalization": "637,033", "Common Stock Equity": "-3,415,759", "Capital Lease Obligations": "255,706", "Net Tangible Assets": "-3,503,992", "Working Capital": "333,786", "Invested Capital": "679,033", "Tangible Book Value": "-3,503,992", "Total Debt": "4,350,498", "Net Debt": "3,904,177", "Share Issued": "38,934", "Ordinary Shares Number": "38,934"}, "12/31/2018": {"Duration": "12/31/2018", "Total Assets": "907,385", "Total Liabilities Net Minority Interest": "3,947,306", "Total Equity Gross Minority Interest": "-3,039,921", "Total Capitalization": "455,770", "Common Stock Equity": "-3,039,921", "Capital Lease Obligations": "-", "Net Tangible Assets": "-3,118,649", "Working Capital": "187,208", "Invested Capital": "491,663", "Tangible Book Value": "-3,118,649", "Total Debt": "3,531,584", "Net Debt": "3,506,146", "Share Issued": "40,978", "Ordinary Shares Number": "40,978"}}, "cf": {"TTM": {"Duration": "TTM", "Operating Cash Flow": "592,794", "Investing Cash Flow": "-128,927", "Financing Cash Flow": "-446,406", "End Cash Position": "168,821", "Capital Expenditure": "-88,768", "Issuance of Debt": "158,000", "Repayment of Debt": "-202,058", "Repurchase of Capital Stock": "-304,590", "Free Cash Flow": "504,026"}, "12/31/2020": {"Duration": "12/31/2020", "Operating Cash Flow": "592,794", "Investing Cash Flow": "-128,927", "Financing Cash Flow": "-446,406", "End Cash Position": "168,821", "Capital Expenditure": "-88,768", "Issuance of Debt": "158,000", "Repayment of Debt": "-202,058", "Repurchase of Capital Stock": "-304,590", "Free Cash Flow": "504,026"}, "12/31/2019": {"Duration": "12/31/2019", "Operating Cash Flow": "496,950", "Investing Cash Flow": "-27,854", "Financing Cash Flow": "-222,792", "End Cash Position": "483,924", "Capital Expenditure": "-85,565", "Issuance of Debt": "675,000", "Repayment of Debt": "-92,085", "Repurchase of Capital Stock": "-699,007", "Free Cash Flow": "411,385"}, "12/31/2018": {"Duration": "12/31/2018", "Operating Cash Flow": "394,171", "Investing Cash Flow": "-88,257", "Financing Cash Flow": "-322,803", "End Cash Position": "237,419", "Capital Expenditure": "-119,888", "Issuance of Debt": "970,000", "Repayment of Debt": "-604,088", "Repurchase of Capital Stock": "-591,212", "Free Cash Flow": "274,283"}}}}, {"DIN": {"quote": {"05/11/2021": {"value": "94.74", "Market Cap": "1.625B", "Beta (5Y Monthly)": "2.13", "PE Ratio (TTM)": "N/A", "EPS (TTM)": "-6.20", "Earnings Date": "Jul 27, 2021 - Aug 02, 2021", "Forward Dividend & Yield": "N/A (N/A)", "Ex-Dividend Date": "Mar 19, 2020", "1y Target Est": "112.40"}}, "fin": {"TTM": {"Duration": "TTM", "Total Revenue": "689,268", "Cost of Revenue": "440,552", "Gross Profit": "248,716", "Operating Expense": "155,694", "Operating Income": "93,022", "Net Non Operating Interest Income Expense": "-66,895", "Other Income Expense": "-134,669", "Pretax Income": "-108,562", "Tax Provision": "-4,568", "Net Income Common Stockholders": "-104,414", "Average Dilution Earnings": "0", "Diluted NI Available to Com Stockholders": "-104,414", "Basic EPS": "-", "Diluted EPS": "-", "Basic Average Shares": "-", "Diluted Average Shares": "-", "Rent Expense Supplemental": "89,502", "Total Expenses": "596,246", "Net Income from Continuing & Discontinued Operation": "-103,994", "Normalized Income": "25,008", "Interest Expense": "66,895", "Net Interest Income": "-66,895", "EBIT": "-41,667", "EBITDA": "1,162", "Reconciled Cost of Revenue": "408,626", "Reconciled Depreciation": "42,829", "Net Income from Continuing Operation Net Minority Interest": "-103,994", "Total Unusual Items Excluding Goodwill": "-134,669", "Total Unusual Items": "-134,669", "Normalized EBITDA": "135,831", "Tax Rate for Calcs": "0", "Tax Effect of Unusual Items": "-5,667"}, "12/31/2020": {"Duration": "12/31/2020", "Total Revenue": "689,268", "Cost of Revenue": "440,552", "Gross Profit": "248,716", "Operating Expense": "155,694", "Operating Income": "93,022", "Net Non Operating Interest Income Expense": "-66,895", "Other Income Expense": "-134,669", "Pretax Income": "-108,562", "Tax Provision": "-4,568", "Net Income Common Stockholders": "-104,414", "Average Dilution Earnings": "0", "Diluted NI Available to Com Stockholders": "-104,414", "Basic EPS": "-", "Diluted EPS": "-", "Basic Average Shares": "-", "Diluted Average Shares": "-", "Rent Expense Supplemental": "89,502", "Total Expenses": "596,246", "Net Income from Continuing & Discontinued Operation": "-103,994", "Normalized Income": "25,008", "Interest Expense": "66,895", "Net Interest Income": "-66,895", "EBIT": "-41,667", "EBITDA": "-", "Reconciled Cost of Revenue": "408,626", "Reconciled Depreciation": "42,829", "Net Income from Continuing Operation Net Minority Interest": "-103,994", "Total Unusual Items Excluding Goodwill": "-134,669", "Total Unusual Items": "-134,669", "Normalized EBITDA": "135,831", "Tax Rate for Calcs": "0", "Tax Effect of Unusual Items": "-5,667"}, "12/31/2019": {"Duration": "12/31/2019", "Total Revenue": "910,178", "Cost of Revenue": "527,364", "Gross Profit": "382,814", "Operating Expense": "174,517", "Operating Income": "208,297", "Net Non Operating Interest Income Expense": "-60,393", "Other Income Expense": "-9,431", "Pretax Income": "138,473", "Tax Provision": "34,127", "Net Income Common Stockholders": "100,814", "Average Dilution Earnings": "33", "Diluted NI Available to Com Stockholders": "100,847", "Basic EPS": "5.95", "Diluted EPS": "5.85", "Basic Average Shares": "16,934", "Diluted Average Shares": "17,245", "Rent Expense Supplemental": "90,759", "Total Expenses": "701,881", "Net Income from Continuing & Discontinued Operation": "104,346", "Normalized Income": "111,457", "Interest Expense": "60,393", "Net Interest Income": "-60,393", "EBIT": "198,866", "EBITDA": "-", "Reconciled Cost of Revenue": "496,573", "Reconciled Depreciation": "42,493", "Net Income from Continuing Operation Net Minority Interest": "104,346", "Total Unusual Items Excluding Goodwill": "-9,431", "Total Unusual Items": "-9,431", "Normalized EBITDA": "250,790", "Tax Rate for Calcs": "0", "Tax Effect of Unusual Items": "-2,320"}, "12/31/2018": {"Duration": "12/31/2018", "Total Revenue": "780,931", "Cost of Revenue": "427,844", "Gross Profit": "353,087", "Operating Expense": "176,788", "Operating Income": "176,299", "Net Non Operating Interest Income Expense": "-61,686", "Other Income Expense": "-4,005", "Pretax Income": "110,608", "Tax Provision": "30,254", "Net Income Common Stockholders": "77,643", "Average Dilution Earnings": "-", "Diluted NI Available to Com Stockholders": "77,643", "Basic EPS": "4.43", "Diluted EPS": "4.37", "Basic Average Shares": "17,533", "Diluted Average Shares": "17,789", "Rent Expense Supplemental": "90,756", "Total Expenses": "604,632", "Net Income from Continuing & Discontinued Operation": "80,354", "Normalized Income": "81,430", "Interest Expense": "61,686", "Net Interest Income": "-61,686", "EBIT": "172,294", "EBITDA": "-", "Reconciled Cost of Revenue": "405,774", "Reconciled Depreciation": "32,175", "Net Income from Continuing Operation Net Minority Interest": "80,354", "Total Unusual Items Excluding Goodwill": "-1,482", "Total Unusual Items": "-1,482", "Normalized EBITDA": "205,951", "Tax Rate for Calcs": "0", "Tax Effect of Unusual Items": "-406.068"}}, "bs": {"12/31/2020": {"Duration": "12/31/2020", "Total Assets": "2,074,945", "Total Liabilities Net Minority Interest": "2,429,596", "Total Equity Gross Minority Interest": "-354,651", "Total Capitalization": "1,137,349", "Common Stock Equity": "-354,651", "Capital Lease Obligations": "527,937", "Net Tangible Assets": "-1,155,351", "Working Capital": "237,938", "Invested Capital": "1,150,349", "Tangible Book Value": "-1,155,351", "Total Debt": "2,032,937", "Net Debt": "1,121,631", "Share Issued": "16,417", "Ordinary Shares Number": "16,417", "Treasury Shares Number": "8,430"}, "12/31/2019": {"Duration": "12/31/2019", "Total Assets": "2,049,511", "Total Liabilities Net Minority Interest": "2,291,285", "Total Equity Gross Minority Interest": "-241,774", "Total Capitalization": "1,046,474", "Common Stock Equity": "-241,774", "Capital Lease Obligations": "560,584", "Net Tangible Assets": "-1,160,774", "Working Capital": "-10,995", "Invested Capital": "1,046,474", "Tangible Book Value": "-1,160,774", "Total Debt": "1,848,832", "Net Debt": "1,172,205", "Share Issued": "24,925", "Ordinary Shares Number": "16,522", "Treasury Shares Number": "8,404"}, "12/31/2018": {"Duration": "12/31/2018", "Total Assets": "1,774,680", "Total Liabilities Net Minority Interest": "1,976,953", "Total Equity Gross Minority Interest": "-202,273", "Total Capitalization": "1,071,814", "Common Stock Equity": "-202,273", "Capital Lease Obligations": "140,275", "Net Tangible Assets": "-1,133,473", "Working Capital": "66,004", "Invested Capital": "1,096,814", "Tangible Book Value": "-1,133,473", "Total Debt": "1,439,362", "Net Debt": "1,161,923", "Share Issued": "24,985", "Ordinary Shares Number": "17,644", "Treasury Shares Number": "7,341"}}, "cf": {"TTM": {"Duration": "TTM", "Operating Cash Flow": "96,503", "Investing Cash Flow": "18,725", "Financing Cash Flow": "168,350", "End Cash Position": "456,053", "Income Tax Paid Supplemental Data": "11,873", "Interest Paid Supplemental Data": "69,208", "Capital Expenditure": "-10,927", "Issuance of Debt": "220,000", "Repayment of Debt": "-15,701", "Repurchase of Capital Stock": "-29,853", "Free Cash Flow": "85,576"}, "12/31/2020": {"Duration": "12/31/2020", "Operating Cash Flow": "96,503", "Investing Cash Flow": "18,725", "Financing Cash Flow": "168,350", "End Cash Position": "456,053", "Income Tax Paid Supplemental Data": "11,873", "Interest Paid Supplemental Data": "69,208", "Capital Expenditure": "-10,927", "Issuance of Debt": "220,000", "Repayment of Debt": "-15,701", "Repurchase of Capital Stock": "-29,853", "Free Cash Flow": "85,576"}, "12/31/2019": {"Duration": "12/31/2019", "Operating Cash Flow": "155,180", "Investing Cash Flow": "-153", "Financing Cash Flow": "-182,931", "End Cash Position": "172,475", "Income Tax Paid Supplemental Data": "44,748", "Interest Paid Supplemental Data": "66,104", "Capital Expenditure": "-19,424", "Issuance of Debt": "1,300,000", "Repayment of Debt": "-1,322,389", "Repurchase of Capital Stock": "-109,698", "Free Cash Flow": "135,756"}, "12/31/2018": {"Duration": "12/31/2018", "Operating Cash Flow": "140,346", "Investing Cash Flow": "-14,801", "Financing Cash Flow": "-88,312", "End Cash Position": "200,379", "Income Tax Paid Supplemental Data": "34,246", "Interest Paid Supplemental Data": "66,059", "Capital Expenditure": "-14,279", "Issuance of Debt": "75,000", "Repayment of Debt": "-76,907", "Repurchase of Capital Stock": "-33,603", "Free Cash Flow": "126,067"}}}}, {"TACO": {"quote": {"05/11/2021": {"value": "10.36", "Market Cap": "380.989M", "Beta (5Y Monthly)": "2.08", "PE Ratio (TTM)": "25.10", "EPS (TTM)": "0.41", "Earnings Date": "Jul 21, 2021 - Jul 26, 2021", "Forward Dividend & Yield": "0.16 (1.44%)", "Ex-Dividend Date": "May 12, 2021", "1y Target Est": "13.75"}}, "fin": {"TTM": {"Duration": "TTM", "Total Revenue": "491,883", "Cost of Revenue": "382,777", "Gross Profit": "109,106", "Operating Expense": "86,182", "Operating Income": "22,924", "Net Non Operating Interest Income Expense": "-4,811", "Other Income Expense": "-109,913", "Pretax Income": "-91,800", "Tax Provision": "-2,062", "Net Income Common Stockholders": "-89,738", "Diluted NI Available to Com Stockholders": "-89,738", "Basic EPS": "-", "Diluted EPS": "-", "Basic Average Shares": "-", "Diluted Average Shares": "-", "Total Operating Income as Reported": "-86,989", "Rent Expense Supplemental": "113,749", "Total Expenses": "468,959", "Net Income from Continuing & Discontinued Operation": "-89,738", "Normalized Income": "17,757", "Interest Expense": "4,811", "Net Interest Income": "-4,811", "EBIT": "-86,989", "EBITDA": "-38,355", "Reconciled Cost of Revenue": "360,742", "Reconciled Depreciation": "48,634", "Net Income from Continuing Operation Net Minority Interest": "-89,738", "Total Unusual Items Excluding Goodwill": "-109,913", "Total Unusual Items": "-109,913", "Normalized EBITDA": "71,558", "Tax Rate for Calcs": "0", "Tax Effect of Unusual Items": "-2,418"}, "12/31/2020": {"Duration": "12/31/2020", "Total Revenue": "491,883", "Cost of Revenue": "382,777", "Gross Profit": "109,106", "Operating Expense": "86,182", "Operating Income": "22,924", "Net Non Operating Interest Income Expense": "-4,811", "Other Income Expense": "-109,913", "Pretax Income": "-91,800", "Tax Provision": "-2,062", "Net Income Common Stockholders": "-89,738", "Diluted NI Available to Com Stockholders": "-89,738", "Basic EPS": "-", "Diluted EPS": "-", "Basic Average Shares": "-", "Diluted Average Shares": "-", "Total Operating Income as Reported": "-86,989", "Rent Expense Supplemental": "113,749", "Total Expenses": "468,959", "Net Income from Continuing & Discontinued Operation": "-89,738", "Normalized Income": "17,757", "Interest Expense": "4,811", "Net Interest Income": "-4,811", "EBIT": "-86,989", "EBITDA": "-", "Reconciled Cost of Revenue": "360,742", "Reconciled Depreciation": "48,634", "Net Income from Continuing Operation Net Minority Interest": "-89,738", "Total Unusual Items Excluding Goodwill": "-109,913", "Total Unusual Items": "-109,913", "Normalized EBITDA": "71,558", "Tax Rate for Calcs": "0", "Tax Effect of Unusual Items": "-2,418"}, "12/31/2019": {"Duration": "12/31/2019", "Total Revenue": "512,951", "Cost of Revenue": "396,645", "Gross Profit": "116,306", "Operating Expense": "85,531", "Operating Income": "30,775", "Net Non Operating Interest Income Expense": "-7,235", "Other Income Expense": "-137,454", "Pretax Income": "-113,914", "Tax Provision": "4,371", "Net Income Common Stockholders": "-118,285", "Diluted NI Available to Com Stockholders": "-118,285", "Basic EPS": "-3.20", "Diluted EPS": "-3.20", "Basic Average Shares": "37,018", "Diluted Average Shares": "37,018", "Total Operating Income as Reported": "-107,043", "Rent Expense Supplemental": "109,839", "Total Expenses": "482,176", "Net Income from Continuing & Discontinued Operation": "-118,285", "Normalized Income": "-17,678", "Interest Expense": "7,235", "Net Interest Income": "-7,235", "EBIT": "-106,679", "EBITDA": "-", "Reconciled Cost of Revenue": "374,964", "Reconciled Depreciation": "47,169", "Net Income from Continuing Operation Net Minority Interest": "-118,285", "Total Unusual Items Excluding Goodwill": "-137,818", "Total Unusual Items": "-137,818", "Normalized EBITDA": "78,308", "Tax Rate for Calcs": "0", "Tax Effect of Unusual Items": "-37,211"}, "12/31/2018": {"Duration": "12/31/2018", "Total Revenue": "505,490", "Cost of Revenue": "381,739", "Gross Profit": "123,751", "Operating Expense": "84,451", "Operating Income": "39,300", "Net Non Operating Interest Income Expense": "-9,075", "Other Income Expense": "-4,607", "Pretax Income": "25,618", "Tax Provision": "6,659", "Net Income Common Stockholders": "18,959", "Diluted NI Available to Com Stockholders": "18,959", "Basic EPS": "0.50", "Diluted EPS": "0.49", "Basic Average Shares": "38,106", "Diluted Average Shares": "38,684", "Total Operating Income as Reported": "34,033", "Rent Expense Supplemental": "100,912", "Total Expenses": "466,190", "Net Income from Continuing & Discontinued Operation": "18,959", "Normalized Income": "22,857", "Interest Expense": "9,075", "Net Interest Income": "-9,075", "EBIT": "34,693", "EBITDA": "-", "Reconciled Cost of Revenue": "382,506", "Reconciled Depreciation": "25,027", "Net Income from Continuing Operation Net Minority Interest": "18,959", "Total Unusual Items Excluding Goodwill": "-5,267", "Total Unusual Items": "-5,267", "Normalized EBITDA": "65,754", "Tax Rate for Calcs": "0", "Tax Effect of Unusual Items": "-1,369"}}, "bs": {"12/31/2020": {"Duration": "12/31/2020", "Total Assets": "747,309", "Total Liabilities Net Minority Interest": "534,555", "Total Equity Gross Minority Interest": "212,754", "Total Capitalization": "326,751", "Common Stock Equity": "212,754", "Capital Lease Obligations": "276,782", "Net Tangible Assets": "-114,379", "Working Capital": "-66,997", "Invested Capital": "326,561", "Tangible Book Value": "-114,379", "Total Debt": "390,589", "Net Debt": "105,895", "Share Issued": "36,828", "Ordinary Shares Number": "36,828"}, "12/31/2019": {"Duration": "12/31/2019", "Total Assets": "862,457", "Total Liabilities Net Minority Interest": "560,350", "Total Equity Gross Minority Interest": "302,107", "Total Capitalization": "446,688", "Common Stock Equity": "302,107", "Capital Lease Obligations": "276,652", "Net Tangible Assets": "-121,759", "Working Capital": "-53,473", "Invested Capital": "446,688", "Tangible Book Value": "-121,759", "Total Debt": "421,233", "Net Debt": "143,160", "Share Issued": "37,059", "Ordinary Shares Number": "37,059"}, "12/31/2018": {"Duration": "12/31/2018", "Total Assets": "758,956", "Total Liabilities Net Minority Interest": "336,682", "Total Equity Gross Minority Interest": "422,274", "Total Capitalization": "600,938", "Common Stock Equity": "422,274", "Capital Lease Obligations": "13,008", "Net Tangible Assets": "-138,064", "Working Capital": "-22,714", "Invested Capital": "600,938", "Tangible Book Value": "-138,064", "Total Debt": "191,672", "Net Debt": "171,511", "Share Issued": "37,305", "Ordinary Shares Number": "37,305"}}, "cf": {"TTM": {"Duration": "TTM", "Operating Cash Flow": "59,763", "Investing Cash Flow": "-17,553", "Financing Cash Flow": "-35,719", "End Cash Position": "7,912", "Income Tax Paid Supplemental Data": "3,456", "Interest Paid Supplemental Data": "4,090", "Capital Expenditure": "-22,019", "Issuance of Debt": "66,000", "Repayment of Debt": "-96,218", "Repurchase of Capital Stock": "-4,222", "Free Cash Flow": "37,744"}, "12/31/2020": {"Duration": "12/31/2020", "Operating Cash Flow": "59,763", "Investing Cash Flow": "-17,553", "Financing Cash Flow": "-35,719", "End Cash Position": "7,912", "Income Tax Paid Supplemental Data": "3,456", "Interest Paid Supplemental Data": "4,090", "Capital Expenditure": "-22,019", "Issuance of Debt": "66,000", "Repayment of Debt": "-96,218", "Repurchase of Capital Stock": "-4,222", "Free Cash Flow": "37,744"}, "12/31/2019": {"Duration": "12/31/2019", "Operating Cash Flow": "49,045", "Investing Cash Flow": "-29,273", "Financing Cash Flow": "-25,504", "End Cash Position": "1,421", "Income Tax Paid Supplemental Data": "3,856", "Interest Paid Supplemental Data": "6,919", "Capital Expenditure": "-48,528", "Issuance of Debt": "41,000", "Repayment of Debt": "-55,635", "Repurchase of Capital Stock": "-7,373", "Free Cash Flow": "517"}, "12/31/2018": {"Duration": "12/31/2018", "Operating Cash Flow": "61,832", "Investing Cash Flow": "-50,024", "Financing Cash Flow": "-11,214", "End Cash Position": "7,153", "Income Tax Paid Supplemental Data": "3,061", "Interest Paid Supplemental Data": "8,823", "Capital Expenditure": "-49,873", "Issuance of Debt": "31,000", "Repayment of Debt": "-26,417", "Repurchase of Capital Stock": "-16,316", "Free Cash Flow": "11,959"}}}}, {"LOCO": {"quote": {"05/11/2021": {"value": "17.55", "Market Cap": "640.18M", "Beta (5Y Monthly)": "1.53", "PE Ratio (TTM)": "25.51", "EPS (TTM)": "0.69", "Earnings Date": "Jul 28, 2021 - Aug 02, 2021", "Forward Dividend & Yield": "N/A (N/A)", "Ex-Dividend Date": "N/A", "1y Target Est": "20.67"}}, "fin": {"TTM": {"Duration": "TTM", "Total Revenue": "424,380", "Cost of Revenue": "304,745", "Gross Profit": "119,635", "Operating Expense": "84,130", "Operating Income": "35,505", "Net Non Operating Interest Income Expense": "-3,719", "Other Income Expense": "-7,066", "Pretax Income": "24,720", "Tax Provision": "5,721", "Net Income Common Stockholders": "18,999", "Diluted NI Available to Com Stockholders": "18,999", "Basic EPS": "-", "Diluted EPS": "-", "Basic Average Shares": "-", "Diluted Average Shares": "-", "Total Operating Income as Reported": "28,589", "Rent Expense Supplemental": "92,469", "Total Expenses": "388,875", "Net Income from Continuing & Discontinued Operation": "18,999", "Normalized Income": "22,537", "Interest Income": "-", "Interest Expense": "3,719", "Net Interest Income": "-3,719", "EBIT": "28,439", "EBITDA": "16,886", "Reconciled Cost of Revenue": "304,383", "Reconciled Depreciation": "17,539", "Net Income from Continuing Operation Net Minority Interest": "18,999", "Total Unusual Items Excluding Goodwill": "-6,916", "Total Unusual Items": "-6,916", "Normalized EBITDA": "52,894", "Tax Rate for Calcs": "0", "Tax Effect of Unusual Items": "-1,601"}, "12/31/2020": {"Duration": "12/31/2020", "Total Revenue": "426,087", "Cost of Revenue": "332,412", "Gross Profit": "93,675", "Operating Expense": "52,796", "Operating Income": "40,879", "Net Non Operating Interest Income Expense": "-3,292", "Other Income Expense": "-7,462", "Pretax Income": "30,125", "Tax Provision": "5,651", "Net Income Common Stockholders": "24,474", "Diluted NI Available to Com Stockholders": "24,474", "Basic EPS": "-", "Diluted EPS": "-", "Basic Average Shares": "-", "Diluted Average Shares": "-", "Total Operating Income as Reported": "33,556", "Rent Expense Supplemental": "92,422", "Total Expenses": "385,208", "Net Income from Continuing & Discontinued Operation": "24,474", "Normalized Income": "30,420", "Interest Income": "-", "Interest Expense": "-", "Net Interest Income": "-3,292", "EBIT": "40,879", "EBITDA": "-", "Reconciled Cost of Revenue": "332,412", "Reconciled Depreciation": "16,878", "Net Income from Continuing Operation Net Minority Interest": "24,474", "Total Unusual Items Excluding Goodwill": "-7,323", "Total Unusual Items": "-7,323", "Normalized EBITDA": "65,080", "Tax Rate for Calcs": "0", "Tax Effect of Unusual Items": "-1,377"}, "12/31/2019": {"Duration": "12/31/2019", "Total Revenue": "442,330", "Cost of Revenue": "345,584", "Gross Profit": "96,746", "Operating Expense": "58,244", "Operating Income": "38,502", "Net Non Operating Interest Income Expense": "-3,687", "Other Income Expense": "-233", "Pretax Income": "34,582", "Tax Provision": "9,682", "Net Income Common Stockholders": "24,900", "Diluted NI Available to Com Stockholders": "24,900", "Basic EPS": "0.68", "Diluted EPS": "0.67", "Basic Average Shares": "36,739", "Diluted Average Shares": "37,442", "Total Operating Income as Reported": "38,326", "Rent Expense Supplemental": "92,005", "Total Expenses": "403,828", "Net Income from Continuing & Discontinued Operation": "24,900", "Normalized Income": "25,027", "Interest Income": "-", "Interest Expense": "3,687", "Net Interest Income": "-3,687", "EBIT": "38,502", "EBITDA": "-", "Reconciled Cost of Revenue": "345,584", "Reconciled Depreciation": "17,855", "Net Income from Continuing Operation Net Minority Interest": "24,900", "Total Unusual Items Excluding Goodwill": "-176", "Total Unusual Items": "-176", "Normalized EBITDA": "56,533", "Tax Rate for Calcs": "0", "Tax Effect of Unusual Items": "-49.28"}, "12/31/2018": {"Duration": "12/31/2018", "Total Revenue": "435,828", "Cost of Revenue": "339,373", "Gross Profit": "96,455", "Operating Expense": "68,086", "Operating Income": "28,369", "Net Non Operating Interest Income Expense": "-3,502", "Other Income Expense": "-37,069", "Pretax Income": "-12,202", "Tax Provision": "-3,208", "Net Income Common Stockholders": "-8,994", "Diluted NI Available to Com Stockholders": "-8,994", "Basic EPS": "-0.23", "Diluted EPS": "-0.23", "Basic Average Shares": "38,575", "Diluted Average Shares": "38,575", "Total Operating Income as Reported": "-9,461", "Rent Expense Supplemental": "91,385", "Total Expenses": "407,459", "Net Income from Continuing & Discontinued Operation": "-8,994", "Normalized Income": "18,887", "Interest Income": "12", "Interest Expense": "3,514", "Net Interest Income": "-3,502", "EBIT": "-8,688", "EBITDA": "-", "Reconciled Cost of Revenue": "339,373", "Reconciled Depreciation": "17,825", "Net Income from Continuing Operation Net Minority Interest": "-8,994", "Total Unusual Items Excluding Goodwill": "-37,830", "Total Unusual Items": "-37,830", "Normalized EBITDA": "46,967", "Tax Rate for Calcs": "0", "Tax Effect of Unusual Items": "-9,949"}}, "bs": {"12/31/2020": {"Duration": "12/31/2020", "Total Assets": "605,221", "Total Liabilities Net Minority Interest": "327,643", "Total Equity Gross Minority Interest": "277,578", "Total Capitalization": "340,378", "Common Stock Equity": "277,578", "Capital Lease Obligations": "202,120", "Net Tangible Assets": "-32,984", "Working Capital": "-34,743", "Invested Capital": "340,378", "Tangible Book Value": "-32,984", "Total Debt": "264,920", "Net Debt": "49,581", "Share Issued": "36,424", "Ordinary Shares Number": "36,424"}, "12/31/2019": {"Duration": "12/31/2019", "Total Assets": "624,752", "Total Liabilities Net Minority Interest": "379,186", "Total Equity Gross Minority Interest": "245,566", "Total Capitalization": "342,566", "Common Stock Equity": "245,566", "Capital Lease Obligations": "214,015", "Net Tangible Assets": "-64,996", "Working Capital": "-49,281", "Invested Capital": "342,566", "Tangible Book Value": "-64,996", "Total Debt": "311,015", "Net Debt": "88,930", "Share Issued": "35,127", "Ordinary Shares Number": "35,127"}, "12/31/2018": {"Duration": "12/31/2018", "Total Assets": "450,226", "Total Liabilities Net Minority Interest": "184,990", "Total Equity Gross Minority Interest": "265,236", "Total Capitalization": "339,236", "Common Stock Equity": "265,236", "Capital Lease Obligations": "184", "Net Tangible Assets": "-45,606", "Working Capital": "-60,858", "Invested Capital": "339,236", "Tangible Book Value": "-45,606", "Total Debt": "74,184", "Net Debt": "67,031", "Share Issued": "39,009", "Ordinary Shares Number": "39,009"}}, "cf": {"TTM": {"Duration": "TTM", "Operating Cash Flow": "34,358", "Investing Cash Flow": "-12,020", "Financing Cash Flow": "26,723", "End Cash Position": "60,342", "Income Tax Paid Supplemental Data": "4,225", "Interest Paid Supplemental Data": "2,956", "Capital Expenditure": "-12,020", "Issuance of Capital Stock": "-", "Issuance of Debt": "49,000", "Repayment of Debt": "-14,731", "Repurchase of Capital Stock": "-30,231", "Free Cash Flow": "22,338"}, "12/31/2020": {"Duration": "12/31/2020", "Operating Cash Flow": "40,547", "Investing Cash Flow": "-6,690", "Financing Cash Flow": "-28,708", "End Cash Position": "13,219", "Income Tax Paid Supplemental Data": "4,225", "Interest Paid Supplemental Data": "2,956", "Capital Expenditure": "-6,690", "Issuance of Capital Stock": "-", "Issuance of Debt": "59,500", "Repayment of Debt": "-93,739", "Repurchase of Capital Stock": "0", "Free Cash Flow": "33,857"}, "12/31/2019": {"Duration": "12/31/2019", "Operating Cash Flow": "36,135", "Investing Cash Flow": "-10,669", "Financing Cash Flow": "-24,365", "End Cash Position": "8,070", "Income Tax Paid Supplemental Data": "558", "Interest Paid Supplemental Data": "3,649", "Capital Expenditure": "-15,439", "Issuance of Capital Stock": "-", "Issuance of Debt": "42,000", "Repayment of Debt": "-19,068", "Repurchase of Capital Stock": "-48,382", "Free Cash Flow": "20,696"}, "12/31/2018": {"Duration": "12/31/2018", "Operating Cash Flow": "45,442", "Investing Cash Flow": "-27,802", "Financing Cash Flow": "-19,221", "End Cash Position": "6,969", "Income Tax Paid Supplemental Data": "183", "Interest Paid Supplemental Data": "3,393", "Capital Expenditure": "-27,802", "Issuance of Capital Stock": "1,837", "Issuance of Debt": "13,307", "Repayment of Debt": "-33,132", "Repurchase of Capital Stock": "-981", "Free Cash Flow": "17,640"}}}}, {"FRGI": {"quote": {"05/11/2021": {"value": "13.49", "Market Cap": "354.55M", "Beta (5Y Monthly)": "2.22", "PE Ratio (TTM)": "N/A", "EPS (TTM)": "-0.40", "Earnings Date": "May 13, 2021", "Forward Dividend & Yield": "N/A (N/A)", "Ex-Dividend Date": "N/A", "1y Target Est": "17.00"}}, "fin": {"TTM": {"Duration": "TTM", "Total Revenue": "660,943", "Cost of Revenue": "386,631", "Gross Profit": "274,312", "Operating Expense": "264,447", "Operating Income": "9,865", "Net Non Operating Interest Income Expense": "-3,872", "Other Income Expense": "-81,010", "Pretax Income": "-75,017", "Tax Provision": "9,369", "Net Income Common Stockholders": "-84,386", "Diluted NI Available to Com Stockholders": "-84,386", "Basic EPS": "-", "Diluted EPS": "-", "Basic Average Shares": "-", "Diluted Average Shares": "-", "Total Operating Income as Reported": "-71,145", "Rent Expense Supplemental": "51,968", "Total Expenses": "651,078", "Net Income from Continuing & Discontinued Operation": "-84,386", "Normalized Income": "-13,502", "Interest Expense": "3,872", "Net Interest Income": "-3,872", "EBIT": "-71,145", "EBITDA": "-31,950", "Reconciled Cost of Revenue": "386,631", "Reconciled Depreciation": "39,195", "Net Income from Continuing Operation Net Minority Interest": "-84,386", "Total Unusual Items Excluding Goodwill": "-81,010", "Total Unusual Items": "-81,010", "Normalized EBITDA": "49,060", "Tax Rate for Calcs": "0", "Tax Effect of Unusual Items": "-10,126"}, "12/31/2020": {"Duration": "12/31/2020", "Total Revenue": "554,803", "Cost of Revenue": "365,019", "Gross Profit": "189,784", "Operating Expense": "193,161", "Operating Income": "-3,377", "Net Non Operating Interest Income Expense": "-4,756", "Other Income Expense": "-10,380", "Pretax Income": "-18,513", "Tax Provision": "-8,302", "Net Income Common Stockholders": "-10,211", "Diluted NI Available to Com Stockholders": "-10,211", "Basic EPS": "-0.40", "Diluted EPS": "-0.40", "Basic Average Shares": "25,341", "Diluted Average Shares": "25,341", "Total Operating Income as Reported": "-12,516", "Rent Expense Supplemental": "51,848", "Total Expenses": "558,180", "Net Income from Continuing & Discontinued Operation": "-10,211", "Normalized Income": "-3,983", "Interest Expense": "4,756", "Net Interest Income": "-4,756", "EBIT": "-13,757", "EBITDA": "-", "Reconciled Cost of Revenue": "365,019", "Reconciled Depreciation": "38,206", "Net Income from Continuing Operation Net Minority Interest": "-10,211", "Total Unusual Items Excluding Goodwill": "-10,380", "Total Unusual Items": "-10,380", "Normalized EBITDA": "34,829", "Tax Rate for Calcs": "0", "Tax Effect of Unusual Items": "-4,152"}, "12/31/2019": {"Duration": "12/31/2019", "Total Revenue": "660,943", "Cost of Revenue": "434,436", "Gross Profit": "226,507", "Operating Expense": "216,642", "Operating Income": "9,865", "Net Non Operating Interest Income Expense": "-3,872", "Other Income Expense": "-81,010", "Pretax Income": "-75,017", "Tax Provision": "9,369", "Net Income Common Stockholders": "-84,386", "Diluted NI Available to Com Stockholders": "-84,386", "Basic EPS": "-3.18", "Diluted EPS": "-3.18", "Basic Average Shares": "26,500", "Diluted Average Shares": "26,500", "Total Operating Income as Reported": "-71,145", "Rent Expense Supplemental": "51,968", "Total Expenses": "651,078", "Net Income from Continuing & Discontinued Operation": "-84,386", "Normalized Income": "-13,502", "Interest Expense": "3,872", "Net Interest Income": "-3,872", "EBIT": "-71,145", "EBITDA": "-", "Reconciled Cost of Revenue": "434,436", "Reconciled Depreciation": "39,195", "Net Income from Continuing Operation Net Minority Interest": "-84,386", "Total Unusual Items Excluding Goodwill": "-81,010", "Total Unusual Items": "-81,010", "Normalized EBITDA": "49,060", "Tax Rate for Calcs": "0", "Tax Effect of Unusual Items": "-10,126"}, "12/31/2018": {"Duration": "12/31/2018", "Total Revenue": "688,597", "Cost of Revenue": "443,111", "Gross Profit": "245,486", "Operating Expense": "215,361", "Operating Income": "30,125", "Net Non Operating Interest Income Expense": "-3,966", "Other Income Expense": "-21,144", "Pretax Income": "5,015", "Tax Provision": "-2,772", "Net Income Common Stockholders": "7,702", "Diluted NI Available to Com Stockholders": "7,702", "Basic EPS": "0.29", "Diluted EPS": "0.29", "Basic Average Shares": "26,891", "Diluted Average Shares": "26,894", "Total Operating Income as Reported": "8,981", "Rent Expense Supplemental": "36,034", "Total Expenses": "658,472", "Net Income from Continuing & Discontinued Operation": "7,787", "Normalized Income": "23,222", "Interest Expense": "3,966", "Net Interest Income": "-3,966", "EBIT": "8,981", "EBITDA": "-", "Reconciled Cost of Revenue": "443,111", "Reconciled Depreciation": "37,604", "Net Income from Continuing Operation Net Minority Interest": "7,787", "Total Unusual Items Excluding Goodwill": "-21,144", "Total Unusual Items": "-21,144", "Normalized EBITDA": "67,729", "Tax Rate for Calcs": "0", "Tax Effect of Unusual Items": "-5,709"}}, "bs": {"12/31/2020": {"Duration": "12/31/2020", "Total Assets": "568,743", "Total Liabilities Net Minority Interest": "420,962", "Total Equity Gross Minority Interest": "147,781", "Total Capitalization": "220,109", "Common Stock Equity": "147,781", "Capital Lease Obligations": "287,889", "Net Tangible Assets": "91,474", "Working Capital": "19,117", "Invested Capital": "221,124", "Tangible Book Value": "91,474", "Total Debt": "361,232", "Net Debt": "23,308", "Share Issued": "27,287", "Ordinary Shares Number": "25,293", "Treasury Shares Number": "1,993"}, "12/31/2019": {"Duration": "12/31/2019", "Total Assets": "568,641", "Total Liabilities Net Minority Interest": "410,405", "Total Equity Gross Minority Interest": "158,236", "Total Capitalization": "235,059", "Common Stock Equity": "158,236", "Capital Lease Obligations": "279,136", "Net Tangible Assets": "101,929", "Working Capital": "-24,337", "Invested Capital": "235,271", "Tangible Book Value": "101,929", "Total Debt": "356,171", "Net Debt": "63,622", "Share Issued": "27,106", "Ordinary Shares Number": "25,613", "Treasury Shares Number": "1,493"}, "12/31/2018": {"Duration": "12/31/2018", "Total Assets": "418,659", "Total Liabilities Net Minority Interest": "178,600", "Total Equity Gross Minority Interest": "240,059", "Total Capitalization": "319,695", "Common Stock Equity": "240,059", "Capital Lease Obligations": "1,744", "Net Tangible Assets": "116,575", "Working Capital": "-2,162", "Invested Capital": "319,803", "Tangible Book Value": "116,575", "Total Debt": "79,744", "Net Debt": "74,486", "Share Issued": "26,971", "Ordinary Shares Number": "26,859", "Treasury Shares Number": "112.358"}}, "cf": {"TTM": {"Duration": "TTM", "Operating Cash Flow": "65,032", "Investing Cash Flow": "-39,431", "Financing Cash Flow": "-17,446", "End Cash Position": "13,413", "Income Tax Paid Supplemental Data": "-", "Interest Paid Supplemental Data": "4,395", "Capital Expenditure": "-41,247", "Issuance of Debt": "32,000", "Repayment of Debt": "-35,164", "Repurchase of Capital Stock": "-14,282", "Free Cash Flow": "23,785"}, "12/31/2020": {"Duration": "12/31/2020", "Operating Cash Flow": "40,272", "Investing Cash Flow": "8,412", "Financing Cash Flow": "-8,478", "End Cash Position": "53,619", "Income Tax Paid Supplemental Data": "-", "Interest Paid Supplemental Data": "4,310", "Capital Expenditure": "-18,369", "Issuance of Debt": "242,643", "Repayment of Debt": "-244,380", "Repurchase of Capital Stock": "-3,728", "Free Cash Flow": "21,903"}, "12/31/2019": {"Duration": "12/31/2019", "Operating Cash Flow": "65,032", "Investing Cash Flow": "-39,431", "Financing Cash Flow": "-17,446", "End Cash Position": "13,413", "Income Tax Paid Supplemental Data": "-", "Interest Paid Supplemental Data": "4,395", "Capital Expenditure": "-41,247", "Issuance of Debt": "32,000", "Repayment of Debt": "-35,164", "Repurchase of Capital Stock": "-14,282", "Free Cash Flow": "23,785"}, "12/31/2018": {"Duration": "12/31/2018", "Operating Cash Flow": "53,803", "Investing Cash Flow": "-52,124", "Financing Cash Flow": "-20", "End Cash Position": "5,258", "Income Tax Paid Supplemental Data": "-3,081", "Interest Paid Supplemental Data": "-3,508", "Capital Expenditure": "-57,850", "Issuance of Debt": "26,000", "Repayment of Debt": "-23,101", "Repurchase of Capital Stock": "-2,769", "Free Cash Flow": "-4,047"}}}}, {"NATH": {"quote": {"05/11/2021": {"value": "64.46", "Market Cap": "265.248M", "Beta (5Y Monthly)": "0.42", "PE Ratio (TTM)": "21.86", "EPS (TTM)": "2.95", "Earnings Date": "Jun 10, 2021 - Jun 14, 2021", "Forward Dividend & Yield": "1.40 (2.13%)", "Ex-Dividend Date": "Feb 19, 2021", "1y Target Est": "N/A"}}, "fin": {"TTM": {"Duration": "TTM", "Total Revenue": "79,260", "Cost of Revenue": "39,120", "Gross Profit": "40,140", "Operating Expense": "13,564", "Operating Income": "26,576", "Net Non Operating Interest Income Expense": "-10,009", "Other Income Expense": "56", "Pretax Income": "16,623", "Tax Provision": "4,414", "Net Income Common Stockholders": "12,209", "Diluted NI Available to Com Stockholders": "12,209", "Basic EPS": "-", "Diluted EPS": "-", "Basic Average Shares": "-", "Diluted Average Shares": "-", "Total Operating Income as Reported": "26,576", "Total Expenses": "52,684", "Net Income from Continuing & Discontinued Operation": "12,209", "Normalized Income": "12,209", "Interest Income": "592", "Interest Expense": "10,601", "Net Interest Income": "-10,009", "EBIT": "27,224", "EBITDA": "28,416", "Reconciled Cost of Revenue": "39,120", "Reconciled Depreciation": "1,192", "Net Income from Continuing Operation Net Minority Interest": "12,209", "Total Unusual Items Excluding Goodwill": "-", "Total Unusual Items": "-", "Normalized EBITDA": "28,416", "Tax Rate for Calcs": "0", "Tax Effect of Unusual Items": "0"}, "3/31/2020": {"Duration": "3/31/2020", "Total Revenue": "103,325", "Cost of Revenue": "60,141", "Gross Profit": "43,184", "Operating Expense": "16,012", "Operating Income": "27,172", "Net Non Operating Interest Income Expense": "-9,244", "Other Income Expense": "86", "Pretax Income": "18,014", "Tax Provision": "4,579", "Net Income Common Stockholders": "13,435", "Diluted NI Available to Com Stockholders": "13,435", "Basic EPS": "3.19", "Diluted EPS": "3.19", "Basic Average Shares": "4,216", "Diluted Average Shares": "4,216", "Total Operating Income as Reported": "27,172", "Total Expenses": "76,153", "Net Income from Continuing & Discontinued Operation": "13,435", "Normalized Income": "13,435", "Interest Income": "1,357", "Interest Expense": "10,601", "Net Interest Income": "-9,244", "EBIT": "28,615", "EBITDA": "-", "Reconciled Cost of Revenue": "60,141", "Reconciled Depreciation": "1,233", "Net Income from Continuing Operation Net Minority Interest": "13,435", "Total Unusual Items Excluding Goodwill": "0", "Total Unusual Items": "0", "Normalized EBITDA": "29,848", "Tax Rate for Calcs": "0", "Tax Effect of Unusual Items": "0"}, "3/31/2019": {"Duration": "3/31/2019", "Total Revenue": "101,849", "Cost of Revenue": "58,810", "Gross Profit": "43,039", "Operating Expense": "15,063", "Operating Income": "27,976", "Net Non Operating Interest Income Expense": "-9,952", "Other Income Expense": "11,386", "Pretax Income": "29,410", "Tax Provision": "7,917", "Net Income Common Stockholders": "21,493", "Diluted NI Available to Com Stockholders": "21,493", "Basic EPS": "5.13", "Diluted EPS": "5.09", "Basic Average Shares": "4,187", "Diluted Average Shares": "4,220", "Total Operating Income as Reported": "27,976", "Total Expenses": "73,873", "Net Income from Continuing & Discontinued Operation": "21,493", "Normalized Income": "13,323", "Interest Income": "840", "Interest Expense": "10,792", "Net Interest Income": "-9,952", "EBIT": "40,202", "EBITDA": "-", "Reconciled Cost of Revenue": "58,810", "Reconciled Depreciation": "1,212", "Net Income from Continuing Operation Net Minority Interest": "21,493", "Total Unusual Items Excluding Goodwill": "11,177", "Total Unusual Items": "11,177", "Normalized EBITDA": "30,237", "Tax Rate for Calcs": "0", "Tax Effect of Unusual Items": "3,007"}, "3/31/2018": {"Duration": "3/31/2018", "Total Revenue": "104,201", "Cost of Revenue": "62,258", "Gross Profit": "41,943", "Operating Expense": "14,843", "Operating Income": "27,100", "Net Non Operating Interest Income Expense": "-13,425", "Other Income Expense": "-9,563", "Pretax Income": "4,112", "Tax Provision": "1,482", "Net Income Common Stockholders": "2,630", "Diluted NI Available to Com Stockholders": "2,630", "Basic EPS": "0.63", "Diluted EPS": "0.62", "Basic Average Shares": "4,181", "Diluted Average Shares": "4,221", "Total Operating Income as Reported": "27,100", "Total Expenses": "77,101", "Net Income from Continuing & Discontinued Operation": "2,630", "Normalized Income": "8,814", "Interest Income": "166", "Interest Expense": "13,591", "Net Interest Income": "-13,425", "EBIT": "17,703", "EBITDA": "-", "Reconciled Cost of Revenue": "62,258", "Reconciled Depreciation": "1,352", "Net Income from Continuing Operation Net Minority Interest": "2,630", "Total Unusual Items Excluding Goodwill": "-9,662", "Total Unusual Items": "-9,662", "Normalized EBITDA": "28,717", "Tax Rate for Calcs": "0", "Tax Effect of Unusual Items": "-3,478"}}, "bs": {"3/31/2020": {"Duration": "3/31/2020", "Total Assets": "105,282", "Total Liabilities Net Minority Interest": "171,683", "Total Equity Gross Minority Interest": "-66,401", "Total Capitalization": "79,739", "Common Stock Equity": "-66,401", "Capital Lease Obligations": "10,115", "Net Tangible Assets": "-67,765", "Working Capital": "75,165", "Invested Capital": "79,739", "Tangible Book Value": "-67,765", "Total Debt": "156,255", "Net Debt": "69,023", "Share Issued": "9,369", "Ordinary Shares Number": "4,141", "Treasury Shares Number": "5,227"}, "3/31/2019": {"Duration": "3/31/2019", "Total Assets": "94,306", "Total Liabilities Net Minority Interest": "164,450", "Total Equity Gross Minority Interest": "-70,144", "Total Capitalization": "75,305", "Common Stock Equity": "-70,144", "Capital Lease Obligations": "-", "Net Tangible Assets": "-71,592", "Working Capital": "72,237", "Invested Capital": "75,305", "Tangible Book Value": "-71,592", "Total Debt": "145,449", "Net Debt": "70,003", "Share Issued": "9,336", "Ordinary Shares Number": "4,195", "Treasury Shares Number": "5,142"}, "3/31/2018": {"Duration": "3/31/2018", "Total Assets": "80,091", "Total Liabilities Net Minority Interest": "164,659", "Total Equity Gross Minority Interest": "-84,568", "Total Capitalization": "60,190", "Common Stock Equity": "-84,568", "Capital Lease Obligations": "-", "Net Tangible Assets": "-86,016", "Working Capital": "53,702", "Invested Capital": "60,190", "Tangible Book Value": "-86,016", "Total Debt": "144,758", "Net Debt": "87,419", "Share Issued": "9,312", "Ordinary Shares Number": "4,185", "Treasury Shares Number": "5,127"}}, "cf": {"TTM": {"Duration": "TTM", "Operating Cash Flow": "11,397", "Investing Cash Flow": "-907", "Financing Cash Flow": "-11,283", "End Cash Position": "76,602", "Income Tax Paid Supplemental Data": "4,248", "Interest Paid Supplemental Data": "9,938", "Capital Expenditure": "-907", "Issuance of Debt": "-", "Repurchase of Capital Stock": "-5,482", "Free Cash Flow": "10,490"}, "3/31/2020": {"Duration": "3/31/2020", "Operating Cash Flow": "12,349", "Investing Cash Flow": "-870", "Financing Cash Flow": "-9,808", "End Cash Position": "77,117", "Income Tax Paid Supplemental Data": "3,874", "Interest Paid Supplemental Data": "9,938", "Capital Expenditure": "-870", "Issuance of Debt": "-", "Repurchase of Capital Stock": "-4,966", "Free Cash Flow": "11,479"}, "3/31/2019": {"Duration": "3/31/2019", "Operating Cash Flow": "11,156", "Investing Cash Flow": "12,328", "Financing Cash Flow": "-5,377", "End Cash Position": "75,446", "Income Tax Paid Supplemental Data": "6,284", "Interest Paid Supplemental Data": "9,938", "Capital Expenditure": "-447", "Issuance of Debt": "0", "Repurchase of Capital Stock": "-1,000", "Free Cash Flow": "10,709"}, "3/31/2018": {"Duration": "3/31/2018", "Operating Cash Flow": "18,862", "Investing Cash Flow": "-550", "Financing Cash Flow": "-17,888", "End Cash Position": "57,339", "Income Tax Paid Supplemental Data": "3,584", "Interest Paid Supplemental Data": "9,038", "Capital Expenditure": "-563", "Issuance of Debt": "150,000", "Repurchase of Capital Stock": "0", "Free Cash Flow": "18,299"}}}}, {"RUTH": {"quote": {"05/11/2021": {"value": "25.61", "Market Cap": "880.144M", "Beta (5Y Monthly)": "2.44", "PE Ratio (TTM)": "N/A", "EPS (TTM)": "-0.38", "Earnings Date": "Jul 29, 2021 - Aug 02, 2021", "Forward Dividend & Yield": "N/A (N/A)", "Ex-Dividend Date": "Mar 05, 2020", "1y Target Est": "28.00"}}, "fin": {"TTM": {"Duration": "TTM", "Total Revenue": "374,995", "Cost of Revenue": "297,166", "Gross Profit": "77,829", "Operating Expense": "69,534", "Operating Income": "8,295", "Net Non Operating Interest Income Expense": "-3,294", "Other Income Expense": "-12,356", "Pretax Income": "-7,355", "Tax Provision": "-4,925", "Net Income Common Stockholders": "-2,430", "Diluted NI Available to Com Stockholders": "-2,430", "Basic EPS": "-", "Diluted EPS": "-", "Basic Average Shares": "-", "Diluted Average Shares": "-", "Total Operating Income as Reported": "-4,197", "Total Expenses": "366,700", "Net Income from Continuing & Discontinued Operation": "-2,430", "Normalized Income": "7,045", "Interest Expense": "3,294", "Net Interest Income": "-3,294", "EBIT": "-4,061", "EBITDA": "18,546", "Reconciled Cost of Revenue": "297,166", "Reconciled Depreciation": "22,607", "Net Income from Continuing Operation Net Minority Interest": "-2,430", "Total Unusual Items Excluding Goodwill": "-12,980", "Total Unusual Items": "-12,980", "Normalized EBITDA": "31,526", "Tax Rate for Calcs": "0", "Tax Effect of Unusual Items": "-3,505"}, "12/31/2020": {"Duration": "12/31/2020", "Total Revenue": "277,748", "Cost of Revenue": "226,251", "Gross Profit": "51,497", "Operating Expense": "63,704", "Operating Income": "-12,207", "Net Non Operating Interest Income Expense": "-4,681", "Other Income Expense": "-16,316", "Pretax Income": "-33,204", "Tax Provision": "-7,910", "Net Income Common Stockholders": "-25,294", "Diluted NI Available to Com Stockholders": "-25,294", "Basic EPS": "-0.80", "Diluted EPS": "-0.80", "Basic Average Shares": "31,684", "Diluted Average Shares": "31,684", "Total Operating Income as Reported": "-28,549", "Total Expenses": "289,955", "Net Income from Continuing & Discontinued Operation": "-25,294", "Normalized Income": "-12,841", "Interest Expense": "4,681", "Net Interest Income": "-4,681", "EBIT": "-28,523", "EBITDA": "-", "Reconciled Cost of Revenue": "226,251", "Reconciled Depreciation": "21,964", "Net Income from Continuing Operation Net Minority Interest": "-25,294", "Total Unusual Items Excluding Goodwill": "-16,342", "Total Unusual Items": "-16,342", "Normalized EBITDA": "9,783", "Tax Rate for Calcs": "0", "Tax Effect of Unusual Items": "-3,889"}, "12/31/2019": {"Duration": "12/31/2019", "Total Revenue": "468,026", "Cost of Revenue": "342,312", "Gross Profit": "125,714", "Operating Expense": "73,253", "Operating Income": "52,461", "Net Non Operating Interest Income Expense": "-2,197", "Other Income Expense": "115", "Pretax Income": "50,379", "Tax Provision": "8,173", "Net Income Common Stockholders": "42,206", "Diluted NI Available to Com Stockholders": "42,206", "Basic EPS": "1.46", "Diluted EPS": "1.44", "Basic Average Shares": "28,998", "Diluted Average Shares": "29,377", "Total Operating Income as Reported": "52,461", "Total Expenses": "415,565", "Net Income from Continuing & Discontinued Operation": "42,206", "Normalized Income": "42,206", "Interest Expense": "2,197", "Net Interest Income": "-2,197", "EBIT": "52,576", "EBITDA": "-", "Reconciled Cost of Revenue": "342,312", "Reconciled Depreciation": "21,354", "Net Income from Continuing Operation Net Minority Interest": "42,206", "Total Unusual Items Excluding Goodwill": "0", "Total Unusual Items": "0", "Normalized EBITDA": "73,930", "Tax Rate for Calcs": "0", "Tax Effect of Unusual Items": "0"}, "12/31/2018": {"Duration": "12/31/2018", "Total Revenue": "452,334", "Cost of Revenue": "326,370", "Gross Profit": "125,964", "Operating Expense": "74,305", "Operating Income": "51,659", "Net Non Operating Interest Income Expense": "-1,739", "Other Income Expense": "-73", "Pretax Income": "49,847", "Tax Provision": "8,247", "Net Income Common Stockholders": "41,680", "Diluted NI Available to Com Stockholders": "41,680", "Basic EPS": "1.41", "Diluted EPS": "1.38", "Basic Average Shares": "29,659", "Diluted Average Shares": "30,274", "Total Operating Income as Reported": "51,659", "Total Expenses": "400,675", "Net Income from Continuing & Discontinued Operation": "41,680", "Normalized Income": "41,600", "Interest Expense": "1,739", "Net Interest Income": "-1,739", "EBIT": "51,586", "EBITDA": "-", "Reconciled Cost of Revenue": "326,370", "Reconciled Depreciation": "18,538", "Net Income from Continuing Operation Net Minority Interest": "41,600", "Total Unusual Items Excluding Goodwill": "0", "Total Unusual Items": "0", "Normalized EBITDA": "70,124", "Tax Rate for Calcs": "0", "Tax Effect of Unusual Items": "0"}}, "bs": {"12/31/2020": {"Duration": "12/31/2020", "Total Assets": "542,674", "Total Liabilities Net Minority Interest": "435,230", "Total Equity Gross Minority Interest": "107,444", "Total Capitalization": "222,444", "Common Stock Equity": "107,444", "Capital Lease Obligations": "230,508", "Net Tangible Assets": "13,297", "Working Capital": "21,973", "Invested Capital": "222,444", "Tangible Book Value": "13,297", "Total Debt": "345,508", "Net Debt": "19,598", "Share Issued": "34,257", "Ordinary Shares Number": "34,185", "Treasury Shares Number": "71.95"}, "12/31/2019": {"Duration": "12/31/2019", "Total Assets": "496,876", "Total Liabilities Net Minority Interest": "402,731", "Total Equity Gross Minority Interest": "94,145", "Total Capitalization": "158,145", "Common Stock Equity": "94,145", "Capital Lease Obligations": "237,605", "Net Tangible Assets": "-5,769", "Working Capital": "-70,870", "Invested Capital": "158,145", "Tangible Book Value": "-5,769", "Total Debt": "301,605", "Net Debt": "58,433", "Share Issued": "28,491", "Ordinary Shares Number": "28,419", "Treasury Shares Number": "71.95"}, "12/31/2018": {"Duration": "12/31/2018", "Total Assets": "254,613", "Total Liabilities Net Minority Interest": "164,481", "Total Equity Gross Minority Interest": "90,132", "Total Capitalization": "131,132", "Common Stock Equity": "90,132", "Capital Lease Obligations": "-", "Net Tangible Assets": "3,829", "Working Capital": "-58,910", "Invested Capital": "131,132", "Tangible Book Value": "3,829", "Total Debt": "41,000", "Net Debt": "35,938", "Share Issued": "29,341", "Ordinary Shares Number": "29,269", "Treasury Shares Number": "71.95"}}, "cf": {"TTM": {"Duration": "TTM", "Operating Cash Flow": "47,023", "Investing Cash Flow": "-47,528", "Financing Cash Flow": "93,484", "End Cash Position": "96,127", "Income Tax Paid Supplemental Data": "2,178", "Interest Paid Supplemental Data": "2,923", "Capital Expenditure": "-28,915", "Issuance of Capital Stock": "49,558", "Issuance of Debt": "145,000", "Repayment of Debt": "-54,800", "Repurchase of Capital Stock": "-31,904", "Free Cash Flow": "18,108"}, "12/31/2020": {"Duration": "12/31/2020", "Operating Cash Flow": "20,085", "Investing Cash Flow": "-10,620", "Financing Cash Flow": "80,370", "End Cash Position": "95,402", "Income Tax Paid Supplemental Data": "-", "Interest Paid Supplemental Data": "4,299", "Capital Expenditure": "-10,620", "Issuance of Capital Stock": "49,558", "Issuance of Debt": "105,000", "Repayment of Debt": "-54,000", "Repurchase of Capital Stock": "-13,226", "Free Cash Flow": "9,465"}, "12/31/2019": {"Duration": "12/31/2019", "Operating Cash Flow": "72,910", "Investing Cash Flow": "-50,281", "Financing Cash Flow": "-22,124", "End Cash Position": "5,567", "Income Tax Paid Supplemental Data": "8,265", "Interest Paid Supplemental Data": "1,988", "Capital Expenditure": "-31,668", "Issuance of Capital Stock": "-", "Issuance of Debt": "54,000", "Repayment of Debt": "-31,000", "Repurchase of Capital Stock": "-25,818", "Free Cash Flow": "41,242"}, "12/31/2018": {"Duration": "12/31/2018", "Operating Cash Flow": "78,294", "Investing Cash Flow": "-31,907", "Financing Cash Flow": "-45,376", "End Cash Position": "5,062", "Income Tax Paid Supplemental Data": "8,467", "Interest Paid Supplemental Data": "1,658", "Capital Expenditure": "-31,907", "Issuance of Capital Stock": "-", "Issuance of Debt": "33,000", "Repayment of Debt": "-42,000", "Repurchase of Capital Stock": "-18,539", "Free Cash Flow": "46,387"}}}}, {"GTIM": {"quote": {"05/11/2021": {"value": "4.0800", "Market Cap": "51.654M", "Beta (5Y Monthly)": "N/A", "PE Ratio (TTM)": "14.12", "EPS (TTM)": "0.2890", "Earnings Date": "Aug 11, 2021 - Aug 16, 2021", "Forward Dividend & Yield": "N/A (N/A)", "Ex-Dividend Date": "N/A", "1y Target Est": "N/A"}}, "fin": {"TTM": {"Duration": "TTM", "Total Revenue": "106,340", "Cost of Revenue": "91,998", "Gross Profit": "14,342", "Operating Expense": "9,177", "Operating Income": "5,165", "Net Non Operating Interest Income Expense": "-624", "Other Income Expense": "-15,571", "Pretax Income": "-11,030", "Net Income Common Stockholders": "-12,303", "Diluted NI Available to Com Stockholders": "-12,303", "Basic EPS": "-", "Diluted EPS": "-", "Basic Average Shares": "-", "Diluted Average Shares": "-", "Total Operating Income as Reported": "-10,406", "Rent Expense Supplemental": "8,634", "Total Expenses": "101,175", "Net Income from Continuing & Discontinued Operation": "-12,303", "Normalized Income": "3,268", "Interest Income": "-", "Interest Expense": "626", "Net Interest Income": "-624", "EBIT": "-10,404", "EBITDA": "-2,267", "Reconciled Cost of Revenue": "91,998", "Reconciled Depreciation": "8,137", "Net Income from Continuing Operation Net Minority Interest": "-12,303", "Total Unusual Items Excluding Goodwill": "-15,571", "Total Unusual Items": "-15,571", "Normalized EBITDA": "13,304", "Tax Rate for Calcs": "0", "Tax Effect of Unusual Items": "0"}, "9/30/2020": {"Duration": "9/30/2020", "Total Revenue": "109,858", "Cost of Revenue": "97,245", "Gross Profit": "12,613", "Operating Expense": "9,093", "Operating Income": "3,520", "Net Non Operating Interest Income Expense": "-753", "Other Income Expense": "-15,561", "Pretax Income": "-12,794", "Net Income Common Stockholders": "-13,916", "Diluted NI Available to Com Stockholders": "-13,916", "Basic EPS": "-1.10", "Diluted EPS": "-1.10", "Basic Average Shares": "12,595", "Diluted Average Shares": "12,595", "Total Operating Income as Reported": "-12,041", "Rent Expense Supplemental": "8,877", "Total Expenses": "106,338", "Net Income from Continuing & Discontinued Operation": "-13,916", "Normalized Income": "1,645", "Interest Income": "2", "Interest Expense": "755", "Net Interest Income": "-753", "EBIT": "-12,039", "EBITDA": "-", "Reconciled Cost of Revenue": "97,245", "Reconciled Depreciation": "8,338", "Net Income from Continuing Operation Net Minority Interest": "-13,916", "Total Unusual Items Excluding Goodwill": "-15,561", "Total Unusual Items": "-15,561", "Normalized EBITDA": "11,860", "Tax Rate for Calcs": "0", "Tax Effect of Unusual Items": "0"}, "9/30/2019": {"Duration": "9/30/2019", "Total Revenue": "110,758", "Cost of Revenue": "99,674", "Gross Profit": "11,084", "Operating Expense": "11,813", "Operating Income": "-729", "Net Non Operating Interest Income Expense": "-753", "Other Income Expense": "-2,766", "Pretax Income": "-4,248", "Net Income Common Stockholders": "-5,137", "Diluted NI Available to Com Stockholders": "-5,137", "Basic EPS": "-0.41", "Diluted EPS": "-0.41", "Basic Average Shares": "12,523", "Diluted Average Shares": "12,523", "Total Operating Income as Reported": "-3,495", "Rent Expense Supplemental": "8,355", "Total Expenses": "111,487", "Net Income from Continuing & Discontinued Operation": "-5,137", "Normalized Income": "-2,371", "Interest Income": "3", "Interest Expense": "756", "Net Interest Income": "-753", "EBIT": "-3,492", "EBITDA": "-", "Reconciled Cost of Revenue": "99,674", "Reconciled Depreciation": "4,590", "Net Income from Continuing Operation Net Minority Interest": "-5,137", "Total Unusual Items Excluding Goodwill": "-2,766", "Total Unusual Items": "-2,766", "Normalized EBITDA": "3,864", "Tax Rate for Calcs": "0", "Tax Effect of Unusual Items": "0"}, "9/30/2018": {"Duration": "9/30/2018", "Total Revenue": "99,240", "Cost of Revenue": "88,983", "Gross Profit": "10,257", "Operating Expense": "9,848", "Operating Income": "409", "Net Non Operating Interest Income Expense": "-388", "Other Income Expense": "-38", "Pretax Income": "-17", "Net Income Common Stockholders": "-1,034", "Diluted NI Available to Com Stockholders": "-1,034", "Basic EPS": "-0.08", "Diluted EPS": "-0.08", "Basic Average Shares": "12,464", "Diluted Average Shares": "12,464", "Total Operating Income as Reported": "372", "Rent Expense Supplemental": "7,261", "Total Expenses": "98,831", "Net Income from Continuing & Discontinued Operation": "-1,034", "Normalized Income": "-997", "Interest Income": "4", "Interest Expense": "392", "Net Interest Income": "-388", "EBIT": "375", "EBITDA": "-", "Reconciled Cost of Revenue": "88,983", "Reconciled Depreciation": "3,951", "Net Income from Continuing Operation Net Minority Interest": "-1,034", "Total Unusual Items Excluding Goodwill": "-37", "Total Unusual Items": "-37", "Normalized EBITDA": "4,363", "Tax Rate for Calcs": "0", "Tax Effect of Unusual Items": "0"}}, "bs": {"9/30/2020": {"Duration": "9/30/2020", "Total Assets": "99,693", "Total Liabilities Net Minority Interest": "84,710", "Total Equity Gross Minority Interest": "14,983", "Total Capitalization": "24,593", "Common Stock Equity": "13,690", "Capital Lease Obligations": "58,420", "Net Tangible Assets": "4,618", "Working Capital": "-5,145", "Invested Capital": "30,835", "Tangible Book Value": "4,618", "Total Debt": "75,565", "Net Debt": "5,691", "Share Issued": "12,656", "Ordinary Shares Number": "12,613", "Treasury Shares Number": "43.11"}, "9/30/2019": {"Duration": "9/30/2019", "Total Assets": "59,905", "Total Liabilities Net Minority Interest": "30,985", "Total Equity Gross Minority Interest": "28,920", "Total Capitalization": "40,248", "Common Stock Equity": "27,398", "Capital Lease Obligations": "-", "Net Tangible Assets": "8,297", "Working Capital": "-4,313", "Invested Capital": "40,248", "Tangible Book Value": "8,297", "Total Debt": "12,850", "Net Debt": "10,105", "Share Issued": "12,541", "Ordinary Shares Number": "12,541", "Treasury Shares Number": "-"}, "9/30/2018": {"Duration": "9/30/2018", "Total Assets": "60,950", "Total Liabilities Net Minority Interest": "23,729", "Total Equity Gross Minority Interest": "37,221", "Total Capitalization": "41,455", "Common Stock Equity": "33,983", "Capital Lease Obligations": "-", "Net Tangible Assets": "14,898", "Working Capital": "-1,954", "Invested Capital": "41,472", "Tangible Book Value": "14,898", "Total Debt": "7,489", "Net Debt": "4,012", "Share Issued": "12,481", "Ordinary Shares Number": "12,481", "Treasury Shares Number": "-"}}, "cf": {"TTM": {"Duration": "TTM", "Operating Cash Flow": "8,217", "Investing Cash Flow": "-1,401", "Financing Cash Flow": "-93", "End Cash Position": "10,015", "Interest Paid Supplemental Data": "500", "Capital Expenditure": "-1,466", "Issuance of Debt": "14,945", "Repayment of Debt": "-13,650", "Free Cash Flow": "6,751"}, "9/30/2020": {"Duration": "9/30/2020", "Operating Cash Flow": "8,369", "Investing Cash Flow": "-2,604", "Financing Cash Flow": "2,944", "End Cash Position": "11,454", "Interest Paid Supplemental Data": "694", "Capital Expenditure": "-2,596", "Issuance of Debt": "16,945", "Repayment of Debt": "-12,650", "Free Cash Flow": "5,773"}, "9/30/2019": {"Duration": "9/30/2019", "Operating Cash Flow": "6,771", "Investing Cash Flow": "-11,059", "Financing Cash Flow": "3,556", "End Cash Position": "2,745", "Interest Paid Supplemental Data": "666", "Capital Expenditure": "-8,079", "Issuance of Debt": "8,350", "Repayment of Debt": "-2,980", "Free Cash Flow": "-1,308"}, "9/30/2018": {"Duration": "9/30/2018", "Operating Cash Flow": "6,504", "Investing Cash Flow": "-9,034", "Financing Cash Flow": "1,670", "End Cash Position": "3,477", "Interest Paid Supplemental Data": "320", "Capital Expenditure": "-10,444", "Issuance of Debt": "3,750", "Repayment of Debt": "-1,617", "Free Cash Flow": "-3,940"}}}}, {"RAVE": {"quote": {"05/11/2021": {"value": "1.2400", "Market Cap": "22.326M", "Beta (5Y Monthly)": "N/A", "PE Ratio (TTM)": "35.43", "EPS (TTM)": "0.0350", "Earnings Date": "May 06, 2021", "Forward Dividend & Yield": "N/A (N/A)", "Ex-Dividend Date": "Oct 04, 2000", "1y Target Est": "N/A"}}, "fin": {"TTM": {"Duration": "TTM", "Total Revenue": "11,474", "Cost of Revenue": "4,259", "Gross Profit": "7,215", "Operating Expense": "5,456", "Operating Income": "1,759", "Net Non Operating Interest Income Expense": "-102", "Other Income Expense": "-2,910", "Pretax Income": "-1,253", "Tax Provision": "3,838", "Net Income Common Stockholders": "-5,091", "Average Dilution Earnings": "-", "Diluted NI Available to Com Stockholders": "-5,090", "Basic EPS": "-", "Diluted EPS": "-", "Basic Average Shares": "-", "Diluted Average Shares": "-", "Total Expenses": "9,715", "Net Income from Continuing & Discontinued Operation": "-5,091", "Normalized Income": "-2,967", "Interest Income": "-", "Interest Expense": "102", "Net Interest Income": "-102", "EBIT": "-1,151", "EBITDA": "-815", "Reconciled Cost of Revenue": "4,145", "Reconciled Depreciation": "336", "Net Income from Continuing Operation Net Minority Interest": "-5,091", "Total Unusual Items Excluding Goodwill": "-2,910", "Total Unusual Items": "-2,910", "Normalized EBITDA": "2,095", "Tax Rate for Calcs": "0", "Tax Effect of Unusual Items": "-785.7"}, "6/30/2020": {"Duration": "6/30/2020", "Total Revenue": "9,988", "Cost of Revenue": "3,490", "Gross Profit": "6,498", "Operating Expense": "5,689", "Operating Income": "809", "Net Non Operating Interest Income Expense": "-55", "Other Income Expense": "-909", "Pretax Income": "-155", "Tax Provision": "4,078", "Net Income Common Stockholders": "-4,233", "Average Dilution Earnings": "65", "Diluted NI Available to Com Stockholders": "-4,168", "Basic EPS": "-0.28", "Diluted EPS": "-0.28", "Basic Average Shares": "15,144", "Diluted Average Shares": "15,144", "Total Expenses": "9,179", "Net Income from Continuing & Discontinued Operation": "-4,233", "Normalized Income": "-3,569", "Interest Income": "40", "Interest Expense": "95", "Net Interest Income": "-55", "EBIT": "-60", "EBITDA": "-", "Reconciled Cost of Revenue": "3,019", "Reconciled Depreciation": "657", "Net Income from Continuing Operation Net Minority Interest": "-4,233", "Total Unusual Items Excluding Goodwill": "-909", "Total Unusual Items": "-909", "Normalized EBITDA": "1,506", "Tax Rate for Calcs": "0", "Tax Effect of Unusual Items": "-245.43"}, "6/30/2019": {"Duration": "6/30/2019", "Total Revenue": "12,319", "Cost of Revenue": "4,898", "Gross Profit": "7,421", "Operating Expense": "5,740", "Operating Income": "1,681", "Net Non Operating Interest Income Expense": "-104", "Other Income Expense": "-2,378", "Pretax Income": "-801", "Tax Provision": "-51", "Net Income Common Stockholders": "-750", "Average Dilution Earnings": "-", "Diluted NI Available to Com Stockholders": "-750", "Basic EPS": "-0.05", "Diluted EPS": "-0.05", "Basic Average Shares": "15,070", "Diluted Average Shares": "15,070", "Total Expenses": "10,638", "Net Income from Continuing & Discontinued Operation": "-750", "Normalized Income": "1,477", "Interest Income": "-", "Interest Expense": "104", "Net Interest Income": "-104", "EBIT": "-697", "EBITDA": "-", "Reconciled Cost of Revenue": "4,898", "Reconciled Depreciation": "466", "Net Income from Continuing Operation Net Minority Interest": "-750", "Total Unusual Items Excluding Goodwill": "-2,378", "Total Unusual Items": "-2,378", "Normalized EBITDA": "2,147", "Tax Rate for Calcs": "0", "Tax Effect of Unusual Items": "-151.4082"}, "6/30/2018": {"Duration": "6/30/2018", "Total Revenue": "15,116", "Cost of Revenue": "6,299", "Gross Profit": "8,817", "Operating Expense": "8,471", "Operating Income": "346", "Net Non Operating Interest Income Expense": "-179", "Other Income Expense": "-1,215", "Pretax Income": "-1,048", "Tax Provision": "-3,322", "Net Income Common Stockholders": "1,912", "Average Dilution Earnings": "90", "Diluted NI Available to Com Stockholders": "2,002", "Basic EPS": "0.14", "Diluted EPS": "0.13", "Basic Average Shares": "13,854", "Diluted Average Shares": "14,983", "Total Expenses": "14,770", "Net Income from Continuing & Discontinued Operation": "1,912", "Normalized Income": "3,161", "Interest Income": "4", "Interest Expense": "183", "Net Interest Income": "-179", "EBIT": "-865", "EBITDA": "-", "Reconciled Cost of Revenue": "6,299", "Reconciled Depreciation": "874", "Net Income from Continuing Operation Net Minority Interest": "2,274", "Total Unusual Items Excluding Goodwill": "-1,215", "Total Unusual Items": "-1,215", "Normalized EBITDA": "1,224", "Tax Rate for Calcs": "0", "Tax Effect of Unusual Items": "-328.05"}}, "bs": {"6/30/2020": {"Duration": "6/30/2020", "Total Assets": "9,705", "Total Liabilities Net Minority Interest": "9,202", "Total Equity Gross Minority Interest": "503", "Total Capitalization": "2,709", "Common Stock Equity": "503", "Capital Lease Obligations": "4,103", "Net Tangible Assets": "348", "Working Capital": "2,418", "Invested Capital": "2,709", "Tangible Book Value": "348", "Total Debt": "6,309", "Net Debt": "-", "Share Issued": "22,548", "Ordinary Shares Number": "15,463", "Treasury Shares Number": "7,085"}, "6/30/2019": {"Duration": "6/30/2019", "Total Assets": "10,426", "Total Liabilities Net Minority Interest": "5,992", "Total Equity Gross Minority Interest": "4,434", "Total Capitalization": "6,018", "Common Stock Equity": "4,434", "Capital Lease Obligations": "-", "Net Tangible Assets": "4,238", "Working Capital": "2,092", "Invested Capital": "6,018", "Tangible Book Value": "4,238", "Total Debt": "1,584", "Net Debt": "-", "Share Issued": "22,208", "Ordinary Shares Number": "15,091", "Treasury Shares Number": "7,117"}, "6/30/2018": {"Duration": "6/30/2018", "Total Assets": "10,986", "Total Liabilities Net Minority Interest": "4,687", "Total Equity Gross Minority Interest": "6,299", "Total Capitalization": "7,861", "Common Stock Equity": "6,299", "Capital Lease Obligations": "-", "Net Tangible Assets": "6,087", "Working Capital": "2,759", "Invested Capital": "7,861", "Tangible Book Value": "6,087", "Total Debt": "1,562", "Net Debt": "176", "Share Issued": "22,167", "Ordinary Shares Number": "15,047", "Treasury Shares Number": "7,119"}}, "cf": {"TTM": {"Duration": "TTM", "Operating Cash Flow": "-565", "Investing Cash Flow": "102", "Financing Cash Flow": "66", "End Cash Position": "1,535", "Income Tax Paid Supplemental Data": "41", "Interest Paid Supplemental Data": "67", "Capital Expenditure": "-58", "Issuance of Capital Stock": "66", "Issuance of Debt": "-", "Repayment of Debt": "-", "Free Cash Flow": "-623"}, "6/30/2020": {"Duration": "6/30/2020", "Operating Cash Flow": "-360", "Investing Cash Flow": "67", "Financing Cash Flow": "999", "End Cash Position": "3,203", "Income Tax Paid Supplemental Data": "18", "Interest Paid Supplemental Data": "66", "Capital Expenditure": "-56", "Issuance of Capital Stock": "357", "Issuance of Debt": "657", "Repayment of Debt": "-", "Free Cash Flow": "-416"}, "6/30/2019": {"Duration": "6/30/2019", "Operating Cash Flow": "659", "Investing Cash Flow": "131", "Financing Cash Flow": "88", "End Cash Position": "2,264", "Income Tax Paid Supplemental Data": "168", "Interest Paid Supplemental Data": "72", "Capital Expenditure": "-81", "Issuance of Capital Stock": "88", "Issuance of Debt": "-", "Repayment of Debt": "0", "Free Cash Flow": "578"}, "6/30/2018": {"Duration": "6/30/2018", "Operating Cash Flow": "-3,902", "Investing Cash Flow": "708", "Financing Cash Flow": "4,129", "End Cash Position": "1,386", "Income Tax Paid Supplemental Data": "64", "Interest Paid Supplemental Data": "187", "Capital Expenditure": "-1,081", "Issuance of Capital Stock": "5,129", "Issuance of Debt": "0", "Repayment of Debt": "-", "Free Cash Flow": "-4,983"}}}}, {"STKS": {"quote": {"05/11/2021": {"value": "10.03", "Market Cap": "301.15M", "Beta (5Y Monthly)": "2.60", "PE Ratio (TTM)": "N/A", "EPS (TTM)": "-0.44", "Earnings Date": "May 11, 2021", "Forward Dividend & Yield": "N/A (N/A)", "Ex-Dividend Date": "N/A", "1y Target Est": "9.50"}}, "fin": {"TTM": {"Duration": "TTM", "Total Revenue": "149,150", "Cost of Revenue": "126,139", "Gross Profit": "23,011", "Operating Expense": "22,995", "Operating Income": "16", "Net Non Operating Interest Income Expense": "-4,887", "Other Income Expense": "354", "Pretax Income": "-4,517", "Tax Provision": "-15,542", "Net Income Common Stockholders": "11,493", "Diluted NI Available to Com Stockholders": "11,493", "Basic EPS": "-", "Diluted EPS": "-", "Basic Average Shares": "-", "Diluted Average Shares": "-", "Total Operating Income as Reported": "791", "Total Expenses": "149,134", "Net Income from Continuing & Discontinued Operation": "11,493", "Normalized Income": "11,235", "Interest Expense": "-", "Net Interest Income": "-4,887", "EBIT": "16", "EBITDA": "9,976", "Reconciled Cost of Revenue": "126,139", "Reconciled Depreciation": "9,960", "Net Income from Continuing Operation Net Minority Interest": "11,493", "Total Unusual Items Excluding Goodwill": "354", "Total Unusual Items": "354", "Normalized EBITDA": "9,622", "Tax Rate for Calcs": "0", "Tax Effect of Unusual Items": "95.58"}, "12/31/2019": {"Duration": "12/31/2019", "Total Revenue": "120,681", "Cost of Revenue": "95,888", "Gross Profit": "24,793", "Operating Expense": "17,195", "Operating Income": "7,598", "Net Non Operating Interest Income Expense": "-1,954", "Other Income Expense": "4,335", "Pretax Income": "9,979", "Tax Provision": "-11,154", "Net Income Common Stockholders": "20,831", "Diluted NI Available to Com Stockholders": "20,831", "Basic EPS": "0.73", "Diluted EPS": "0.70", "Basic Average Shares": "28,454", "Diluted Average Shares": "29,636", "Total Operating Income as Reported": "12,791", "Total Expenses": "113,083", "Net Income from Continuing & Discontinued Operation": "20,831", "Normalized Income": "17,666", "Interest Expense": "-", "Net Interest Income": "-1,954", "EBIT": "7,598", "EBITDA": "-", "Reconciled Cost of Revenue": "95,888", "Reconciled Depreciation": "5,404", "Net Income from Continuing Operation Net Minority Interest": "20,831", "Total Unusual Items Excluding Goodwill": "4,335", "Total Unusual Items": "4,335", "Normalized EBITDA": "8,667", "Tax Rate for Calcs": "0", "Tax Effect of Unusual Items": "1,170"}, "12/31/2018": {"Duration": "12/31/2018", "Total Revenue": "85,601", "Cost of Revenue": "64,684", "Gross Profit": "20,917", "Operating Expense": "15,073", "Operating Income": "5,844", "Net Non Operating Interest Income Expense": "-1,193", "Other Income Expense": "-31", "Pretax Income": "4,620", "Tax Provision": "713", "Net Income Common Stockholders": "3,274", "Diluted NI Available to Com Stockholders": "3,274", "Basic EPS": "0.12", "Diluted EPS": "0.12", "Basic Average Shares": "27,654", "Diluted Average Shares": "28,122", "Total Operating Income as Reported": "5,813", "Total Expenses": "79,757", "Net Income from Continuing & Discontinued Operation": "3,274", "Normalized Income": "3,454", "Interest Expense": "1,193", "Net Interest Income": "-1,193", "EBIT": "5,844", "EBITDA": "-", "Reconciled Cost of Revenue": "64,684", "Reconciled Depreciation": "2,824", "Net Income from Continuing Operation Net Minority Interest": "3,274", "Total Unusual Items Excluding Goodwill": "-213", "Total Unusual Items": "-213", "Normalized EBITDA": "8,881", "Tax Rate for Calcs": "0", "Tax Effect of Unusual Items": "-32.802"}}, "bs": {"12/31/2019": {"Duration": "12/31/2019", "Total Assets": "206,585", "Total Liabilities Net Minority Interest": "172,673", "Total Equity Gross Minority Interest": "33,912", "Total Capitalization": "79,540", "Common Stock Equity": "34,314", "Capital Lease Obligations": "102,675", "Net Tangible Assets": "17,131", "Working Capital": "-992", "Invested Capital": "80,289", "Tangible Book Value": "17,131", "Total Debt": "148,650", "Net Debt": "33,631", "Share Issued": "28,604", "Ordinary Shares Number": "28,604"}, "12/31/2018": {"Duration": "12/31/2018", "Total Assets": "55,979", "Total Liabilities Net Minority Interest": "43,917", "Total Equity Gross Minority Interest": "12,062", "Total Capitalization": "19,632", "Common Stock Equity": "12,514", "Capital Lease Obligations": "-", "Net Tangible Assets": "12,514", "Working Capital": "-6,279", "Invested Capital": "22,833", "Tangible Book Value": "12,514", "Total Debt": "10,319", "Net Debt": "8,727", "Share Issued": "28,313", "Ordinary Shares Number": "28,313"}}, "cf": {"TTM": {"Duration": "TTM", "Operating Cash Flow": "4,707", "Investing Cash Flow": "-29,548", "Financing Cash Flow": "49,386", "End Cash Position": "26,591", "Income Tax Paid Supplemental Data": "527", "Interest Paid Supplemental Data": "3,835", "Capital Expenditure": "-3,508", "Issuance of Capital Stock": "-", "Issuance of Debt": "68,314", "Repayment of Debt": "-17,566", "Free Cash Flow": "1,199"}, "12/31/2019": {"Duration": "12/31/2019", "Operating Cash Flow": "8,360", "Investing Cash Flow": "-30,397", "Financing Cash Flow": "33,121", "End Cash Position": "12,344", "Income Tax Paid Supplemental Data": "467", "Interest Paid Supplemental Data": "1,743", "Capital Expenditure": "-4,357", "Issuance of Capital Stock": "0", "Issuance of Debt": "64,750", "Repayment of Debt": "-28,517", "Free Cash Flow": "4,003"}, "12/31/2018": {"Duration": "12/31/2018", "Operating Cash Flow": "6,444", "Investing Cash Flow": "-3,462", "Financing Cash Flow": "-2,184", "End Cash Position": "1,592", "Income Tax Paid Supplemental Data": "797", "Interest Paid Supplemental Data": "996", "Capital Expenditure": "-4,102", "Issuance of Capital Stock": "1,223", "Issuance of Debt": "0", "Repayment of Debt": "-3,244", "Free Cash Flow": "2,342"}}}}, {"RICK": {"quote": {"05/11/2021": {"value": "72.30", "Market Cap": "650.694M", "Beta (5Y Monthly)": "2.13", "PE Ratio (TTM)": "N/A", "EPS (TTM)": "-0.23", "Earnings Date": "May 10, 2021", "Forward Dividend & Yield": "0.16 (0.22%)", "Ex-Dividend Date": "Mar 11, 2021", "1y Target Est": "76.00"}}, "fin": {"TTM": {"Duration": "TTM", "Total Revenue": "122,331", "Cost of Revenue": "56,196", "Gross Profit": "66,135", "Operating Expense": "55,968", "Operating Income": "10,167", "Net Non Operating Interest Income Expense": "-9,474", "Other Income Expense": "-5,600", "Pretax Income": "-4,907", "Tax Provision": "-2,470", "Net Income Common Stockholders": "-2,076", "Average Dilution Earnings": "-", "Diluted NI Available to Com Stockholders": "-2,076", "Basic EPS": "-", "Diluted EPS": "-", "Basic Average Shares": "-", "Diluted Average Shares": "-", "Total Operating Income as Reported": "-357", "Rent Expense Supplemental": "4,007", "Total Expenses": "112,164", "Net Income from Continuing & Discontinued Operation": "-2,076", "Normalized Income": "-2,076", "Interest Income": "286", "Interest Expense": "9,760", "Net Interest Income": "-9,474", "EBIT": "4,853", "EBITDA": "13,508", "Reconciled Cost of Revenue": "56,196", "Reconciled Depreciation": "8,655", "Net Income from Continuing Operation Net Minority Interest": "-2,076", "Total Unusual Items Excluding Goodwill": "-", "Total Unusual Items": "-", "Normalized EBITDA": "13,508", "Tax Rate for Calcs": "0", "Tax Effect of Unusual Items": "0"}, "9/30/2020": {"Duration": "9/30/2020", "Total Revenue": "132,327", "Cost of Revenue": "58,505", "Gross Profit": "73,822", "Operating Expense": "60,528", "Operating Income": "13,294", "Net Non Operating Interest Income Expense": "-9,487", "Other Income Expense": "-10,612", "Pretax Income": "-6,805", "Tax Provision": "-493", "Net Income Common Stockholders": "-6,085", "Average Dilution Earnings": "-", "Diluted NI Available to Com Stockholders": "-6,085", "Basic EPS": "-0.66", "Diluted EPS": "-0.66", "Basic Average Shares": "9,199", "Diluted Average Shares": "9,199", "Total Operating Income as Reported": "2,746", "Rent Expense Supplemental": "4,060", "Total Expenses": "119,033", "Net Income from Continuing & Discontinued Operation": "-6,085", "Normalized Income": "3,763", "Interest Income": "324", "Interest Expense": "9,811", "Net Interest Income": "-9,487", "EBIT": "3,006", "EBITDA": "-", "Reconciled Cost of Revenue": "58,505", "Reconciled Depreciation": "8,836", "Net Income from Continuing Operation Net Minority Interest": "-6,085", "Total Unusual Items Excluding Goodwill": "-10,612", "Total Unusual Items": "-10,612", "Normalized EBITDA": "22,454", "Tax Rate for Calcs": "0", "Tax Effect of Unusual Items": "-764.064"}, "9/30/2019": {"Duration": "9/30/2019", "Total Revenue": "181,059", "Cost of Revenue": "74,770", "Gross Profit": "106,289", "Operating Expense": "68,968", "Operating Income": "37,321", "Net Non Operating Interest Income Expense": "-9,900", "Other Income Expense": "-3,232", "Pretax Income": "24,189", "Tax Provision": "4,863", "Net Income Common Stockholders": "19,175", "Average Dilution Earnings": "-", "Diluted NI Available to Com Stockholders": "19,175", "Basic EPS": "1.99", "Diluted EPS": "1.99", "Basic Average Shares": "9,657", "Diluted Average Shares": "9,657", "Total Operating Income as Reported": "34,701", "Rent Expense Supplemental": "3,896", "Total Expenses": "143,738", "Net Income from Continuing & Discontinued Operation": "19,175", "Normalized Income": "21,757", "Interest Income": "309", "Interest Expense": "10,209", "Net Interest Income": "-9,900", "EBIT": "34,398", "EBITDA": "-", "Reconciled Cost of Revenue": "74,770", "Reconciled Depreciation": "9,072", "Net Income from Continuing Operation Net Minority Interest": "19,175", "Total Unusual Items Excluding Goodwill": "-3,232", "Total Unusual Items": "-3,232", "Normalized EBITDA": "46,702", "Tax Rate for Calcs": "0", "Tax Effect of Unusual Items": "-649.632"}, "9/30/2018": {"Duration": "9/30/2018", "Total Revenue": "165,748", "Cost of Revenue": "67,456", "Gross Profit": "98,292", "Operating Expense": "61,546", "Operating Income": "36,746", "Net Non Operating Interest Income Expense": "-9,720", "Other Income Expense": "-8,350", "Pretax Income": "18,676", "Tax Provision": "-3,118", "Net Income Common Stockholders": "21,713", "Average Dilution Earnings": "0", "Diluted NI Available to Com Stockholders": "21,713", "Basic EPS": "2.23", "Diluted EPS": "2.23", "Basic Average Shares": "9,719", "Diluted Average Shares": "9,719", "Total Operating Income as Reported": "28,396", "Rent Expense Supplemental": "3,720", "Total Expenses": "129,002", "Net Income from Continuing & Discontinued Operation": "21,713", "Normalized Income": "27,809", "Interest Income": "234", "Interest Expense": "9,954", "Net Interest Income": "-9,720", "EBIT": "28,630", "EBITDA": "-", "Reconciled Cost of Revenue": "67,456", "Reconciled Depreciation": "7,722", "Net Income from Continuing Operation Net Minority Interest": "21,713", "Total Unusual Items Excluding Goodwill": "-8,350", "Total Unusual Items": "-8,350", "Normalized EBITDA": "44,702", "Tax Rate for Calcs": "0", "Tax Effect of Unusual Items": "-2,254"}}, "bs": {"9/30/2020": {"Duration": "9/30/2020", "Total Assets": "360,933", "Total Liabilities Net Minority Interest": "208,626", "Total Equity Gross Minority Interest": "152,307", "Total Capitalization": "277,852", "Common Stock Equity": "152,721", "Capital Lease Obligations": "27,067", "Net Tangible Assets": "33,958", "Working Capital": "-5,871", "Invested Capital": "294,156", "Tangible Book Value": "33,958", "Total Debt": "168,502", "Net Debt": "125,830", "Share Issued": "9,075", "Ordinary Shares Number": "9,075"}, "9/30/2019": {"Duration": "9/30/2019", "Total Assets": "353,637", "Total Liabilities Net Minority Interest": "185,336", "Total Equity Gross Minority Interest": "168,301", "Total Capitalization": "296,231", "Common Stock Equity": "168,457", "Capital Lease Obligations": "-", "Net Tangible Assets": "38,876", "Working Capital": "563", "Invested Capital": "311,985", "Tangible Book Value": "38,876", "Total Debt": "143,528", "Net Debt": "129,431", "Share Issued": "9,591", "Ordinary Shares Number": "9,591"}, "9/30/2018": {"Duration": "9/30/2018", "Total Assets": "330,566", "Total Liabilities Net Minority Interest": "176,400", "Total Equity Gross Minority Interest": "154,166", "Total Capitalization": "275,849", "Common Stock Equity": "154,269", "Capital Lease Obligations": "-", "Net Tangible Assets": "38,312", "Working Capital": "2,957", "Invested Capital": "294,896", "Tangible Book Value": "38,312", "Total Debt": "140,627", "Net Debt": "122,901", "Share Issued": "9,719", "Ordinary Shares Number": "9,719"}}, "cf": {"TTM": {"Duration": "TTM", "Operating Cash Flow": "11,633", "Investing Cash Flow": "711", "Financing Cash Flow": "-8,536", "End Cash Position": "16,967", "Income Tax Paid Supplemental Data": "1,941", "Interest Paid Supplemental Data": "9,380", "Capital Expenditure": "-2,967", "Issuance of Debt": "6,185", "Repayment of Debt": "-8,496", "Repurchase of Capital Stock": "-4,837", "Free Cash Flow": "8,666"}, "9/30/2020": {"Duration": "9/30/2020", "Operating Cash Flow": "15,632", "Investing Cash Flow": "-994", "Financing Cash Flow": "-13,130", "End Cash Position": "15,605", "Income Tax Paid Supplemental Data": "2,200", "Interest Paid Supplemental Data": "8,695", "Capital Expenditure": "-5,736", "Issuance of Debt": "6,503", "Repayment of Debt": "-8,832", "Repurchase of Capital Stock": "-9,484", "Free Cash Flow": "9,896"}, "9/30/2019": {"Duration": "9/30/2019", "Operating Cash Flow": "37,174", "Investing Cash Flow": "-27,147", "Financing Cash Flow": "-13,656", "End Cash Position": "14,097", "Income Tax Paid Supplemental Data": "3,686", "Interest Paid Supplemental Data": "9,797", "Capital Expenditure": "-20,708", "Issuance of Debt": "13,511", "Repayment of Debt": "-22,924", "Repurchase of Capital Stock": "-2,901", "Free Cash Flow": "16,466"}, "9/30/2018": {"Duration": "9/30/2018", "Operating Cash Flow": "25,769", "Investing Cash Flow": "-26,339", "Financing Cash Flow": "8,374", "End Cash Position": "17,726", "Income Tax Paid Supplemental Data": "5,832", "Interest Paid Supplemental Data": "9,685", "Capital Expenditure": "-25,263", "Issuance of Debt": "84,233", "Repayment of Debt": "-72,830", "Repurchase of Capital Stock": "0", "Free Cash Flow": "506"}}}}, {"GIGL": {"quote": {"05/11/2021": {"value": "0.0472", "Market Cap": "321,838", "Beta (5Y Monthly)": "-1.44", "PE Ratio (TTM)": "N/A", "EPS (TTM)": "-0.0880", "Earnings Date": "May 21, 2019", "Forward Dividend & Yield": "N/A (N/A)", "Ex-Dividend Date": "N/A", "1y Target Est": "N/A"}}, "fin": {"TTM": {"Duration": "TTM", "Total Revenue": "2,368", "Cost of Revenue": "1,822", "Gross Profit": "546.314", "Operating Expense": "1,077", "Operating Income": "-530.792", "Net Non Operating Interest Income Expense": "-59.553", "Other Income Expense": "-", "Pretax Income": "-590.345", "Tax Provision": "2.4", "Net Income Common Stockholders": "-592.745", "Diluted NI Available to Com Stockholders": "-592.745", "Basic EPS": "-", "Diluted EPS": "-", "Basic Average Shares": "-", "Diluted Average Shares": "-", "Total Operating Income as Reported": "-530.792", "Total Expenses": "2,899", "Net Income from Continuing & Discontinued Operation": "-592.745", "Normalized Income": "-592.745", "Interest Expense": "59.553", "Net Interest Income": "-59.553", "EBIT": "-530.792", "EBITDA": "-336.027", "Reconciled Cost of Revenue": "1,822", "Reconciled Depreciation": "194.765", "Net Income from Continuing Operation Net Minority Interest": "-592.745", "Total Unusual Items Excluding Goodwill": "-", "Total Unusual Items": "-", "Normalized EBITDA": "-336.027", "Tax Rate for Calcs": "0", "Tax Effect of Unusual Items": "0"}, "12/31/2018": {"Duration": "12/31/2018", "Total Revenue": "2,432", "Cost of Revenue": "1,920", "Gross Profit": "511.41", "Operating Expense": "1,140", "Operating Income": "-628.158", "Net Non Operating Interest Income Expense": "-61.811", "Other Income Expense": "-1.4", "Pretax Income": "-691.369", "Tax Provision": "0", "Net Income Common Stockholders": "-691.369", "Diluted NI Available to Com Stockholders": "-691.369", "Basic EPS": "-0.11", "Diluted EPS": "-0.11", "Basic Average Shares": "6,500", "Diluted Average Shares": "6,500", "Total Operating Income as Reported": "-628.158", "Total Expenses": "3,060", "Net Income from Continuing & Discontinued Operation": "-691.369", "Normalized Income": "-691.369", "Interest Expense": "61.811", "Net Interest Income": "-61.811", "EBIT": "-629.558", "EBITDA": "-", "Reconciled Cost of Revenue": "1,920", "Reconciled Depreciation": "232.345", "Net Income from Continuing Operation Net Minority Interest": "-691.369", "Total Unusual Items Excluding Goodwill": "0", "Total Unusual Items": "0", "Normalized EBITDA": "-397.213", "Tax Rate for Calcs": "0", "Tax Effect of Unusual Items": "0"}}, "bs": {"12/31/2018": {"Duration": "12/31/2018", "Total Assets": "614.424", "Total Liabilities Net Minority Interest": "2,617", "Total Equity Gross Minority Interest": "-2,002", "Total Capitalization": "-2,002", "Common Stock Equity": "-2,002", "Net Tangible Assets": "-2,002", "Working Capital": "-1,747", "Invested Capital": "-1,531", "Tangible Book Value": "-2,002", "Total Debt": "470.881", "Net Debt": "413.239", "Share Issued": "6,737", "Ordinary Shares Number": "6,737"}}, "cf": {"TTM": {"Duration": "TTM", "Operating Cash Flow": "-56.968", "Investing Cash Flow": "9.157", "Financing Cash Flow": "-51.575", "End Cash Position": "3.881", "Income Tax Paid Supplemental Data": "-", "Interest Paid Supplemental Data": "-", "Capital Expenditure": "-", "Issuance of Capital Stock": "0", "Repayment of Debt": "0", "Free Cash Flow": "-56.968"}, "12/31/2018": {"Duration": "12/31/2018", "Operating Cash Flow": "-610.874", "Investing Cash Flow": "0", "Financing Cash Flow": "537.18", "End Cash Position": "57.642", "Income Tax Paid Supplemental Data": "0", "Interest Paid Supplemental Data": "0", "Capital Expenditure": "-", "Issuance of Capital Stock": "593.755", "Repayment of Debt": "-5", "Free Cash Flow": "-610.874"}}}}, {"RT": {"quote": {"05/11/2021": {"value": "", "Net Assets": "N/A", "Beta (5Y Monthly)": "N/A", "Yield": "N/A", "5y Average Return": "N/A", "Holdings Turnover": "N/A", "Last Dividend": "N/A", "Average for Category": "N/A", "Inception Date": "N/A"}}, "fin": {}, "bs": {}, "cf": {}}}, {"TXRH": {"quote": {"05/11/2021": {"value": "100.04", "Market Cap": "6.977B", "Beta (5Y Monthly)": "1.12", "PE Ratio (TTM)": "88.37", "EPS (TTM)": "1.13", "Earnings Date": "Aug 02, 2021 - Aug 06, 2021", "Forward Dividend & Yield": "1.60 (1.58%)", "Ex-Dividend Date": "May 18, 2021", "1y Target Est": "110.10"}}, "fin": {"TTM": {"Duration": "TTM", "Total Revenue": "2,718,079", "Cost of Revenue": "2,266,447", "Gross Profit": "451,632", "Operating Expense": "284,585", "Operating Income": "167,047", "Net Non Operating Interest Income Expense": "691", "Other Income Expense": "78", "Pretax Income": "167,816", "Tax Provision": "21,339", "Net Income Common Stockholders": "140,091", "Diluted NI Available to Com Stockholders": "140,091", "Basic EPS": "-", "Diluted EPS": "-", "Basic Average Shares": "-", "Diluted Average Shares": "-", "Total Operating Income as Reported": "167,368", "Rent Expense Supplemental": "52,874", "Total Expenses": "2,551,032", "Net Income from Continuing & Discontinued Operation": "140,091", "Normalized Income": "139,811", "Interest Expense": "829", "Net Interest Income": "691", "EBIT": "168,645", "EBITDA": "285,470", "Reconciled Cost of Revenue": "2,266,447", "Reconciled Depreciation": "116,825", "Net Income from Continuing Operation Net Minority Interest": "140,091", "Total Unusual Items Excluding Goodwill": "321", "Total Unusual Items": "321", "Normalized EBITDA": "285,149", "Tax Rate for Calcs": "0", "Tax Effect of Unusual Items": "40.8174"}, "12/31/2020": {"Duration": "12/31/2020", "Total Revenue": "2,398,123", "Cost of Revenue": "2,114,537", "Gross Profit": "283,586", "Operating Expense": "257,479", "Operating Income": "26,107", "Net Non Operating Interest Income Expense": "-4,091", "Other Income Expense": "-2,763", "Pretax Income": "19,253", "Tax Provision": "-15,672", "Net Income Common Stockholders": "31,255", "Diluted NI Available to Com Stockholders": "31,255", "Basic EPS": "-", "Diluted EPS": "-", "Basic Average Shares": "-", "Diluted Average Shares": "-", "Total Operating Income as Reported": "23,844", "Rent Expense Supplemental": "54,401", "Total Expenses": "2,372,016", "Net Income from Continuing & Discontinued Operation": "31,255", "Normalized Income": "32,907", "Interest Expense": "4,091", "Net Interest Income": "-4,091", "EBIT": "23,344", "EBITDA": "-", "Reconciled Cost of Revenue": "2,114,537", "Reconciled Depreciation": "117,877", "Net Income from Continuing Operation Net Minority Interest": "31,255", "Total Unusual Items Excluding Goodwill": "-2,263", "Total Unusual Items": "-2,263", "Normalized EBITDA": "143,484", "Tax Rate for Calcs": "0", "Tax Effect of Unusual Items": "-611.01"}, "12/31/2019": {"Duration": "12/31/2019", "Total Revenue": "2,756,163", "Cost of Revenue": "2,259,950", "Gross Profit": "496,213", "Operating Expense": "285,089", "Operating Income": "211,124", "Net Non Operating Interest Income Expense": "1,514", "Other Income Expense": "1,277", "Pretax Income": "213,915", "Tax Provision": "32,397", "Net Income Common Stockholders": "174,452", "Diluted NI Available to Com Stockholders": "174,452", "Basic EPS": "2.47", "Diluted EPS": "2.46", "Basic Average Shares": "70,509", "Diluted Average Shares": "70,916", "Total Operating Income as Reported": "212,023", "Rent Expense Supplemental": "52,531", "Total Expenses": "2,545,039", "Net Income from Continuing & Discontinued Operation": "174,452", "Normalized Income": "173,689", "Interest Expense": "-1,514", "Net Interest Income": "1,514", "EBIT": "211,124", "EBITDA": "-", "Reconciled Cost of Revenue": "2,259,950", "Reconciled Depreciation": "115,544", "Net Income from Continuing Operation Net Minority Interest": "174,452", "Total Unusual Items Excluding Goodwill": "899", "Total Unusual Items": "899", "Normalized EBITDA": "325,769", "Tax Rate for Calcs": "0", "Tax Effect of Unusual Items": "135.749"}, "12/31/2018": {"Duration": "12/31/2018", "Total Revenue": "2,457,449", "Cost of Revenue": "2,012,952", "Gross Profit": "444,497", "Operating Expense": "256,430", "Operating Income": "188,067", "Net Non Operating Interest Income Expense": "-591", "Other Income Expense": "1,075", "Pretax Income": "188,551", "Tax Provision": "24,257", "Net Income Common Stockholders": "158,225", "Diluted NI Available to Com Stockholders": "158,225", "Basic EPS": "2.21", "Diluted EPS": "2.20", "Basic Average Shares": "71,467", "Diluted Average Shares": "71,964", "Total Operating Income as Reported": "187,789", "Rent Expense Supplemental": "48,791", "Total Expenses": "2,269,382", "Net Income from Continuing & Discontinued Operation": "158,225", "Normalized Income": "158,467", "Interest Expense": "591", "Net Interest Income": "-591", "EBIT": "188,067", "EBITDA": "-", "Reconciled Cost of Revenue": "2,012,952", "Reconciled Depreciation": "101,216", "Net Income from Continuing Operation Net Minority Interest": "158,225", "Total Unusual Items Excluding Goodwill": "-278", "Total Unusual Items": "-278", "Normalized EBITDA": "289,561", "Tax Rate for Calcs": "0", "Tax Effect of Unusual Items": "-35.862"}}, "bs": {"12/31/2020": {"Duration": "12/31/2020", "Total Assets": "2,325,161", "Total Liabilities Net Minority Interest": "1,382,110", "Total Equity Gross Minority Interest": "943,051", "Total Capitalization": "1,117,505", "Common Stock Equity": "927,505", "Capital Lease Obligations": "591,442", "Net Tangible Assets": "798,233", "Working Capital": "4,333", "Invested Capital": "1,167,505", "Tangible Book Value": "798,233", "Total Debt": "831,442", "Share Issued": "69,562", "Ordinary Shares Number": "69,562"}, "12/31/2019": {"Duration": "12/31/2019", "Total Assets": "1,983,565", "Total Liabilities Net Minority Interest": "1,052,396", "Total Equity Gross Minority Interest": "931,169", "Total Capitalization": "915,994", "Common Stock Equity": "915,994", "Capital Lease Obligations": "555,973", "Net Tangible Assets": "790,012", "Working Capital": "-169,321", "Invested Capital": "915,994", "Tangible Book Value": "790,012", "Total Debt": "555,973", "Share Issued": "69,400", "Ordinary Shares Number": "69,400"}, "12/31/2018": {"Duration": "12/31/2018", "Total Assets": "1,469,276", "Total Liabilities Net Minority Interest": "508,568", "Total Equity Gross Minority Interest": "960,708", "Total Capitalization": "947,650", "Common Stock Equity": "945,569", "Capital Lease Obligations": "-", "Net Tangible Assets": "820,390", "Working Capital": "-40,123", "Invested Capital": "947,650", "Tangible Book Value": "820,390", "Total Debt": "2,081", "Share Issued": "71,618", "Ordinary Shares Number": "71,618"}}, "cf": {"TTM": {"Duration": "TTM", "Operating Cash Flow": "284,599", "Investing Cash Flow": "-217,281", "Financing Cash Flow": "-88,819", "End Cash Position": "230,606", "Income Tax Paid Supplemental Data": "3,776", "Interest Paid Supplemental Data": "760", "Capital Expenditure": "-218,968", "Issuance of Debt": "240,000", "Repayment of Debt": "-", "Repurchase of Capital Stock": "-162,872", "Free Cash Flow": "65,631"}, "12/31/2020": {"Duration": "12/31/2020", "Operating Cash Flow": "230,438", "Investing Cash Flow": "-161,105", "Financing Cash Flow": "185,943", "End Cash Position": "363,155", "Income Tax Paid Supplemental Data": "3,776", "Interest Paid Supplemental Data": "3,890", "Capital Expenditure": "-154,401", "Issuance of Debt": "240,000", "Repayment of Debt": "-", "Repurchase of Capital Stock": "-24,305", "Free Cash Flow": "76,037"}, "12/31/2019": {"Duration": "12/31/2019", "Operating Cash Flow": "374,298", "Investing Cash Flow": "-214,820", "Financing Cash Flow": "-261,724", "End Cash Position": "107,879", "Income Tax Paid Supplemental Data": "20,440", "Interest Paid Supplemental Data": "738", "Capital Expenditure": "-214,340", "Issuance of Debt": "-", "Repayment of Debt": "0", "Repurchase of Capital Stock": "-152,320", "Free Cash Flow": "159,958"}, "12/31/2018": {"Duration": "12/31/2018", "Operating Cash Flow": "352,868", "Investing Cash Flow": "-158,145", "Financing Cash Flow": "-135,516", "End Cash Position": "210,125", "Income Tax Paid Supplemental Data": "20,519", "Interest Paid Supplemental Data": "896", "Capital Expenditure": "-155,980", "Issuance of Debt": "0", "Repayment of Debt": "-50,000", "Repurchase of Capital Stock": "-14,067", "Free Cash Flow": "196,888"}}}}, {"ZOES": {"quote": {"05/11/2021": {"value": "", "Net Assets": "N/A", "Beta (5Y Monthly)": "N/A", "Yield": "N/A", "5y Average Return": "N/A", "Holdings Turnover": "N/A", "Last Dividend": "N/A", "Average for Category": "N/A", "Inception Date": "N/A"}}, "fin": {}, "bs": {}, "cf": {}}}, {"WING": {"quote": {"05/11/2021": {"value": "137.61", "Market Cap": "4.092B", "Beta (5Y Monthly)": "1.27", "PE Ratio (TTM)": "144.85", "EPS (TTM)": "0.95", "Earnings Date": "Jul 27, 2021 - Aug 02, 2021", "Forward Dividend & Yield": "0.56 (0.38%)", "Ex-Dividend Date": "May 13, 2021", "1y Target Est": "169.00"}}, "fin": {"TTM": {"Duration": "TTM", "Total Revenue": "248,811", "Cost of Revenue": "118,011", "Gross Profit": "130,800", "Operating Expense": "76,503", "Operating Income": "54,297", "Net Non Operating Interest Income Expense": "-16,782", "Other Income Expense": "-10,572", "Pretax Income": "26,943", "Tax Provision": "3,637", "Net Income Common Stockholders": "23,306", "Diluted NI Available to Com Stockholders": "23,306", "Basic EPS": "-", "Diluted EPS": "-", "Basic Average Shares": "-", "Diluted Average Shares": "-", "Total Operating Income as Reported": "57,390", "Total Expenses": "194,514", "Net Income from Continuing & Discontinued Operation": "23,306", "Normalized Income": "32,451", "Interest Expense": "16,782", "Net Interest Income": "-16,782", "EBIT": "43,725", "EBITDA": "51,243", "Reconciled Cost of Revenue": "118,011", "Reconciled Depreciation": "7,518", "Net Income from Continuing Operation Net Minority Interest": "23,306", "Total Unusual Items Excluding Goodwill": "-10,572", "Total Unusual Items": "-10,572", "Normalized EBITDA": "61,815", "Tax Rate for Calcs": "0", "Tax Effect of Unusual Items": "-1,427"}, "12/31/2020": {"Duration": "12/31/2020", "Total Revenue": "248,811", "Cost of Revenue": "118,011", "Gross Profit": "130,800", "Operating Expense": "76,503", "Operating Income": "54,297", "Net Non Operating Interest Income Expense": "-16,782", "Other Income Expense": "-10,572", "Pretax Income": "26,943", "Tax Provision": "3,637", "Net Income Common Stockholders": "23,306", "Diluted NI Available to Com Stockholders": "23,306", "Basic EPS": "0.79", "Diluted EPS": "0.78", "Basic Average Shares": "29,601", "Diluted Average Shares": "29,804", "Total Operating Income as Reported": "57,390", "Total Expenses": "194,514", "Net Income from Continuing & Discontinued Operation": "23,306", "Normalized Income": "32,451", "Interest Expense": "16,782", "Net Interest Income": "-16,782", "EBIT": "43,725", "EBITDA": "-", "Reconciled Cost of Revenue": "118,011", "Reconciled Depreciation": "7,518", "Net Income from Continuing Operation Net Minority Interest": "23,306", "Total Unusual Items Excluding Goodwill": "-10,572", "Total Unusual Items": "-10,572", "Normalized EBITDA": "61,815", "Tax Rate for Calcs": "0", "Tax Effect of Unusual Items": "-1,427"}, "12/31/2019": {"Duration": "12/31/2019", "Total Revenue": "199,676", "Cost of Revenue": "93,996", "Gross Profit": "105,680", "Operating Expense": "62,779", "Operating Income": "42,901", "Net Non Operating Interest Income Expense": "-17,136", "Other Income Expense": "-", "Pretax Income": "25,765", "Tax Provision": "5,289", "Net Income Common Stockholders": "20,476", "Diluted NI Available to Com Stockholders": "20,476", "Basic EPS": "0.70", "Diluted EPS": "0.69", "Basic Average Shares": "29,415", "Diluted Average Shares": "29,670", "Total Operating Income as Reported": "42,901", "Total Expenses": "156,775", "Net Income from Continuing & Discontinued Operation": "20,476", "Normalized Income": "20,476", "Interest Expense": "17,136", "Net Interest Income": "-17,136", "EBIT": "42,901", "EBITDA": "-", "Reconciled Cost of Revenue": "93,996", "Reconciled Depreciation": "5,484", "Net Income from Continuing Operation Net Minority Interest": "20,476", "Total Unusual Items Excluding Goodwill": "-", "Total Unusual Items": "-", "Normalized EBITDA": "48,385", "Tax Rate for Calcs": "0", "Tax Effect of Unusual Items": "0"}, "12/31/2018": {"Duration": "12/31/2018", "Total Revenue": "153,181", "Cost of Revenue": "65,762", "Gross Profit": "87,419", "Operating Expense": "48,892", "Operating Income": "38,527", "Net Non Operating Interest Income Expense": "-10,123", "Other Income Expense": "-1,477", "Pretax Income": "26,927", "Tax Provision": "5,208", "Net Income Common Stockholders": "21,719", "Diluted NI Available to Com Stockholders": "21,719", "Basic EPS": "0.74", "Diluted EPS": "0.73", "Basic Average Shares": "29,231", "Diluted Average Shares": "29,587", "Total Operating Income as Reported": "38,527", "Total Expenses": "114,654", "Net Income from Continuing & Discontinued Operation": "21,719", "Normalized Income": "21,719", "Interest Expense": "10,123", "Net Interest Income": "-10,123", "EBIT": "37,050", "EBITDA": "-", "Reconciled Cost of Revenue": "65,762", "Reconciled Depreciation": "4,313", "Net Income from Continuing Operation Net Minority Interest": "21,719", "Total Unusual Items Excluding Goodwill": "-", "Total Unusual Items": "-", "Normalized EBITDA": "41,363", "Tax Rate for Calcs": "0", "Tax Effect of Unusual Items": "0"}}, "bs": {"12/31/2020": {"Duration": "12/31/2020", "Total Assets": "211,565", "Total Liabilities Net Minority Interest": "552,875", "Total Equity Gross Minority Interest": "-341,310", "Total Capitalization": "125,623", "Common Stock Equity": "-341,310", "Capital Lease Obligations": "2,385", "Net Tangible Assets": "-439,300", "Working Capital": "22,147", "Invested Capital": "129,223", "Tangible Book Value": "-439,300", "Total Debt": "472,918", "Net Debt": "429,675", "Share Issued": "29,687", "Ordinary Shares Number": "29,687"}, "12/31/2019": {"Duration": "12/31/2019", "Total Assets": "166,113", "Total Liabilities Net Minority Interest": "375,541", "Total Equity Gross Minority Interest": "-209,428", "Total Capitalization": "98,241", "Common Stock Equity": "-209,428", "Capital Lease Obligations": "1,806", "Net Tangible Assets": "-305,226", "Working Capital": "-2,739", "Invested Capital": "101,441", "Tangible Book Value": "-305,226", "Total Debt": "312,675", "Net Debt": "298,020", "Share Issued": "29,457", "Ordinary Shares Number": "29,457"}, "12/31/2018": {"Duration": "12/31/2018", "Total Assets": "139,749", "Total Liabilities Net Minority Interest": "364,579", "Total Equity Gross Minority Interest": "-224,830", "Total Capitalization": "84,544", "Common Stock Equity": "-224,830", "Capital Lease Obligations": "-", "Net Tangible Assets": "-321,418", "Working Capital": "3,424", "Invested Capital": "86,944", "Tangible Book Value": "-321,418", "Total Debt": "311,774", "Net Debt": "299,281", "Share Issued": "29,297", "Ordinary Shares Number": "29,297"}}, "cf": {"TTM": {"Duration": "TTM", "Operating Cash Flow": "65,530", "Investing Cash Flow": "-7,987", "Financing Cash Flow": "-19,448", "End Cash Position": "59,270", "Income Tax Paid Supplemental Data": "7,262", "Interest Paid Supplemental Data": "14,549", "Capital Expenditure": "-6,052", "Issuance of Debt": "496,000", "Repayment of Debt": "-333,600", "Free Cash Flow": "59,478"}, "12/31/2020": {"Duration": "12/31/2020", "Operating Cash Flow": "65,530", "Investing Cash Flow": "-7,987", "Financing Cash Flow": "-19,448", "End Cash Position": "59,270", "Income Tax Paid Supplemental Data": "7,262", "Interest Paid Supplemental Data": "14,549", "Capital Expenditure": "-6,052", "Issuance of Debt": "496,000", "Repayment of Debt": "-333,600", "Free Cash Flow": "59,478"}, "12/31/2019": {"Duration": "12/31/2019", "Operating Cash Flow": "38,583", "Investing Cash Flow": "-23,731", "Financing Cash Flow": "-14,617", "End Cash Position": "21,175", "Income Tax Paid Supplemental Data": "5,407", "Interest Paid Supplemental Data": "16,929", "Capital Expenditure": "-22,486", "Issuance of Debt": "5,000", "Repayment of Debt": "-7,400", "Free Cash Flow": "16,097"}, "12/31/2018": {"Duration": "12/31/2018", "Operating Cash Flow": "38,770", "Investing Cash Flow": "-10,498", "Financing Cash Flow": "-13,724", "End Cash Position": "20,940", "Income Tax Paid Supplemental Data": "2,951", "Interest Paid Supplemental Data": "7,601", "Capital Expenditure": "-3,982", "Issuance of Debt": "551,108", "Repayment of Debt": "-364,858", "Free Cash Flow": "34,788"}}}}, {"JMBA": {"quote": {"05/11/2021": {"value": "", "Net Assets": "N/A", "Beta (5Y Monthly)": "N/A", "Yield": "N/A", "5y Average Return": "N/A", "Holdings Turnover": "N/A", "Last Dividend": "N/A", "Average for Category": "N/A", "Inception Date": "N/A"}}, "fin": {}, "bs": {}, "cf": {}}}, {"LUB": {"quote": {"05/11/2021": {"value": "3.7400", "Market Cap": "115.497M", "Beta (5Y Monthly)": "1.16", "PE Ratio (TTM)": "N/A", "EPS (TTM)": "-0.7930", "Earnings Date": "Feb 01, 2021", "Forward Dividend & Yield": "N/A (N/A)", "Ex-Dividend Date": "Sep 06, 2000", "1y Target Est": "N/A"}}, "fin": {"TTM": {"Duration": "TTM", "Total Revenue": "214,022", "Cost of Revenue": "148,099", "Gross Profit": "65,923", "Operating Expense": "87,817", "Operating Income": "-21,894", "Net Non Operating Interest Income Expense": "-6,328", "Other Income Expense": "-842", "Pretax Income": "-29,064", "Tax Provision": "357", "Net Income Common Stockholders": "-29,450", "Diluted NI Available to Com Stockholders": "-29,450", "Basic EPS": "-", "Diluted EPS": "-", "Basic Average Shares": "-", "Diluted Average Shares": "-", "Total Operating Income as Reported": "-23,931", "Rent Expense Supplemental": "15,130", "Total Expenses": "235,916", "Net Income from Continuing & Discontinued Operation": "-29,450", "Normalized Income": "-30,417", "Interest Income": "60", "Interest Expense": "6,388", "Net Interest Income": "-6,328", "EBIT": "-22,676", "EBITDA": "-11,162", "Reconciled Cost of Revenue": "148,099", "Reconciled Depreciation": "11,514", "Net Income from Continuing Operation Net Minority Interest": "-29,421", "Total Unusual Items Excluding Goodwill": "1,364", "Total Unusual Items": "1,364", "Normalized EBITDA": "-12,526", "Tax Rate for Calcs": "0", "Tax Effect of Unusual Items": "368.28"}, "8/31/2020": {"Duration": "8/31/2020", "Total Revenue": "214,022", "Cost of Revenue": "148,099", "Gross Profit": "65,923", "Operating Expense": "87,817", "Operating Income": "-21,894", "Net Non Operating Interest Income Expense": "-6,328", "Other Income Expense": "-842", "Pretax Income": "-29,064", "Tax Provision": "357", "Net Income Common Stockholders": "-29,450", "Diluted NI Available to Com Stockholders": "-29,450", "Basic EPS": "-", "Diluted EPS": "-", "Basic Average Shares": "-", "Diluted Average Shares": "-", "Total Operating Income as Reported": "-23,931", "Rent Expense Supplemental": "15,130", "Total Expenses": "235,916", "Net Income from Continuing & Discontinued Operation": "-29,450", "Normalized Income": "-30,417", "Interest Income": "60", "Interest Expense": "6,388", "Net Interest Income": "-6,328", "EBIT": "-22,676", "EBITDA": "-", "Reconciled Cost of Revenue": "148,099", "Reconciled Depreciation": "11,514", "Net Income from Continuing Operation Net Minority Interest": "-29,421", "Total Unusual Items Excluding Goodwill": "1,364", "Total Unusual Items": "1,364", "Normalized EBITDA": "-12,526", "Tax Rate for Calcs": "0", "Tax Effect of Unusual Items": "368.28"}, "8/31/2019": {"Duration": "8/31/2019", "Total Revenue": "323,470", "Cost of Revenue": "218,175", "Gross Profit": "105,295", "Operating Expense": "117,252", "Operating Income": "-11,957", "Net Non Operating Interest Income Expense": "-5,947", "Other Income Expense": "3,154", "Pretax Income": "-14,750", "Tax Provision": "469", "Net Income Common Stockholders": "-15,226", "Diluted NI Available to Com Stockholders": "-15,226", "Basic EPS": "-0.51", "Diluted EPS": "-0.51", "Basic Average Shares": "29,786", "Diluted Average Shares": "29,786", "Total Operating Income as Reported": "-8,998", "Rent Expense Supplemental": "18,133", "Total Expenses": "335,427", "Net Income from Continuing & Discontinued Operation": "-15,226", "Normalized Income": "-20,496", "Interest Income": "30", "Interest Expense": "5,977", "Net Interest Income": "-5,947", "EBIT": "-8,773", "EBITDA": "-", "Reconciled Cost of Revenue": "218,175", "Reconciled Depreciation": "13,998", "Net Income from Continuing Operation Net Minority Interest": "-15,219", "Total Unusual Items Excluding Goodwill": "7,229", "Total Unusual Items": "7,229", "Normalized EBITDA": "-2,004", "Tax Rate for Calcs": "0", "Tax Effect of Unusual Items": "1,952"}, "8/31/2018": {"Duration": "8/31/2018", "Total Revenue": "365,196", "Cost of Revenue": "244,405", "Gross Profit": "120,791", "Operating Expense": "139,417", "Operating Income": "-18,626", "Net Non Operating Interest Income Expense": "-3,336", "Other Income Expense": "-3,262", "Pretax Income": "-25,224", "Tax Provision": "7,730", "Net Income Common Stockholders": "-33,568", "Diluted NI Available to Com Stockholders": "-33,568", "Basic EPS": "-1.12", "Diluted EPS": "-1.12", "Basic Average Shares": "29,901", "Diluted Average Shares": "29,901", "Total Operating Income as Reported": "-22,186", "Rent Expense Supplemental": "20,399", "Total Expenses": "383,822", "Net Income from Continuing & Discontinued Operation": "-33,568", "Normalized Income": "-30,355", "Interest Income": "12", "Interest Expense": "3,348", "Net Interest Income": "-3,336", "EBIT": "-21,876", "EBITDA": "-", "Reconciled Cost of Revenue": "244,405", "Reconciled Depreciation": "17,453", "Net Income from Continuing Operation Net Minority Interest": "-32,954", "Total Unusual Items Excluding Goodwill": "-3,560", "Total Unusual Items": "-3,560", "Normalized EBITDA": "-863", "Tax Rate for Calcs": "0", "Tax Effect of Unusual Items": "-961.2"}}, "bs": {"8/31/2020": {"Duration": "8/31/2020", "Total Assets": "177,403", "Total Liabilities Net Minority Interest": "103,804", "Total Equity Gross Minority Interest": "73,599", "Total Capitalization": "127,747", "Common Stock Equity": "73,599", "Capital Lease Obligations": "21,700", "Net Tangible Assets": "58,061", "Working Capital": "888", "Invested Capital": "127,747", "Tangible Book Value": "58,061", "Total Debt": "75,848", "Net Debt": "39,079", "Share Issued": "31,252", "Ordinary Shares Number": "30,752", "Treasury Shares Number": "500"}, "8/31/2019": {"Duration": "8/31/2019", "Total Assets": "186,000", "Total Liabilities Net Minority Interest": "84,970", "Total Equity Gross Minority Interest": "101,030", "Total Capitalization": "146,542", "Common Stock Equity": "101,030", "Capital Lease Obligations": "73", "Net Tangible Assets": "83,735", "Working Capital": "-5,559", "Invested Capital": "146,542", "Tangible Book Value": "83,735", "Total Debt": "45,512", "Net Debt": "41,872", "Share Issued": "30,479", "Ordinary Shares Number": "29,979", "Treasury Shares Number": "500"}, "8/31/2018": {"Duration": "8/31/2018", "Total Assets": "199,989", "Total Liabilities Net Minority Interest": "87,361", "Total Equity Gross Minority Interest": "112,628", "Total Capitalization": "112,765", "Common Stock Equity": "112,628", "Capital Lease Obligations": "137", "Net Tangible Assets": "93,894", "Working Capital": "-61,814", "Invested Capital": "152,103", "Tangible Book Value": "93,894", "Total Debt": "39,475", "Net Debt": "35,753", "Share Issued": "30,004", "Ordinary Shares Number": "29,504", "Treasury Shares Number": "500"}}, "cf": {"TTM": {"Duration": "TTM", "Operating Cash Flow": "-21,597", "Investing Cash Flow": "22,782", "Financing Cash Flow": "7,884", "End Cash Position": "21,825", "Income Tax Paid Supplemental Data": "446", "Interest Paid Supplemental Data": "5,275", "Capital Expenditure": "-2,120", "Issuance of Debt": "19,700", "Repayment of Debt": "-11,816", "Free Cash Flow": "-23,717"}, "8/31/2020": {"Duration": "8/31/2020", "Operating Cash Flow": "-21,597", "Investing Cash Flow": "22,782", "Financing Cash Flow": "7,884", "End Cash Position": "21,825", "Income Tax Paid Supplemental Data": "446", "Interest Paid Supplemental Data": "5,275", "Capital Expenditure": "-2,120", "Issuance of Debt": "19,700", "Repayment of Debt": "-11,816", "Free Cash Flow": "-23,717"}, "8/31/2019": {"Duration": "8/31/2019", "Operating Cash Flow": "-13,130", "Investing Cash Flow": "17,849", "Financing Cash Flow": "4,315", "End Cash Position": "12,756", "Income Tax Paid Supplemental Data": "470", "Interest Paid Supplemental Data": "4,452", "Capital Expenditure": "-3,987", "Issuance of Debt": "100,700", "Repayment of Debt": "-93,107", "Free Cash Flow": "-17,117"}, "8/31/2018": {"Duration": "8/31/2018", "Operating Cash Flow": "-8,453", "Investing Cash Flow": "3,014", "Financing Cash Flow": "8,065", "End Cash Position": "3,722", "Income Tax Paid Supplemental Data": "426", "Interest Paid Supplemental Data": "2,499", "Capital Expenditure": "-13,247", "Issuance of Debt": "147,600", "Repayment of Debt": "-139,079", "Free Cash Flow": "-21,700"}}}}, {"NROM": {"quote": {"05/11/2021": {"value": "0.4001", "Market Cap": "8.888M", "Beta (5Y Monthly)": "1.09", "PE Ratio (TTM)": "N/A", "EPS (TTM)": "-0.2420", "Earnings Date": "Jun 09, 2020", "Forward Dividend & Yield": "N/A (N/A)", "Ex-Dividend Date": "N/A", "1y Target Est": "2.65"}}, "fin": {"TTM": {"Duration": "TTM", "Total Revenue": "10,850", "Cost of Revenue": "6,478", "Gross Profit": "4,372", "Operating Expense": "2,128", "Operating Income": "2,244", "Net Non Operating Interest Income Expense": "-1,785", "Other Income Expense": "-", "Pretax Income": "-841.131", "Tax Provision": "397.736", "Net Income Common Stockholders": "-1,239", "Diluted NI Available to Com Stockholders": "-1,298", "Basic EPS": "-", "Diluted EPS": "-", "Basic Average Shares": "-", "Diluted Average Shares": "-", "Total Operating Income as Reported": "2,244", "Total Expenses": "8,606", "Net Income from Continuing & Discontinued Operation": "-1,239", "Normalized Income": "-1,239", "Interest Expense": "1,785", "Net Interest Income": "-1,785", "EBIT": "943.874", "EBITDA": "2,311", "Reconciled Cost of Revenue": "5,519", "Reconciled Depreciation": "1,367", "Net Income from Continuing Operation Net Minority Interest": "-1,239", "Total Unusual Items Excluding Goodwill": "-", "Total Unusual Items": "-", "Normalized EBITDA": "2,311", "Tax Rate for Calcs": "0", "Tax Effect of Unusual Items": "0"}, "12/31/2019": {"Duration": "12/31/2019", "Total Revenue": "11,705", "Cost of Revenue": "6,969", "Gross Profit": "4,736", "Operating Expense": "2,122", "Operating Income": "2,614", "Net Non Operating Interest Income Expense": "-774.565", "Other Income Expense": "-1,300", "Pretax Income": "539.023", "Tax Provision": "917.088", "Net Income Common Stockholders": "-378.065", "Diluted NI Available to Com Stockholders": "-378.065", "Basic EPS": "-0.02", "Diluted EPS": "-0.02", "Basic Average Shares": "22,053", "Diluted Average Shares": "23,316", "Total Operating Income as Reported": "2,614", "Total Expenses": "9,091", "Net Income from Continuing & Discontinued Operation": "-378.065", "Normalized Income": "-378.065", "Interest Expense": "774.565", "Net Interest Income": "-774.565", "EBIT": "1,314", "EBITDA": "-", "Reconciled Cost of Revenue": "6,882", "Reconciled Depreciation": "469.804", "Net Income from Continuing Operation Net Minority Interest": "-378.065", "Total Unusual Items Excluding Goodwill": "-", "Total Unusual Items": "-", "Normalized EBITDA": "1,783", "Tax Rate for Calcs": "0", "Tax Effect of Unusual Items": "0"}, "12/31/2018": {"Duration": "12/31/2018", "Total Revenue": "12,448", "Cost of Revenue": "6,051", "Gross Profit": "6,397", "Operating Expense": "3,740", "Operating Income": "2,657", "Net Non Operating Interest Income Expense": "-655.203", "Other Income Expense": "-4,096", "Pretax Income": "-2,094", "Tax Provision": "930.397", "Net Income Common Stockholders": "-3,062", "Diluted NI Available to Com Stockholders": "-3,062", "Basic EPS": "-0.14", "Diluted EPS": "-0.14", "Basic Average Shares": "21,250", "Diluted Average Shares": "26,094", "Total Operating Income as Reported": "2,657", "Total Expenses": "9,791", "Net Income from Continuing & Discontinued Operation": "-3,062", "Normalized Income": "-3,024", "Interest Expense": "655.203", "Net Interest Income": "-655.203", "EBIT": "-1,439", "EBITDA": "-", "Reconciled Cost of Revenue": "5,933", "Reconciled Depreciation": "558.277", "Net Income from Continuing Operation Net Minority Interest": "-3,024", "Total Unusual Items Excluding Goodwill": "0", "Total Unusual Items": "0", "Normalized EBITDA": "-880.532", "Tax Rate for Calcs": "0", "Tax Effect of Unusual Items": "0"}}, "bs": {"12/31/2019": {"Duration": "12/31/2019", "Total Assets": "19,105", "Total Liabilities Net Minority Interest": "11,271", "Total Equity Gross Minority Interest": "7,834", "Total Capitalization": "12,334", "Common Stock Equity": "7,834", "Capital Lease Obligations": "4,350", "Net Tangible Assets": "7,555", "Working Capital": "925.599", "Invested Capital": "13,206", "Tangible Book Value": "7,555", "Total Debt": "9,722", "Net Debt": "5,154", "Share Issued": "22,216", "Ordinary Shares Number": "22,216"}, "12/31/2018": {"Duration": "12/31/2018", "Total Assets": "15,677", "Total Liabilities Net Minority Interest": "7,532", "Total Equity Gross Minority Interest": "8,145", "Total Capitalization": "13,583", "Common Stock Equity": "8,145", "Capital Lease Obligations": "-", "Net Tangible Assets": "7,867", "Working Capital": "1,906", "Invested Capital": "14,455", "Tangible Book Value": "7,867", "Total Debt": "6,309", "Net Debt": "6,233", "Share Issued": "21,583", "Ordinary Shares Number": "21,583"}}, "cf": {"TTM": {"Duration": "TTM", "Operating Cash Flow": "1,230", "Investing Cash Flow": "-969.509", "Financing Cash Flow": "1,110", "Cash Flow from Discontinued Operation": "-", "End Cash Position": "1,645", "Capital Expenditure": "-969.509", "Issuance of Debt": "-", "Repayment of Debt": "-4,658", "Free Cash Flow": "260.893"}, "12/31/2019": {"Duration": "12/31/2019", "Operating Cash Flow": "1,508", "Investing Cash Flow": "-289.351", "Financing Cash Flow": "-1,077", "Cash Flow from Discontinued Operation": "0", "End Cash Position": "218.132", "Capital Expenditure": "-289.351", "Issuance of Debt": "-", "Repayment of Debt": "-1,077", "Free Cash Flow": "1,219"}, "12/31/2018": {"Duration": "12/31/2018", "Operating Cash Flow": "1,481", "Investing Cash Flow": "-1,161", "Financing Cash Flow": "-654.565", "Cash Flow from Discontinued Operation": "-50", "End Cash Position": "76.194", "Capital Expenditure": "-1,161", "Issuance of Debt": "0", "Repayment of Debt": "-812.292", "Free Cash Flow": "319.691"}}}}, {"DAVE": {"fin": {}, "bs": {}, "cf": {}}}, {"DNKN": {"fin": {}, "bs": {}, "cf": {}}}, {"DFRG": {"fin": {}, "bs": {}, "cf": {}}}, {"SAUC": {"fin": {}, "bs": {}, "cf": {}}}, {"KONA": {"fin": {}, "bs": {}, "cf": {}}}, {"HABT": {"fin": {}, "bs": {}, "cf": {}}}, {"YBIN": {"fin": {}, "bs": {}, "cf": {}}}]