[{"ESCA": {"quote": {"05/11/2021": {"value": "23.04", "Market Cap": "320.341M", "Beta (5Y Monthly)": "1.39", "PE Ratio (TTM)": "11.13", "EPS (TTM)": "2.07", "Earnings Date": "Feb 18, 2021", "Forward Dividend & Yield": "0.56 (2.46%)", "Ex-Dividend Date": "May 28, 2021", "1y Target Est": "28.00"}}, "fin": {"TTM": {"Duration": "TTM", "Total Revenue": "295,551", "Cost of Revenue": "213,505", "Gross Profit": "82,046", "Operating Expense": "44,309", "Operating Income": "37,737", "Net Non Operating Interest Income Expense": "-440", "Other Income Expense": "129", "Pretax Income": "37,426", "Tax Provision": "8,001", "Net Income Common Stockholders": "29,425", "Diluted NI Available to Com Stockholders": "29,425", "Basic EPS": "-", "Diluted EPS": "-", "Basic Average Shares": "-", "Diluted Average Shares": "-", "Total Operating Income as Reported": "37,737", "Total Expenses": "257,814", "Net Income from Continuing & Discontinued Operation": "29,425", "Normalized Income": "29,425", "Interest Expense": "440", "Net Interest Income": "-440", "EBIT": "37,866", "EBITDA": "42,088", "Reconciled Cost of Revenue": "210,858", "Reconciled Depreciation": "4,222", "Net Income from Continuing Operation Net Minority Interest": "29,425", "Total Unusual Items Excluding Goodwill": "0", "Total Unusual Items": "0", "Normalized EBITDA": "42,088", "Tax Rate for Calcs": "0", "Tax Effect of Unusual Items": "0"}, "12/31/2020": {"Duration": "12/31/2020", "Total Revenue": "273,649", "Cost of Revenue": "198,822", "Gross Profit": "74,827", "Operating Expense": "41,795", "Operating Income": "33,032", "Net Non Operating Interest Income Expense": "-250", "Other Income Expense": "140", "Pretax Income": "32,922", "Tax Provision": "6,988", "Net Income Common Stockholders": "25,934", "Diluted NI Available to Com Stockholders": "25,934", "Basic EPS": "1.84", "Diluted EPS": "1.82", "Basic Average Shares": "14,095", "Diluted Average Shares": "14,249", "Total Operating Income as Reported": "33,032", "Total Expenses": "240,617", "Net Income from Continuing & Discontinued Operation": "25,934", "Normalized Income": "25,934", "Interest Expense": "250", "Net Interest Income": "-250", "EBIT": "33,172", "EBITDA": "-", "Reconciled Cost of Revenue": "196,286", "Reconciled Depreciation": "4,016", "Net Income from Continuing Operation Net Minority Interest": "25,934", "Total Unusual Items Excluding Goodwill": "0", "Total Unusual Items": "0", "Normalized EBITDA": "37,188", "Tax Rate for Calcs": "0", "Tax Effect of Unusual Items": "0"}, "12/31/2019": {"Duration": "12/31/2019", "Total Revenue": "180,541", "Cost of Revenue": "138,181", "Gross Profit": "42,360", "Operating Expense": "33,085", "Operating Income": "9,275", "Net Non Operating Interest Income Expense": "-356", "Other Income Expense": "15", "Pretax Income": "8,934", "Tax Provision": "1,676", "Net Income Common Stockholders": "7,258", "Diluted NI Available to Com Stockholders": "7,258", "Basic EPS": "0.50", "Diluted EPS": "0.50", "Basic Average Shares": "14,516", "Diluted Average Shares": "14,516", "Total Operating Income as Reported": "9,275", "Total Expenses": "171,266", "Net Income from Continuing & Discontinued Operation": "7,258", "Normalized Income": "7,258", "Interest Expense": "356", "Net Interest Income": "-356", "EBIT": "9,290", "EBITDA": "-", "Reconciled Cost of Revenue": "135,619", "Reconciled Depreciation": "4,031", "Net Income from Continuing Operation Net Minority Interest": "7,258", "Total Unusual Items Excluding Goodwill": "-", "Total Unusual Items": "-", "Normalized EBITDA": "13,321", "Tax Rate for Calcs": "0", "Tax Effect of Unusual Items": "0"}, "12/31/2018": {"Duration": "12/31/2018", "Total Revenue": "175,780", "Cost of Revenue": "130,750", "Gross Profit": "45,030", "Operating Expense": "31,213", "Operating Income": "13,817", "Net Non Operating Interest Income Expense": "-427", "Other Income Expense": "13,052", "Pretax Income": "26,442", "Tax Provision": "6,000", "Net Income Common Stockholders": "20,442", "Diluted NI Available to Com Stockholders": "20,442", "Basic EPS": "1.42", "Diluted EPS": "1.41", "Basic Average Shares": "14,396", "Diluted Average Shares": "14,498", "Total Operating Income as Reported": "13,817", "Total Expenses": "161,963", "Net Income from Continuing & Discontinued Operation": "20,442", "Normalized Income": "10,378", "Interest Expense": "427", "Net Interest Income": "-427", "EBIT": "26,869", "EBITDA": "-", "Reconciled Cost of Revenue": "128,299", "Reconciled Depreciation": "3,857", "Net Income from Continuing Operation Net Minority Interest": "20,442", "Total Unusual Items Excluding Goodwill": "13,020", "Total Unusual Items": "13,020", "Normalized EBITDA": "17,706", "Tax Rate for Calcs": "0", "Tax Effect of Unusual Items": "2,956"}}, "bs": {"12/31/2020": {"Duration": "12/31/2020", "Total Assets": "220,705", "Total Liabilities Net Minority Interest": "81,549", "Total Equity Gross Minority Interest": "139,156", "Total Capitalization": "169,229", "Common Stock Equity": "139,156", "Capital Lease Obligations": "1,617", "Net Tangible Assets": "83,816", "Working Capital": "99,326", "Invested Capital": "169,229", "Tangible Book Value": "83,816", "Total Debt": "31,690", "Net Debt": "26,568", "Share Issued": "13,919", "Ordinary Shares Number": "13,919"}, "12/31/2019": {"Duration": "12/31/2019", "Total Assets": "148,779", "Total Liabilities Net Minority Interest": "22,609", "Total Equity Gross Minority Interest": "126,170", "Total Capitalization": "126,170", "Common Stock Equity": "126,170", "Capital Lease Obligations": "1,096", "Net Tangible Assets": "80,574", "Working Capital": "68,705", "Invested Capital": "126,305", "Tangible Book Value": "80,574", "Total Debt": "1,231", "Net Debt": "-", "Share Issued": "14,215", "Ordinary Shares Number": "14,215"}, "12/31/2018": {"Duration": "12/31/2018", "Total Assets": "149,527", "Total Liabilities Net Minority Interest": "21,206", "Total Equity Gross Minority Interest": "128,321", "Total Capitalization": "128,321", "Common Stock Equity": "128,321", "Capital Lease Obligations": "-", "Net Tangible Assets": "82,155", "Working Capital": "71,160", "Invested Capital": "128,321", "Tangible Book Value": "82,155", "Total Debt": "-", "Net Debt": "-", "Share Issued": "14,439", "Ordinary Shares Number": "14,439"}}, "cf": {"TTM": {"Duration": "TTM", "Operating Cash Flow": "-11,468", "Investing Cash Flow": "-21,955", "Financing Cash Flow": "33,135", "End Cash Position": "5,879", "Income Tax Paid Supplemental Data": "-", "Interest Paid Supplemental Data": "-", "Capital Expenditure": "-6,555", "Issuance of Debt": "132,437", "Repayment of Debt": "-85,530", "Repurchase of Capital Stock": "-6,416", "Free Cash Flow": "-18,023"}, "12/31/2020": {"Duration": "12/31/2020", "Operating Cash Flow": "2,633", "Investing Cash Flow": "-21,032", "Financing Cash Flow": "16,022", "End Cash Position": "3,505", "Income Tax Paid Supplemental Data": "6,205", "Interest Paid Supplemental Data": "205", "Capital Expenditure": "-5,455", "Issuance of Debt": "84,044", "Repayment of Debt": "-53,971", "Repurchase of Capital Stock": "-6,739", "Free Cash Flow": "-2,822"}, "12/31/2019": {"Duration": "12/31/2019", "Operating Cash Flow": "16,038", "Investing Cash Flow": "-2,946", "Financing Cash Flow": "-10,034", "End Cash Position": "5,882", "Income Tax Paid Supplemental Data": "1,383", "Interest Paid Supplemental Data": "346", "Capital Expenditure": "-2,185", "Issuance of Debt": "77,502", "Repayment of Debt": "-77,502", "Repurchase of Capital Stock": "-2,938", "Free Cash Flow": "13,853"}, "12/31/2018": {"Duration": "12/31/2018", "Operating Cash Flow": "6,506", "Investing Cash Flow": "24,872", "Financing Cash Flow": "-30,126", "End Cash Position": "2,824", "Income Tax Paid Supplemental Data": "4,844", "Interest Paid Supplemental Data": "423", "Capital Expenditure": "-2,818", "Issuance of Debt": "28,024", "Repayment of Debt": "-51,145", "Repurchase of Capital Stock": "-10", "Free Cash Flow": "3,688"}}}}, {"SPWH": {"quote": {"05/11/2021": {"value": "17.67", "Market Cap": "772.527M", "Beta (5Y Monthly)": "1.11", "PE Ratio (TTM)": "8.58", "EPS (TTM)": "2.06", "Earnings Date": "Mar 31, 2021", "Forward Dividend & Yield": "N/A (N/A)", "Ex-Dividend Date": "N/A", "1y Target Est": "17.80"}}, "fin": {"TTM": {"Duration": "TTM", "Total Revenue": "1,451,767", "Cost of Revenue": "975,313", "Gross Profit": "476,454", "Operating Expense": "353,706", "Operating Income": "122,748", "Net Non Operating Interest Income Expense": "-3,506", "Other Income Expense": "2,218", "Pretax Income": "121,460", "Tax Provision": "30,080", "Net Income Common Stockholders": "91,380", "Diluted NI Available to Com Stockholders": "91,380", "Basic EPS": "-", "Diluted EPS": "-", "Basic Average Shares": "-", "Diluted Average Shares": "-", "Total Operating Income as Reported": "122,748", "Total Expenses": "1,329,019", "Net Income from Continuing & Discontinued Operation": "91,380", "Normalized Income": "89,712", "Interest Expense": "3,506", "Net Interest Income": "-3,506", "EBIT": "124,966", "EBITDA": "146,795", "Reconciled Cost of Revenue": "975,313", "Reconciled Depreciation": "21,829", "Net Income from Continuing Operation Net Minority Interest": "91,380", "Total Unusual Items Excluding Goodwill": "2,218", "Total Unusual Items": "2,218", "Normalized EBITDA": "144,577", "Tax Rate for Calcs": "0", "Tax Effect of Unusual Items": "550.064"}, "1/31/2021": {"Duration": "1/31/2021", "Total Revenue": "1,451,767", "Cost of Revenue": "975,313", "Gross Profit": "476,454", "Operating Expense": "353,706", "Operating Income": "122,748", "Net Non Operating Interest Income Expense": "-3,506", "Other Income Expense": "2,218", "Pretax Income": "121,460", "Tax Provision": "30,080", "Net Income Common Stockholders": "91,380", "Diluted NI Available to Com Stockholders": "91,380", "Basic EPS": "-", "Diluted EPS": "-", "Basic Average Shares": "-", "Diluted Average Shares": "-", "Total Operating Income as Reported": "122,748", "Total Expenses": "1,329,019", "Net Income from Continuing & Discontinued Operation": "91,380", "Normalized Income": "89,712", "Interest Expense": "3,506", "Net Interest Income": "-3,506", "EBIT": "124,966", "EBITDA": "-", "Reconciled Cost of Revenue": "975,313", "Reconciled Depreciation": "21,829", "Net Income from Continuing Operation Net Minority Interest": "91,380", "Total Unusual Items Excluding Goodwill": "2,218", "Total Unusual Items": "2,218", "Normalized EBITDA": "144,577", "Tax Rate for Calcs": "0", "Tax Effect of Unusual Items": "550.064"}, "1/31/2020": {"Duration": "1/31/2020", "Total Revenue": "886,401", "Cost of Revenue": "589,768", "Gross Profit": "296,633", "Operating Expense": "263,169", "Operating Income": "33,464", "Net Non Operating Interest Income Expense": "-7,995", "Other Income Expense": "-", "Pretax Income": "25,469", "Tax Provision": "5,254", "Net Income Common Stockholders": "20,215", "Diluted NI Available to Com Stockholders": "20,215", "Basic EPS": "0.47", "Diluted EPS": "0.46", "Basic Average Shares": "43,166", "Diluted Average Shares": "43,588", "Total Operating Income as Reported": "33,464", "Total Expenses": "852,937", "Net Income from Continuing & Discontinued Operation": "20,215", "Normalized Income": "20,215", "Interest Expense": "7,995", "Net Interest Income": "-7,995", "EBIT": "33,464", "EBITDA": "-", "Reconciled Cost of Revenue": "589,768", "Reconciled Depreciation": "19,320", "Net Income from Continuing Operation Net Minority Interest": "20,215", "Total Unusual Items Excluding Goodwill": "-", "Total Unusual Items": "-", "Normalized EBITDA": "52,784", "Tax Rate for Calcs": "0", "Tax Effect of Unusual Items": "0"}, "1/31/2019": {"Duration": "1/31/2019", "Total Revenue": "849,129", "Cost of Revenue": "564,199", "Gross Profit": "284,930", "Operating Expense": "240,911", "Operating Income": "44,019", "Net Non Operating Interest Income Expense": "-13,206", "Other Income Expense": "-", "Pretax Income": "30,813", "Tax Provision": "7,063", "Net Income Common Stockholders": "23,750", "Diluted NI Available to Com Stockholders": "23,750", "Basic EPS": "0.55", "Diluted EPS": "0.55", "Basic Average Shares": "42,878", "Diluted Average Shares": "42,979", "Total Operating Income as Reported": "44,019", "Total Expenses": "805,110", "Net Income from Continuing & Discontinued Operation": "23,750", "Normalized Income": "23,750", "Interest Expense": "13,206", "Net Interest Income": "-13,206", "EBIT": "44,019", "EBITDA": "-", "Reconciled Cost of Revenue": "564,199", "Reconciled Depreciation": "18,250", "Net Income from Continuing Operation Net Minority Interest": "23,750", "Total Unusual Items Excluding Goodwill": "-", "Total Unusual Items": "-", "Normalized EBITDA": "62,269", "Tax Rate for Calcs": "0", "Tax Effect of Unusual Items": "0"}}, "bs": {"1/31/2021": {"Duration": "1/31/2021", "Total Assets": "660,818", "Total Liabilities Net Minority Interest": "456,158", "Total Equity Gross Minority Interest": "204,660", "Total Capitalization": "204,660", "Common Stock Equity": "204,660", "Capital Lease Obligations": "264,310", "Net Tangible Assets": "202,875", "Working Capital": "97,225", "Invested Capital": "218,105", "Tangible Book Value": "202,875", "Total Debt": "277,755", "Net Debt": "-", "Share Issued": "43,623", "Ordinary Shares Number": "43,623"}, "1/31/2020": {"Duration": "1/31/2020", "Total Assets": "616,641", "Total Liabilities Net Minority Interest": "506,373", "Total Equity Gross Minority Interest": "110,268", "Total Capitalization": "134,049", "Common Stock Equity": "110,268", "Capital Lease Obligations": "251,741", "Net Tangible Assets": "108,552", "Working Capital": "26,862", "Invested Capital": "271,890", "Tangible Book Value": "108,552", "Total Debt": "413,363", "Net Debt": "159,937", "Share Issued": "43,296", "Ordinary Shares Number": "43,296"}, "1/31/2019": {"Duration": "1/31/2019", "Total Assets": "388,897", "Total Liabilities Net Minority Interest": "310,237", "Total Equity Gross Minority Interest": "78,660", "Total Capitalization": "106,377", "Common Stock Equity": "78,660", "Capital Lease Obligations": "-", "Net Tangible Assets": "78,414", "Working Capital": "52,904", "Invested Capital": "268,895", "Tangible Book Value": "78,414", "Total Debt": "190,235", "Net Debt": "188,688", "Share Issued": "42,978", "Ordinary Shares Number": "42,978"}}, "cf": {"TTM": {"Duration": "TTM", "Operating Cash Flow": "238,816", "Investing Cash Flow": "-26,227", "Financing Cash Flow": "-148,749", "End Cash Position": "65,525", "Income Tax Paid Supplemental Data": "25,304", "Interest Paid Supplemental Data": "3,506", "Capital Expenditure": "-19,754", "Issuance of Capital Stock": "-", "Issuance of Debt": "0", "Repayment of Debt": "-148,459", "Repurchase of Capital Stock": "-870", "Free Cash Flow": "219,062"}, "1/31/2021": {"Duration": "1/31/2021", "Operating Cash Flow": "238,816", "Investing Cash Flow": "-26,227", "Financing Cash Flow": "-148,749", "End Cash Position": "65,525", "Income Tax Paid Supplemental Data": "25,304", "Interest Paid Supplemental Data": "3,506", "Capital Expenditure": "-19,754", "Issuance of Capital Stock": "-", "Issuance of Debt": "0", "Repayment of Debt": "-148,459", "Repurchase of Capital Stock": "-870", "Free Cash Flow": "219,062"}, "1/31/2020": {"Duration": "1/31/2020", "Operating Cash Flow": "77,866", "Investing Cash Flow": "-49,064", "Financing Cash Flow": "-28,664", "End Cash Position": "1,685", "Income Tax Paid Supplemental Data": "7,292", "Interest Paid Supplemental Data": "7,945", "Capital Expenditure": "-30,372", "Issuance of Capital Stock": "403", "Issuance of Debt": "5,530", "Repayment of Debt": "-34,228", "Repurchase of Capital Stock": "-369", "Free Cash Flow": "47,494"}, "1/31/2019": {"Duration": "1/31/2019", "Operating Cash Flow": "32,173", "Investing Cash Flow": "-16,252", "Financing Cash Flow": "-16,143", "End Cash Position": "1,547", "Income Tax Paid Supplemental Data": "7,094", "Interest Paid Supplemental Data": "13,240", "Capital Expenditure": "-18,195", "Issuance of Capital Stock": "351", "Issuance of Debt": "40,000", "Repayment of Debt": "-139,127", "Repurchase of Capital Stock": "-703", "Free Cash Flow": "13,978"}}}}, {"JOUT": {"quote": {"05/11/2021": {"value": "131.41", "Market Cap": "1.35B", "Beta (5Y Monthly)": "0.93", "PE Ratio (TTM)": "17.50", "EPS (TTM)": "7.51", "Earnings Date": "Jul 29, 2021 - Aug 02, 2021", "Forward Dividend & Yield": "0.84 (0.64%)", "Ex-Dividend Date": "Apr 14, 2021", "1y Target Est": "180.00"}}, "fin": {"TTM": {"Duration": "TTM", "Total Revenue": "674,894", "Cost of Revenue": "370,361", "Gross Profit": "304,533", "Operating Expense": "212,465", "Operating Income": "92,068", "Net Non Operating Interest Income Expense": "296", "Other Income Expense": "7,693", "Pretax Income": "100,057", "Tax Provision": "23,960", "Net Income Common Stockholders": "76,097", "Average Dilution Earnings": "-", "Diluted NI Available to Com Stockholders": "75,877", "Basic EPS": "-", "Diluted EPS": "-", "Basic Average Shares": "-", "Diluted Average Shares": "-", "Total Operating Income as Reported": "92,068", "Total Expenses": "582,826", "Net Income from Continuing & Discontinued Operation": "76,097", "Normalized Income": "76,097", "Interest Income": "436", "Interest Expense": "140", "Net Interest Income": "296", "EBIT": "100,197", "EBITDA": "115,078", "Reconciled Cost of Revenue": "370,361", "Reconciled Depreciation": "14,881", "Net Income from Continuing Operation Net Minority Interest": "76,097", "Total Unusual Items Excluding Goodwill": "-", "Total Unusual Items": "-", "Normalized EBITDA": "115,078", "Tax Rate for Calcs": "0", "Tax Effect of Unusual Items": "0"}, "9/30/2020": {"Duration": "9/30/2020", "Total Revenue": "594,209", "Cost of Revenue": "329,216", "Gross Profit": "264,993", "Operating Expense": "193,923", "Operating Income": "71,070", "Net Non Operating Interest Income Expense": "1,270", "Other Income Expense": "1,362", "Pretax Income": "73,702", "Tax Provision": "18,469", "Net Income Common Stockholders": "55,233", "Average Dilution Earnings": "-220", "Diluted NI Available to Com Stockholders": "55,013", "Basic EPS": "5.48", "Diluted EPS": "5.47", "Basic Average Shares": "10,085", "Diluted Average Shares": "10,085", "Total Operating Income as Reported": "71,070", "Total Expenses": "523,139", "Net Income from Continuing & Discontinued Operation": "55,233", "Normalized Income": "55,233", "Interest Income": "1,413", "Interest Expense": "143", "Net Interest Income": "1,270", "EBIT": "73,845", "EBITDA": "-", "Reconciled Cost of Revenue": "329,216", "Reconciled Depreciation": "14,926", "Net Income from Continuing Operation Net Minority Interest": "55,233", "Total Unusual Items Excluding Goodwill": "-", "Total Unusual Items": "-", "Normalized EBITDA": "88,771", "Tax Rate for Calcs": "0", "Tax Effect of Unusual Items": "0"}, "9/30/2019": {"Duration": "9/30/2019", "Total Revenue": "562,419", "Cost of Revenue": "312,663", "Gross Profit": "249,756", "Operating Expense": "185,982", "Operating Income": "63,774", "Net Non Operating Interest Income Expense": "1,937", "Other Income Expense": "796", "Pretax Income": "66,507", "Tax Provision": "15,094", "Net Income Common Stockholders": "51,413", "Average Dilution Earnings": "-226", "Diluted NI Available to Com Stockholders": "51,187", "Basic EPS": "5.13", "Diluted EPS": "5.11", "Basic Average Shares": "10,017", "Diluted Average Shares": "10,021", "Total Operating Income as Reported": "63,774", "Total Expenses": "498,645", "Net Income from Continuing & Discontinued Operation": "51,413", "Normalized Income": "51,413", "Interest Income": "2,109", "Interest Expense": "172", "Net Interest Income": "1,937", "EBIT": "66,679", "EBITDA": "-", "Reconciled Cost of Revenue": "312,663", "Reconciled Depreciation": "13,964", "Net Income from Continuing Operation Net Minority Interest": "51,413", "Total Unusual Items Excluding Goodwill": "-", "Total Unusual Items": "-", "Normalized EBITDA": "80,643", "Tax Rate for Calcs": "0", "Tax Effect of Unusual Items": "0"}, "9/30/2018": {"Duration": "9/30/2018", "Total Revenue": "544,268", "Cost of Revenue": "302,408", "Gross Profit": "241,860", "Operating Expense": "178,839", "Operating Income": "63,021", "Net Non Operating Interest Income Expense": "963", "Other Income Expense": "4,122", "Pretax Income": "68,106", "Tax Provision": "27,437", "Net Income Common Stockholders": "40,669", "Average Dilution Earnings": "-224", "Diluted NI Available to Com Stockholders": "40,445", "Basic EPS": "4.07", "Diluted EPS": "4.07", "Basic Average Shares": "9,999", "Diluted Average Shares": "9,999", "Total Operating Income as Reported": "63,021", "Total Expenses": "481,247", "Net Income from Continuing & Discontinued Operation": "40,669", "Normalized Income": "40,669", "Interest Income": "1,166", "Interest Expense": "203", "Net Interest Income": "963", "EBIT": "68,309", "EBITDA": "-", "Reconciled Cost of Revenue": "302,408", "Reconciled Depreciation": "13,105", "Net Income from Continuing Operation Net Minority Interest": "40,669", "Total Unusual Items Excluding Goodwill": "0", "Total Unusual Items": "0", "Normalized EBITDA": "81,414", "Tax Rate for Calcs": "0", "Tax Effect of Unusual Items": "0"}}, "bs": {"9/30/2020": {"Duration": "9/30/2020", "Total Assets": "546,026", "Total Liabilities Net Minority Interest": "167,926", "Total Equity Gross Minority Interest": "378,100", "Total Capitalization": "378,100", "Common Stock Equity": "378,100", "Capital Lease Obligations": "41,518", "Net Tangible Assets": "357,864", "Working Capital": "282,931", "Invested Capital": "378,100", "Tangible Book Value": "357,864", "Total Debt": "41,518", "Share Issued": "10,121", "Ordinary Shares Number": "10,085", "Treasury Shares Number": "36.316"}, "9/30/2019": {"Duration": "9/30/2019", "Total Assets": "436,444", "Total Liabilities Net Minority Interest": "111,910", "Total Equity Gross Minority Interest": "324,534", "Total Capitalization": "324,534", "Common Stock Equity": "324,534", "Capital Lease Obligations": "-", "Net Tangible Assets": "301,974", "Working Capital": "234,662", "Invested Capital": "324,534", "Tangible Book Value": "301,974", "Total Debt": "-", "Share Issued": "10,046", "Ordinary Shares Number": "10,017", "Treasury Shares Number": "29.225"}, "9/30/2018": {"Duration": "9/30/2018", "Total Assets": "395,936", "Total Liabilities Net Minority Interest": "116,739", "Total Equity Gross Minority Interest": "279,197", "Total Capitalization": "279,197", "Common Stock Equity": "279,197", "Capital Lease Obligations": "-", "Net Tangible Assets": "255,657", "Working Capital": "192,910", "Invested Capital": "279,197", "Tangible Book Value": "255,657", "Total Debt": "-", "Share Issued": "10,067", "Ordinary Shares Number": "9,999", "Treasury Shares Number": "67.655"}}, "cf": {"TTM": {"Duration": "TTM", "Operating Cash Flow": "78,529", "Investing Cash Flow": "-17,647", "Financing Cash Flow": "-7,955", "End Cash Position": "184,183", "Income Tax Paid Supplemental Data": "24,538", "Interest Paid Supplemental Data": "140", "Capital Expenditure": "-17,656", "Issuance of Capital Stock": "0", "Repayment of Debt": "-", "Repurchase of Capital Stock": "-495", "Free Cash Flow": "60,873"}, "9/30/2020": {"Duration": "9/30/2020", "Operating Cash Flow": "61,493", "Investing Cash Flow": "-15,587", "Financing Cash Flow": "-7,107", "End Cash Position": "212,437", "Income Tax Paid Supplemental Data": "19,240", "Interest Paid Supplemental Data": "112", "Capital Expenditure": "-15,600", "Issuance of Capital Stock": "126", "Repayment of Debt": "-", "Repurchase of Capital Stock": "-460", "Free Cash Flow": "45,893"}, "9/30/2019": {"Duration": "9/30/2019", "Operating Cash Flow": "45,844", "Investing Cash Flow": "11,989", "Financing Cash Flow": "-6,186", "End Cash Position": "172,382", "Income Tax Paid Supplemental Data": "16,746", "Interest Paid Supplemental Data": "144", "Capital Expenditure": "-16,786", "Issuance of Capital Stock": "79", "Repayment of Debt": "0", "Repurchase of Capital Stock": "-708", "Free Cash Flow": "29,058"}, "9/30/2018": {"Duration": "9/30/2018", "Operating Cash Flow": "63,358", "Investing Cash Flow": "48", "Financing Cash Flow": "-4,935", "End Cash Position": "121,877", "Income Tax Paid Supplemental Data": "14,422", "Interest Paid Supplemental Data": "143", "Capital Expenditure": "-19,152", "Issuance of Capital Stock": "153", "Repayment of Debt": "0", "Repurchase of Capital Stock": "-675", "Free Cash Flow": "44,206"}}}}, {"NLS": {"quote": {"05/11/2021": {"value": "17.45", "Market Cap": "533.556M", "Beta (5Y Monthly)": "N/A", "PE Ratio (TTM)": "6.48", "EPS (TTM)": "2.69", "Earnings Date": "Aug 09, 2021 - Aug 13, 2021", "Forward Dividend & Yield": "N/A (N/A)", "Ex-Dividend Date": "Aug 16, 2007", "1y Target Est": "30.25"}}, "fin": {"TTM": {"Duration": "TTM", "Total Revenue": "552,560", "Cost of Revenue": "323,758", "Gross Profit": "228,802", "Operating Expense": "130,325", "Operating Income": "98,477", "Net Non Operating Interest Income Expense": "-1,487", "Other Income Expense": "-24,255", "Pretax Income": "72,735", "Tax Provision": "12,198", "Net Income Common Stockholders": "59,848", "Diluted NI Available to Com Stockholders": "59,848", "Basic EPS": "-", "Diluted EPS": "-", "Basic Average Shares": "-", "Diluted Average Shares": "-", "Total Operating Income as Reported": "77,809", "Total Expenses": "454,083", "Net Income from Continuing & Discontinued Operation": "59,848", "Normalized Income": "77,733", "Interest Income": "11", "Interest Expense": "1,498", "Net Interest Income": "-1,487", "EBIT": "74,233", "EBITDA": "83,681", "Reconciled Cost of Revenue": "323,758", "Reconciled Depreciation": "9,448", "Net Income from Continuing Operation Net Minority Interest": "60,537", "Total Unusual Items Excluding Goodwill": "-20,668", "Total Unusual Items": "-20,668", "Normalized EBITDA": "104,349", "Tax Rate for Calcs": "0", "Tax Effect of Unusual Items": "-3,472"}, "12/31/2020": {"Duration": "12/31/2020", "Total Revenue": "552,560", "Cost of Revenue": "323,758", "Gross Profit": "228,802", "Operating Expense": "130,325", "Operating Income": "98,477", "Net Non Operating Interest Income Expense": "-1,487", "Other Income Expense": "-24,255", "Pretax Income": "72,735", "Tax Provision": "12,198", "Net Income Common Stockholders": "59,848", "Diluted NI Available to Com Stockholders": "59,848", "Basic EPS": "-", "Diluted EPS": "-", "Basic Average Shares": "-", "Diluted Average Shares": "-", "Total Operating Income as Reported": "77,809", "Total Expenses": "454,083", "Net Income from Continuing & Discontinued Operation": "59,848", "Normalized Income": "77,733", "Interest Income": "11", "Interest Expense": "1,498", "Net Interest Income": "-1,487", "EBIT": "74,233", "EBITDA": "-", "Reconciled Cost of Revenue": "323,758", "Reconciled Depreciation": "9,448", "Net Income from Continuing Operation Net Minority Interest": "60,537", "Total Unusual Items Excluding Goodwill": "-20,668", "Total Unusual Items": "-20,668", "Normalized EBITDA": "104,349", "Tax Rate for Calcs": "0", "Tax Effect of Unusual Items": "-3,472"}, "12/31/2019": {"Duration": "12/31/2019", "Total Revenue": "309,285", "Cost of Revenue": "198,702", "Gross Profit": "110,583", "Operating Expense": "139,119", "Operating Income": "-28,536", "Net Non Operating Interest Income Expense": "-818", "Other Income Expense": "-72,478", "Pretax Income": "-101,832", "Tax Provision": "-9,537", "Net Income Common Stockholders": "-92,800", "Diluted NI Available to Com Stockholders": "-92,800", "Basic EPS": "-3.13", "Diluted EPS": "-3.13", "Basic Average Shares": "29,684", "Diluted Average Shares": "29,684", "Total Operating Income as Reported": "-100,544", "Total Expenses": "337,821", "Net Income from Continuing & Discontinued Operation": "-92,800", "Normalized Income": "-27,056", "Interest Income": "162", "Interest Expense": "980", "Net Interest Income": "-818", "EBIT": "-100,852", "EBITDA": "-", "Reconciled Cost of Revenue": "198,702", "Reconciled Depreciation": "10,811", "Net Income from Continuing Operation Net Minority Interest": "-92,295", "Total Unusual Items Excluding Goodwill": "-72,008", "Total Unusual Items": "-72,008", "Normalized EBITDA": "-18,033", "Tax Rate for Calcs": "0", "Tax Effect of Unusual Items": "-6,769"}, "12/31/2018": {"Duration": "12/31/2018", "Total Revenue": "396,753", "Cost of Revenue": "215,013", "Gross Profit": "181,740", "Operating Expense": "160,971", "Operating Income": "20,769", "Net Non Operating Interest Income Expense": "-7", "Other Income Expense": "239", "Pretax Income": "21,001", "Tax Provision": "5,891", "Net Income Common Stockholders": "14,658", "Diluted NI Available to Com Stockholders": "14,658", "Basic EPS": "0.49", "Diluted EPS": "0.48", "Basic Average Shares": "30,099", "Diluted Average Shares": "30,355", "Total Operating Income as Reported": "20,769", "Total Expenses": "375,984", "Net Income from Continuing & Discontinued Operation": "14,658", "Normalized Income": "15,110", "Interest Income": "1,044", "Interest Expense": "1,051", "Net Interest Income": "-7", "EBIT": "22,052", "EBITDA": "-", "Reconciled Cost of Revenue": "215,013", "Reconciled Depreciation": "8,942", "Net Income from Continuing Operation Net Minority Interest": "15,110", "Total Unusual Items Excluding Goodwill": "0", "Total Unusual Items": "0", "Normalized EBITDA": "30,994", "Tax Rate for Calcs": "0", "Tax Effect of Unusual Items": "0"}}, "bs": {"12/31/2020": {"Duration": "12/31/2020", "Total Assets": "318,117", "Total Liabilities Net Minority Interest": "164,922", "Total Equity Gross Minority Interest": "153,195", "Total Capitalization": "163,905", "Common Stock Equity": "153,195", "Capital Lease Obligations": "22,067", "Net Tangible Assets": "143,815", "Working Capital": "130,131", "Invested Capital": "166,697", "Tangible Book Value": "143,815", "Total Debt": "35,569", "Net Debt": "-", "Share Issued": "30,330", "Ordinary Shares Number": "30,330"}, "12/31/2019": {"Duration": "12/31/2019", "Total Assets": "220,479", "Total Liabilities Net Minority Interest": "129,883", "Total Equity Gross Minority Interest": "90,596", "Total Capitalization": "104,667", "Common Stock Equity": "90,596", "Capital Lease Obligations": "22,702", "Net Tangible Assets": "47,353", "Working Capital": "40,485", "Invested Capital": "104,667", "Tangible Book Value": "47,353", "Total Debt": "36,773", "Net Debt": "3,001", "Share Issued": "29,781", "Ordinary Shares Number": "29,781"}, "12/31/2018": {"Duration": "12/31/2018", "Total Assets": "332,944", "Total Liabilities Net Minority Interest": "150,348", "Total Equity Gross Minority Interest": "182,596", "Total Capitalization": "198,589", "Common Stock Equity": "182,596", "Capital Lease Obligations": "-", "Net Tangible Assets": "63,904", "Working Capital": "76,621", "Invested Capital": "214,582", "Tangible Book Value": "63,904", "Total Debt": "31,986", "Net Debt": "-", "Share Issued": "29,545", "Ordinary Shares Number": "29,545"}}, "cf": {"TTM": {"Duration": "TTM", "Operating Cash Flow": "71,660", "Investing Cash Flow": "-24,516", "Financing Cash Flow": "-3,118", "End Cash Position": "57,920", "Income Tax Paid Supplemental Data": "17,300", "Interest Paid Supplemental Data": "889", "Capital Expenditure": "-9,727", "Issuance of Debt": "45,758", "Repayment of Debt": "-45,101", "Repurchase of Capital Stock": "-", "Free Cash Flow": "61,933"}, "12/31/2020": {"Duration": "12/31/2020", "Operating Cash Flow": "71,660", "Investing Cash Flow": "-24,516", "Financing Cash Flow": "-3,118", "End Cash Position": "57,920", "Income Tax Paid Supplemental Data": "17,300", "Interest Paid Supplemental Data": "889", "Capital Expenditure": "-9,727", "Issuance of Debt": "45,758", "Repayment of Debt": "-45,101", "Repurchase of Capital Stock": "-", "Free Cash Flow": "61,933"}, "12/31/2019": {"Duration": "12/31/2019", "Operating Cash Flow": "-22,573", "Investing Cash Flow": "12,819", "Financing Cash Flow": "-17,490", "End Cash Position": "11,070", "Income Tax Paid Supplemental Data": "-", "Interest Paid Supplemental Data": "1,197", "Capital Expenditure": "-8,952", "Issuance of Debt": "32,968", "Repayment of Debt": "-50,667", "Repurchase of Capital Stock": "0", "Free Cash Flow": "-31,525"}, "12/31/2018": {"Duration": "12/31/2018", "Operating Cash Flow": "21,251", "Investing Cash Flow": "18,713", "Financing Cash Flow": "-28,582", "End Cash Position": "38,125", "Income Tax Paid Supplemental Data": "8,885", "Interest Paid Supplemental Data": "1,044", "Capital Expenditure": "-10,380", "Issuance of Debt": "-", "Repayment of Debt": "-16,000", "Repurchase of Capital Stock": "-12,996", "Free Cash Flow": "10,871"}}}}, {"VSTO": {"quote": {"05/11/2021": {"value": "36.85", "Market Cap": "2.158B", "Beta (5Y Monthly)": "0.46", "PE Ratio (TTM)": "8.30", "EPS (TTM)": "4.44", "Earnings Date": "Aug 04, 2021 - Aug 09, 2021", "Forward Dividend & Yield": "N/A (N/A)", "Ex-Dividend Date": "N/A", "1y Target Est": "44.44"}}, "fin": {"TTM": {"Duration": "TTM", "Total Revenue": "2,225,522", "Cost of Revenue": "1,592,562", "Gross Profit": "632,960", "Operating Expense": "359,998", "Operating Income": "272,962", "Net Non Operating Interest Income Expense": "-25,574", "Other Income Expense": "11,996", "Pretax Income": "259,384", "Tax Provision": "-6,628", "Net Income Common Stockholders": "266,012", "Diluted NI Available to Com Stockholders": "266,012", "Basic EPS": "-", "Diluted EPS": "-", "Basic Average Shares": "-", "Diluted Average Shares": "-", "Total Expenses": "1,952,560", "Net Income from Continuing & Discontinued Operation": "266,012", "Normalized Income": "258,814", "Interest Expense": "25,574", "Net Interest Income": "-25,574", "EBIT": "284,958", "EBITDA": "350,068", "Reconciled Cost of Revenue": "1,592,562", "Reconciled Depreciation": "65,110", "Net Income from Continuing Operation Net Minority Interest": "266,012", "Total Unusual Items Excluding Goodwill": "11,996", "Total Unusual Items": "11,996", "Normalized EBITDA": "338,072", "Tax Rate for Calcs": "0", "Tax Effect of Unusual Items": "4,798"}, "3/31/2021": {"Duration": "3/31/2021", "Total Revenue": "2,225,522", "Cost of Revenue": "1,592,562", "Gross Profit": "632,960", "Operating Expense": "359,998", "Operating Income": "272,962", "Net Non Operating Interest Income Expense": "-25,574", "Other Income Expense": "11,996", "Pretax Income": "259,384", "Tax Provision": "-6,628", "Net Income Common Stockholders": "266,012", "Diluted NI Available to Com Stockholders": "266,012", "Basic EPS": "-", "Diluted EPS": "-", "Basic Average Shares": "-", "Diluted Average Shares": "-", "Total Expenses": "1,952,560", "Net Income from Continuing & Discontinued Operation": "266,012", "Normalized Income": "258,814", "Interest Expense": "25,574", "Net Interest Income": "-25,574", "EBIT": "284,958", "EBITDA": "-", "Reconciled Cost of Revenue": "1,592,562", "Reconciled Depreciation": "65,110", "Net Income from Continuing Operation Net Minority Interest": "266,012", "Total Unusual Items Excluding Goodwill": "11,996", "Total Unusual Items": "11,996", "Normalized EBITDA": "338,072", "Tax Rate for Calcs": "0", "Tax Effect of Unusual Items": "4,798"}, "3/31/2020": {"Duration": "3/31/2020", "Total Revenue": "1,755,871", "Cost of Revenue": "1,397,105", "Gross Profit": "358,766", "Operating Expense": "325,552", "Operating Income": "33,214", "Net Non Operating Interest Income Expense": "-38,791", "Other Income Expense": "-165,450", "Pretax Income": "-171,027", "Tax Provision": "-15,948", "Net Income Common Stockholders": "-155,079", "Diluted NI Available to Com Stockholders": "-155,079", "Basic EPS": "-2.68", "Diluted EPS": "-2.68", "Basic Average Shares": "57,846", "Diluted Average Shares": "57,846", "Total Expenses": "1,722,657", "Net Income from Continuing & Discontinued Operation": "-155,079", "Normalized Income": "-5,409", "Interest Expense": "38,791", "Net Interest Income": "-38,791", "EBIT": "-132,236", "EBITDA": "-", "Reconciled Cost of Revenue": "1,397,105", "Reconciled Depreciation": "67,858", "Net Income from Continuing Operation Net Minority Interest": "-155,079", "Total Unusual Items Excluding Goodwill": "-165,017", "Total Unusual Items": "-165,017", "Normalized EBITDA": "100,639", "Tax Rate for Calcs": "0", "Tax Effect of Unusual Items": "-15,347"}, "3/31/2019": {"Duration": "3/31/2019", "Total Revenue": "2,058,528", "Cost of Revenue": "1,642,840", "Gross Profit": "415,688", "Operating Expense": "404,791", "Operating Income": "10,897", "Net Non Operating Interest Income Expense": "-57,191", "Other Income Expense": "-627,978", "Pretax Income": "-674,272", "Tax Provision": "-25,829", "Net Income Common Stockholders": "-648,443", "Diluted NI Available to Com Stockholders": "-648,443", "Basic EPS": "-11.27", "Diluted EPS": "-11.27", "Basic Average Shares": "57,544", "Diluted Average Shares": "57,544", "Total Expenses": "2,047,631", "Net Income from Continuing & Discontinued Operation": "-648,443", "Normalized Income": "-50,866", "Interest Expense": "57,191", "Net Interest Income": "-57,191", "EBIT": "-617,081", "EBITDA": "-", "Reconciled Cost of Revenue": "1,642,840", "Reconciled Depreciation": "77,503", "Net Income from Continuing Operation Net Minority Interest": "-648,443", "Total Unusual Items Excluding Goodwill": "-621,182", "Total Unusual Items": "-621,182", "Normalized EBITDA": "81,604", "Tax Rate for Calcs": "0", "Tax Effect of Unusual Items": "-23,605"}}, "bs": {"3/31/2021": {"Duration": "3/31/2021", "Total Assets": "1,764,939", "Total Liabilities Net Minority Interest": "1,027,942", "Total Equity Gross Minority Interest": "736,997", "Total Capitalization": "1,232,561", "Common Stock Equity": "736,997", "Capital Lease Obligations": "77,375", "Net Tangible Assets": "335,960", "Working Capital": "693,415", "Invested Capital": "1,232,561", "Tangible Book Value": "335,960", "Total Debt": "572,939", "Net Debt": "252,299", "Share Issued": "63,964", "Ordinary Shares Number": "58,561", "Treasury Shares Number": "5,403"}, "3/31/2020": {"Duration": "3/31/2020", "Total Assets": "1,391,289", "Total Liabilities Net Minority Interest": "948,784", "Total Equity Gross Minority Interest": "442,505", "Total Capitalization": "954,311", "Common Stock Equity": "442,505", "Capital Lease Obligations": "73,738", "Net Tangible Assets": "53,238", "Working Capital": "462,310", "Invested Capital": "954,311", "Tangible Book Value": "53,238", "Total Debt": "585,544", "Net Debt": "480,431", "Share Issued": "63,964", "Ordinary Shares Number": "58,039", "Treasury Shares Number": "5,926"}, "3/31/2019": {"Duration": "3/31/2019", "Total Assets": "1,738,023", "Total Liabilities Net Minority Interest": "1,128,983", "Total Equity Gross Minority Interest": "609,040", "Total Capitalization": "1,293,710", "Common Stock Equity": "609,040", "Capital Lease Obligations": "-", "Net Tangible Assets": "44,024", "Working Capital": "622,265", "Invested Capital": "1,313,045", "Tangible Book Value": "44,024", "Total Debt": "704,005", "Net Debt": "682,070", "Share Issued": "63,964", "Ordinary Shares Number": "57,711", "Treasury Shares Number": "6,254"}}, "cf": {"TTM": {"Duration": "TTM", "Operating Cash Flow": "345,374", "Investing Cash Flow": "-102,018", "Financing Cash Flow": "-31,640", "End Cash Position": "243,265", "Capital Expenditure": "-30,166", "Issuance of Debt": "573,077", "Repayment of Debt": "-595,474", "Repurchase of Capital Stock": "-", "Free Cash Flow": "315,208"}, "3/31/2021": {"Duration": "3/31/2021", "Operating Cash Flow": "345,374", "Investing Cash Flow": "-102,018", "Financing Cash Flow": "-31,640", "End Cash Position": "243,265", "Capital Expenditure": "-30,166", "Issuance of Debt": "573,077", "Repayment of Debt": "-595,474", "Repurchase of Capital Stock": "-", "Free Cash Flow": "315,208"}, "3/31/2020": {"Duration": "3/31/2020", "Operating Cash Flow": "76,745", "Investing Cash Flow": "133,076", "Financing Cash Flow": "-200,058", "End Cash Position": "31,375", "Capital Expenditure": "-23,768", "Issuance of Debt": "410,634", "Repayment of Debt": "-607,891", "Repurchase of Capital Stock": "-", "Free Cash Flow": "52,977"}, "3/31/2019": {"Duration": "3/31/2019", "Operating Cash Flow": "97,475", "Investing Cash Flow": "112,718", "Financing Cash Flow": "-211,110", "End Cash Position": "21,935", "Capital Expenditure": "-42,242", "Issuance of Debt": "694,343", "Repayment of Debt": "-905,834", "Repurchase of Capital Stock": "0", "Free Cash Flow": "55,233"}}}}, {"XSPY": {"fin": {}, "bs": {}, "cf": {}}}, {"MJTK": {"fin": {}, "bs": {}, "cf": {}}}]