[{"ICON": {"quote": {"05/11/2021": {"value": "1.8200", "Market Cap": "27.418M", "Beta (5Y Monthly)": "2.24", "PE Ratio (TTM)": "N/A", "EPS (TTM)": "-0.6000", "Earnings Date": "Jun 07, 2021 - Jun 11, 2021", "Forward Dividend & Yield": "N/A (N/A)", "Ex-Dividend Date": "N/A", "1y Target Est": "N/A"}}, "fin": {"TTM": {"Duration": "TTM", "Total Revenue": "128,874", "Operating Expense": "83,017", "Operating Income": "45,857", "Net Non Operating Interest Income Expense": "-61,806", "Other Income Expense": "-141,688", "Pretax Income": "-157,637", "Tax Provision": "5,369", "Net Income Common Stockholders": "-169,958", "Average Dilution Earnings": "15,762", "Diluted NI Available to Com Stockholders": "-154,196", "Basic EPS": "-", "Diluted EPS": "-", "Basic Average Shares": "-", "Diluted Average Shares": "-", "Total Operating Income as Reported": "-69,054", "Total Expenses": "83,017", "Net Income from Continuing & Discontinued Operation": "-169,647", "Normalized Income": "-87,948", "Interest Income": "248", "Interest Expense": "62,054", "Net Interest Income": "-61,806", "EBIT": "-95,583", "EBITDA": "-94,162", "Reconciled Depreciation": "1,421", "Net Income from Continuing Operation Net Minority Interest": "-169,647", "Total Unusual Items Excluding Goodwill": "-111,916", "Total Unusual Items": "-111,916", "Normalized EBITDA": "17,754", "Tax Rate for Calcs": "0", "Tax Effect of Unusual Items": "-30,217"}, "12/31/2019": {"Duration": "12/31/2019", "Total Revenue": "148,984", "Operating Expense": "85,812", "Operating Income": "63,172", "Net Non Operating Interest Income Expense": "-56,904", "Other Income Expense": "-100,101", "Pretax Income": "-93,833", "Tax Provision": "8,083", "Net Income Common Stockholders": "-111,513", "Average Dilution Earnings": "0", "Diluted NI Available to Com Stockholders": "-111,513", "Basic EPS": "-10.56", "Diluted EPS": "-10.56", "Basic Average Shares": "10,559", "Diluted Average Shares": "10,559", "Total Operating Income as Reported": "-30,780", "Total Expenses": "85,812", "Net Income from Continuing & Discontinued Operation": "-111,513", "Normalized Income": "-42,291", "Interest Income": "360", "Interest Expense": "57,264", "Net Interest Income": "-56,904", "EBIT": "-36,569", "EBITDA": "-", "Reconciled Depreciation": "1,816", "Net Income from Continuing Operation Net Minority Interest": "-111,513", "Total Unusual Items Excluding Goodwill": "-94,824", "Total Unusual Items": "-94,824", "Normalized EBITDA": "60,071", "Tax Rate for Calcs": "0", "Tax Effect of Unusual Items": "-25,602"}, "12/31/2018": {"Duration": "12/31/2018", "Total Revenue": "187,689", "Operating Expense": "133,040", "Operating Income": "54,649", "Net Non Operating Interest Income Expense": "-58,719", "Other Income Expense": "-79,061", "Pretax Income": "-83,131", "Tax Provision": "6,538", "Net Income Common Stockholders": "-105,953", "Average Dilution Earnings": "-", "Diluted NI Available to Com Stockholders": "-105,953", "Basic EPS": "-15.73", "Diluted EPS": "-15.73", "Basic Average Shares": "6,734", "Diluted Average Shares": "6,734", "Total Operating Income as Reported": "-119,037", "Total Expenses": "133,040", "Net Income from Continuing & Discontinued Operation": "-100,521", "Normalized Income": "26,068", "Interest Income": "495", "Interest Expense": "59,214", "Net Interest Income": "-58,719", "EBIT": "-23,917", "EBITDA": "-", "Reconciled Depreciation": "2,329", "Net Income from Continuing Operation Net Minority Interest": "-100,521", "Total Unusual Items Excluding Goodwill": "-173,409", "Total Unusual Items": "-173,409", "Normalized EBITDA": "151,821", "Tax Rate for Calcs": "0", "Tax Effect of Unusual Items": "-46,820"}}, "bs": {"12/31/2019": {"Duration": "12/31/2019", "Total Assets": "506,060", "Total Liabilities Net Minority Interest": "762,419", "Total Equity Gross Minority Interest": "-256,359", "Total Capitalization": "300,865", "Common Stock Equity": "-282,880", "Net Tangible Assets": "-583,063", "Working Capital": "1,712", "Invested Capital": "362,842", "Tangible Book Value": "-583,063", "Total Debt": "645,722", "Net Debt": "590,257", "Share Issued": "15,138", "Ordinary Shares Number": "11,717", "Treasury Shares Number": "3,421"}, "12/31/2018": {"Duration": "12/31/2018", "Total Assets": "632,075", "Total Liabilities Net Minority Interest": "777,810", "Total Equity Gross Minority Interest": "-145,735", "Total Capitalization": "448,232", "Common Stock Equity": "-172,734", "Net Tangible Assets": "-536,533", "Working Capital": "38,853", "Invested Capital": "502,495", "Tangible Book Value": "-536,533", "Total Debt": "675,229", "Net Debt": "608,620", "Share Issued": "11,162", "Ordinary Shares Number": "7,839", "Treasury Shares Number": "3,323"}}, "cf": {"TTM": {"Duration": "TTM", "Operating Cash Flow": "39,893", "Investing Cash Flow": "14,319", "Financing Cash Flow": "-63,673", "End Cash Position": "62,597", "Income Tax Paid Supplemental Data": "-", "Interest Paid Supplemental Data": "-", "Capital Expenditure": "-6,604", "Issuance of Debt": "1,307", "Repayment of Debt": "-44,571", "Repurchase of Capital Stock": "-192", "Free Cash Flow": "33,289"}, "12/31/2019": {"Duration": "12/31/2019", "Operating Cash Flow": "30,312", "Investing Cash Flow": "12,068", "Financing Cash Flow": "-53,839", "End Cash Position": "71,411", "Income Tax Paid Supplemental Data": "-", "Interest Paid Supplemental Data": "-", "Capital Expenditure": "-6,627", "Issuance of Debt": "0", "Repayment of Debt": "-41,171", "Repurchase of Capital Stock": "-189", "Free Cash Flow": "23,685"}, "12/31/2018": {"Duration": "12/31/2018", "Operating Cash Flow": "56,082", "Investing Cash Flow": "-5,657", "Financing Cash Flow": "-81,786", "End Cash Position": "82,635", "Income Tax Paid Supplemental Data": "-", "Interest Paid Supplemental Data": "40,534", "Capital Expenditure": "-3,288", "Issuance of Debt": "95,700", "Repayment of Debt": "-157,292", "Repurchase of Capital Stock": "-223", "Free Cash Flow": "52,794"}}}}, {"VRA": {"quote": {"05/11/2021": {"value": "10.90", "Market Cap": "364.218M", "Beta (5Y Monthly)": "1.84", "PE Ratio (TTM)": "41.92", "EPS (TTM)": "0.26", "Earnings Date": "Jun 09, 2021", "Forward Dividend & Yield": "N/A (N/A)", "Ex-Dividend Date": "N/A", "1y Target Est": "13.25"}}, "fin": {"TTM": {"Duration": "TTM", "Total Revenue": "473,493", "Cost of Revenue": "217,972", "Gross Profit": "255,521", "Operating Expense": "257,976", "Operating Income": "-2,455", "Net Non Operating Interest Income Expense": "566", "Pretax Income": "-1,889", "Tax Provision": "-4,001", "Net Income Common Stockholders": "-3,685", "Diluted NI Available to Com Stockholders": "-3,685", "Basic EPS": "-", "Diluted EPS": "-", "Basic Average Shares": "-", "Diluted Average Shares": "-", "Total Operating Income as Reported": "-2,455", "Total Expenses": "475,948", "Net Income from Continuing & Discontinued Operation": "3,115", "Normalized Income": "3,115", "Net Interest Income": "566", "EBIT": "-2,455", "EBITDA": "46,035", "Reconciled Cost of Revenue": "217,972", "Reconciled Depreciation": "48,490", "Net Income from Continuing Operation Net Minority Interest": "3,115", "Normalized EBITDA": "46,035", "Tax Rate for Calcs": "0", "Tax Effect of Unusual Items": "0"}, "1/31/2021": {"Duration": "1/31/2021", "Total Revenue": "468,272", "Cost of Revenue": "202,754", "Gross Profit": "265,518", "Operating Expense": "252,453", "Operating Income": "13,065", "Net Non Operating Interest Income Expense": "-1,203", "Pretax Income": "11,862", "Tax Provision": "1,173", "Net Income Common Stockholders": "8,681", "Diluted NI Available to Com Stockholders": "8,681", "Basic EPS": "-", "Diluted EPS": "-", "Basic Average Shares": "-", "Diluted Average Shares": "-", "Total Operating Income as Reported": "13,065", "Total Expenses": "455,207", "Net Income from Continuing & Discontinued Operation": "8,681", "Normalized Income": "8,681", "Net Interest Income": "-1,203", "EBIT": "13,065", "EBITDA": "-", "Reconciled Cost of Revenue": "202,754", "Reconciled Depreciation": "43,620", "Net Income from Continuing Operation Net Minority Interest": "8,681", "Normalized EBITDA": "56,685", "Tax Rate for Calcs": "0", "Tax Effect of Unusual Items": "0"}, "1/31/2020": {"Duration": "1/31/2020", "Total Revenue": "495,212", "Cost of Revenue": "223,411", "Gross Profit": "271,801", "Operating Expense": "252,327", "Operating Income": "19,474", "Net Non Operating Interest Income Expense": "1,085", "Pretax Income": "20,559", "Tax Provision": "5,315", "Net Income Common Stockholders": "16,047", "Diluted NI Available to Com Stockholders": "16,047", "Basic EPS": "0.47", "Diluted EPS": "0.47", "Basic Average Shares": "33,983", "Diluted Average Shares": "34,288", "Total Operating Income as Reported": "19,474", "Total Expenses": "475,738", "Net Income from Continuing & Discontinued Operation": "16,047", "Normalized Income": "16,047", "Net Interest Income": "1,085", "EBIT": "19,474", "EBITDA": "-", "Reconciled Cost of Revenue": "223,411", "Reconciled Depreciation": "45,775", "Net Income from Continuing Operation Net Minority Interest": "16,047", "Normalized EBITDA": "65,249", "Tax Rate for Calcs": "0", "Tax Effect of Unusual Items": "0"}, "1/31/2019": {"Duration": "1/31/2019", "Total Revenue": "416,097", "Cost of Revenue": "177,510", "Gross Profit": "238,587", "Operating Expense": "211,486", "Operating Income": "27,101", "Net Non Operating Interest Income Expense": "1,125", "Pretax Income": "28,226", "Tax Provision": "7,469", "Net Income Common Stockholders": "20,757", "Diluted NI Available to Com Stockholders": "20,757", "Basic EPS": "0.59", "Diluted EPS": "0.59", "Basic Average Shares": "35,222", "Diluted Average Shares": "35,467", "Total Operating Income as Reported": "27,101", "Total Expenses": "388,996", "Net Income from Continuing & Discontinued Operation": "20,757", "Normalized Income": "20,757", "Net Interest Income": "1,125", "EBIT": "27,101", "EBITDA": "-", "Reconciled Cost of Revenue": "177,510", "Reconciled Depreciation": "16,540", "Net Income from Continuing Operation Net Minority Interest": "20,757", "Normalized EBITDA": "43,641", "Tax Rate for Calcs": "0", "Tax Effect of Unusual Items": "0"}}, "bs": {"1/31/2021": {"Duration": "1/31/2021", "Total Assets": "513,787", "Total Liabilities Net Minority Interest": "198,880", "Total Equity Gross Minority Interest": "314,907", "Total Capitalization": "314,907", "Common Stock Equity": "314,907", "Capital Lease Obligations": "113,857", "Net Tangible Assets": "223,357", "Working Capital": "182,257", "Invested Capital": "314,907", "Tangible Book Value": "223,357", "Total Debt": "113,857", "Share Issued": "33,414", "Ordinary Shares Number": "33,414", "Treasury Shares Number": "-"}, "1/31/2020": {"Duration": "1/31/2020", "Total Assets": "535,061", "Total Liabilities Net Minority Interest": "231,291", "Total Equity Gross Minority Interest": "303,770", "Total Capitalization": "303,770", "Common Stock Equity": "303,770", "Capital Lease Obligations": "135,122", "Net Tangible Assets": "203,211", "Working Capital": "131,384", "Invested Capital": "303,770", "Tangible Book Value": "203,211", "Total Debt": "135,122", "Share Issued": "41,515", "Ordinary Shares Number": "33,503", "Treasury Shares Number": "8,012"}, "1/31/2019": {"Duration": "1/31/2019", "Total Assets": "362,148", "Total Liabilities Net Minority Interest": "67,445", "Total Equity Gross Minority Interest": "294,703", "Total Capitalization": "294,703", "Common Stock Equity": "294,703", "Capital Lease Obligations": "-", "Net Tangible Assets": "294,703", "Working Capital": "208,912", "Invested Capital": "294,703", "Tangible Book Value": "294,703", "Total Debt": "-", "Share Issued": "41,283", "Ordinary Shares Number": "34,347", "Treasury Shares Number": "6,936"}}, "cf": {"TTM": {"Duration": "TTM", "Operating Cash Flow": "1,093", "Investing Cash Flow": "-45,641", "Financing Cash Flow": "26,974", "End Cash Position": "82,226", "Income Tax Paid Supplemental Data": "4,657", "Interest Paid Supplemental Data": "-", "Capital Expenditure": "-12,134", "Issuance of Debt": "60,000", "Repayment of Debt": "-60,000", "Repurchase of Capital Stock": "-11,363", "Free Cash Flow": "-11,041"}, "1/31/2021": {"Duration": "1/31/2021", "Operating Cash Flow": "20,702", "Investing Cash Flow": "17,680", "Financing Cash Flow": "-24,146", "End Cash Position": "64,175", "Income Tax Paid Supplemental Data": "-", "Interest Paid Supplemental Data": "-", "Capital Expenditure": "-5,743", "Issuance of Debt": "60,000", "Repayment of Debt": "-60,000", "Repurchase of Capital Stock": "-3,077", "Free Cash Flow": "14,959"}, "1/31/2020": {"Duration": "1/31/2020", "Operating Cash Flow": "20,624", "Investing Cash Flow": "-69,966", "Financing Cash Flow": "-14,285", "End Cash Position": "49,917", "Income Tax Paid Supplemental Data": "6,490", "Interest Paid Supplemental Data": "119", "Capital Expenditure": "-13,317", "Issuance of Debt": "-", "Repayment of Debt": "-", "Repurchase of Capital Stock": "-11,341", "Free Cash Flow": "7,307"}, "1/31/2019": {"Duration": "1/31/2019", "Operating Cash Flow": "43,564", "Investing Cash Flow": "17,955", "Financing Cash Flow": "-16,771", "End Cash Position": "113,493", "Income Tax Paid Supplemental Data": "4,035", "Interest Paid Supplemental Data": "169", "Capital Expenditure": "-8,148", "Issuance of Debt": "-", "Repayment of Debt": "-", "Repurchase of Capital Stock": "-16,064", "Free Cash Flow": "35,416"}}}}, {"RCKY": {"quote": {"05/11/2021": {"value": "60.36", "Market Cap": "439.628M", "Beta (5Y Monthly)": "0.59", "PE Ratio (TTM)": "18.21", "EPS (TTM)": "3.31", "Earnings Date": "Jul 26, 2021 - Jul 30, 2021", "Forward Dividend & Yield": "0.56 (0.89%)", "Ex-Dividend Date": "Mar 01, 2021", "1y Target Est": "66.50"}}, "fin": {"TTM": {"Duration": "TTM", "Total Revenue": "277,309", "Cost of Revenue": "172,574", "Gross Profit": "104,735", "Operating Expense": "77,565", "Operating Income": "27,170", "Net Non Operating Interest Income Expense": "-", "Other Income Expense": "-205", "Pretax Income": "26,965", "Tax Provision": "6,001", "Net Income Common Stockholders": "20,964", "Diluted NI Available to Com Stockholders": "20,964", "Basic EPS": "-", "Diluted EPS": "-", "Basic Average Shares": "-", "Diluted Average Shares": "-", "Total Operating Income as Reported": "27,170", "Total Expenses": "250,139", "Net Income from Continuing & Discontinued Operation": "20,964", "Normalized Income": "20,964", "Interest Expense": "-", "Net Interest Income": "-", "EBIT": "27,170", "EBITDA": "32,410", "Reconciled Cost of Revenue": "172,574", "Reconciled Depreciation": "5,240", "Net Income from Continuing Operation Net Minority Interest": "20,964", "Total Unusual Items Excluding Goodwill": "-", "Total Unusual Items": "-", "Normalized EBITDA": "32,410", "Tax Rate for Calcs": "0", "Tax Effect of Unusual Items": "0"}, "12/31/2020": {"Duration": "12/31/2020", "Total Revenue": "277,309", "Cost of Revenue": "172,574", "Gross Profit": "104,735", "Operating Expense": "77,565", "Operating Income": "27,170", "Net Non Operating Interest Income Expense": "-", "Other Income Expense": "-205", "Pretax Income": "26,965", "Tax Provision": "6,001", "Net Income Common Stockholders": "20,964", "Diluted NI Available to Com Stockholders": "20,964", "Basic EPS": "2.87", "Diluted EPS": "2.86", "Basic Average Shares": "7,304", "Diluted Average Shares": "7,337", "Total Operating Income as Reported": "27,170", "Total Expenses": "250,139", "Net Income from Continuing & Discontinued Operation": "20,964", "Normalized Income": "20,964", "Interest Expense": "-", "Net Interest Income": "-", "EBIT": "27,170", "EBITDA": "-", "Reconciled Cost of Revenue": "172,574", "Reconciled Depreciation": "5,240", "Net Income from Continuing Operation Net Minority Interest": "20,964", "Total Unusual Items Excluding Goodwill": "-", "Total Unusual Items": "-", "Normalized EBITDA": "32,410", "Tax Rate for Calcs": "0", "Tax Effect of Unusual Items": "0"}, "12/31/2019": {"Duration": "12/31/2019", "Total Revenue": "270,408", "Cost of Revenue": "172,723", "Gross Profit": "97,685", "Operating Expense": "75,600", "Operating Income": "22,085", "Net Non Operating Interest Income Expense": "-", "Other Income Expense": "146", "Pretax Income": "22,231", "Tax Provision": "4,769", "Net Income Common Stockholders": "17,462", "Diluted NI Available to Com Stockholders": "17,462", "Basic EPS": "2.36", "Diluted EPS": "2.35", "Basic Average Shares": "7,387", "Diluted Average Shares": "7,439", "Total Operating Income as Reported": "22,085", "Total Expenses": "248,323", "Net Income from Continuing & Discontinued Operation": "17,462", "Normalized Income": "17,462", "Interest Expense": "-", "Net Interest Income": "-", "EBIT": "22,085", "EBITDA": "-", "Reconciled Cost of Revenue": "172,723", "Reconciled Depreciation": "5,037", "Net Income from Continuing Operation Net Minority Interest": "17,462", "Total Unusual Items Excluding Goodwill": "-", "Total Unusual Items": "-", "Normalized EBITDA": "27,122", "Tax Rate for Calcs": "0", "Tax Effect of Unusual Items": "0"}, "12/31/2018": {"Duration": "12/31/2018", "Total Revenue": "252,694", "Cost of Revenue": "165,665", "Gross Profit": "87,029", "Operating Expense": "68,968", "Operating Income": "18,061", "Net Non Operating Interest Income Expense": "-", "Other Income Expense": "-162", "Pretax Income": "17,899", "Tax Provision": "3,346", "Net Income Common Stockholders": "14,553", "Diluted NI Available to Com Stockholders": "14,553", "Basic EPS": "1.96", "Diluted EPS": "1.95", "Basic Average Shares": "7,412", "Diluted Average Shares": "7,462", "Total Operating Income as Reported": "18,061", "Total Expenses": "234,633", "Net Income from Continuing & Discontinued Operation": "14,553", "Normalized Income": "14,553", "Interest Expense": "-", "Net Interest Income": "-", "EBIT": "18,061", "EBITDA": "-", "Reconciled Cost of Revenue": "165,665", "Reconciled Depreciation": "5,375", "Net Income from Continuing Operation Net Minority Interest": "14,553", "Total Unusual Items Excluding Goodwill": "-", "Total Unusual Items": "-", "Normalized EBITDA": "23,436", "Tax Rate for Calcs": "0", "Tax Effect of Unusual Items": "0"}}, "bs": {"12/31/2020": {"Duration": "12/31/2020", "Total Assets": "229,091", "Total Liabilities Net Minority Interest": "49,586", "Total Equity Gross Minority Interest": "179,505", "Total Capitalization": "179,505", "Common Stock Equity": "179,505", "Capital Lease Obligations": "1,573", "Net Tangible Assets": "149,296", "Working Capital": "123,203", "Invested Capital": "179,505", "Tangible Book Value": "149,296", "Total Debt": "1,573", "Share Issued": "7,248", "Ordinary Shares Number": "7,248"}, "12/31/2019": {"Duration": "12/31/2019", "Total Assets": "205,826", "Total Liabilities Net Minority Interest": "41,170", "Total Equity Gross Minority Interest": "164,656", "Total Capitalization": "164,656", "Common Stock Equity": "164,656", "Capital Lease Obligations": "1,744", "Net Tangible Assets": "134,416", "Working Capital": "114,592", "Invested Capital": "164,656", "Tangible Book Value": "134,416", "Total Debt": "1,744", "Share Issued": "7,355", "Ordinary Shares Number": "7,355"}, "12/31/2018": {"Duration": "12/31/2018", "Total Assets": "184,663", "Total Liabilities Net Minority Interest": "33,088", "Total Equity Gross Minority Interest": "151,575", "Total Capitalization": "151,575", "Common Stock Equity": "151,575", "Capital Lease Obligations": "-", "Net Tangible Assets": "121,302", "Working Capital": "106,167", "Invested Capital": "151,575", "Tangible Book Value": "121,302", "Total Debt": "-", "Share Issued": "7,368", "Ordinary Shares Number": "7,368"}}, "cf": {"TTM": {"Duration": "TTM", "Operating Cash Flow": "31,441", "Investing Cash Flow": "-11,711", "Financing Cash Flow": "-6,895", "End Cash Position": "28,353", "Capital Expenditure": "-11,716", "Issuance of Debt": "20,000", "Repayment of Debt": "-20,000", "Repurchase of Capital Stock": "-2,938", "Free Cash Flow": "19,725"}, "12/31/2020": {"Duration": "12/31/2020", "Operating Cash Flow": "31,441", "Investing Cash Flow": "-11,711", "Financing Cash Flow": "-6,895", "End Cash Position": "28,353", "Capital Expenditure": "-11,716", "Issuance of Debt": "20,000", "Repayment of Debt": "-20,000", "Repurchase of Capital Stock": "-2,938", "Free Cash Flow": "19,725"}, "12/31/2019": {"Duration": "12/31/2019", "Operating Cash Flow": "18,088", "Investing Cash Flow": "-7,700", "Financing Cash Flow": "-5,043", "End Cash Position": "15,518", "Capital Expenditure": "-7,719", "Issuance of Debt": "0", "Repayment of Debt": "0", "Repurchase of Capital Stock": "-1,500", "Free Cash Flow": "10,369"}, "12/31/2018": {"Duration": "12/31/2018", "Operating Cash Flow": "17,570", "Investing Cash Flow": "-4,219", "Financing Cash Flow": "-6,858", "End Cash Position": "10,173", "Capital Expenditure": "-4,238", "Issuance of Debt": "7,771", "Repayment of Debt": "-9,971", "Repurchase of Capital Stock": "-1,310", "Free Cash Flow": "13,332"}}}}, {"COH": {"quote": {"05/11/2021": {"value": "", "Net Assets": "N/A", "Beta (5Y Monthly)": "N/A", "Yield": "N/A", "5y Average Return": "N/A", "Holdings Turnover": "N/A", "Last Dividend": "N/A", "Average for Category": "N/A", "Inception Date": "N/A"}}, "fin": {}, "bs": {}, "cf": {}}}, {"CROX": {"quote": {"05/11/2021": {"value": "104.17", "Market Cap": "6.795B", "Beta (5Y Monthly)": "1.83", "PE Ratio (TTM)": "17.71", "EPS (TTM)": "5.88", "Earnings Date": "Jul 28, 2021 - Aug 02, 2021", "Forward Dividend & Yield": "N/A (N/A)", "Ex-Dividend Date": "N/A", "1y Target Est": "127.78"}}, "fin": {"TTM": {"Duration": "TTM", "Total Revenue": "1,385,951", "Cost of Revenue": "636,003", "Gross Profit": "749,948", "Operating Expense": "514,753", "Operating Income": "235,195", "Net Non Operating Interest Income Expense": "-6,527", "Other Income Expense": "-21,689", "Pretax Income": "206,979", "Tax Provision": "-105,882", "Net Income Common Stockholders": "312,861", "Diluted NI Available to Com Stockholders": "312,861", "Basic EPS": "-", "Diluted EPS": "-", "Basic Average Shares": "-", "Diluted Average Shares": "-", "Total Operating Income as Reported": "214,124", "Total Expenses": "1,150,756", "Net Income from Continuing & Discontinued Operation": "312,861", "Normalized Income": "329,066", "Interest Income": "215", "Interest Expense": "6,742", "Net Interest Income": "-6,527", "EBIT": "213,721", "EBITDA": "241,340", "Reconciled Cost of Revenue": "636,003", "Reconciled Depreciation": "27,619", "Net Income from Continuing Operation Net Minority Interest": "312,861", "Total Unusual Items Excluding Goodwill": "-22,199", "Total Unusual Items": "-22,199", "Normalized EBITDA": "263,539", "Tax Rate for Calcs": "0", "Tax Effect of Unusual Items": "-5,994"}, "12/31/2020": {"Duration": "12/31/2020", "Total Revenue": "1,385,951", "Cost of Revenue": "636,003", "Gross Profit": "749,948", "Operating Expense": "514,753", "Operating Income": "235,195", "Net Non Operating Interest Income Expense": "-6,527", "Other Income Expense": "-21,689", "Pretax Income": "206,979", "Tax Provision": "-105,882", "Net Income Common Stockholders": "312,861", "Diluted NI Available to Com Stockholders": "312,861", "Basic EPS": "-", "Diluted EPS": "-", "Basic Average Shares": "-", "Diluted Average Shares": "-", "Total Operating Income as Reported": "214,124", "Total Expenses": "1,150,756", "Net Income from Continuing & Discontinued Operation": "312,861", "Normalized Income": "329,066", "Interest Income": "215", "Interest Expense": "6,742", "Net Interest Income": "-6,527", "EBIT": "213,721", "EBITDA": "-", "Reconciled Cost of Revenue": "636,003", "Reconciled Depreciation": "27,619", "Net Income from Continuing Operation Net Minority Interest": "312,861", "Total Unusual Items Excluding Goodwill": "-22,199", "Total Unusual Items": "-22,199", "Normalized EBITDA": "263,539", "Tax Rate for Calcs": "0", "Tax Effect of Unusual Items": "-5,994"}, "12/31/2019": {"Duration": "12/31/2019", "Total Revenue": "1,230,593", "Cost of Revenue": "613,537", "Gross Profit": "617,056", "Operating Expense": "488,407", "Operating Income": "128,649", "Net Non Operating Interest Income Expense": "-8,035", "Other Income Expense": "-1,292", "Pretax Income": "119,322", "Tax Provision": "-175", "Net Income Common Stockholders": "119,497", "Diluted NI Available to Com Stockholders": "119,497", "Basic EPS": "1.70", "Diluted EPS": "1.66", "Basic Average Shares": "70,357", "Diluted Average Shares": "71,771", "Total Operating Income as Reported": "128,649", "Total Expenses": "1,101,944", "Net Income from Continuing & Discontinued Operation": "119,497", "Normalized Income": "120,463", "Interest Income": "601", "Interest Expense": "8,636", "Net Interest Income": "-8,035", "EBIT": "127,958", "EBITDA": "-", "Reconciled Cost of Revenue": "613,537", "Reconciled Depreciation": "24,213", "Net Income from Continuing Operation Net Minority Interest": "119,497", "Total Unusual Items Excluding Goodwill": "-1,323", "Total Unusual Items": "-1,323", "Normalized EBITDA": "153,494", "Tax Rate for Calcs": "0", "Tax Effect of Unusual Items": "-357.21"}, "12/31/2018": {"Duration": "12/31/2018", "Total Revenue": "1,088,205", "Cost of Revenue": "528,051", "Gross Profit": "560,154", "Operating Expense": "495,028", "Operating Income": "65,126", "Net Non Operating Interest Income Expense": "326", "Other Income Expense": "-295", "Pretax Income": "65,157", "Tax Provision": "14,720", "Net Income Common Stockholders": "-69,216", "Diluted NI Available to Com Stockholders": "-69,216", "Basic EPS": "-1.01", "Diluted EPS": "-1.01", "Basic Average Shares": "68,421", "Diluted Average Shares": "68,421", "Total Operating Income as Reported": "62,944", "Total Expenses": "1,023,079", "Net Income from Continuing & Discontinued Operation": "50,437", "Normalized Income": "51,106", "Interest Income": "1,281", "Interest Expense": "955", "Net Interest Income": "326", "EBIT": "66,112", "EBITDA": "-", "Reconciled Cost of Revenue": "528,051", "Reconciled Depreciation": "29,250", "Net Income from Continuing Operation Net Minority Interest": "50,437", "Total Unusual Items Excluding Goodwill": "-864", "Total Unusual Items": "-864", "Normalized EBITDA": "96,226", "Tax Rate for Calcs": "0", "Tax Effect of Unusual Items": "-195.264"}}, "bs": {"12/31/2020": {"Duration": "12/31/2020", "Total Assets": "1,118,723", "Total Liabilities Net Minority Interest": "828,090", "Total Equity Gross Minority Interest": "290,633", "Total Capitalization": "470,633", "Preferred Stock Equity": "-", "Common Stock Equity": "290,633", "Capital Lease Obligations": "193,465", "Net Tangible Assets": "251,278", "Working Capital": "201,257", "Invested Capital": "470,633", "Tangible Book Value": "251,278", "Total Debt": "373,465", "Net Debt": "44,198", "Share Issued": "105,000", "Ordinary Shares Number": "65,900", "Treasury Shares Number": "39,100"}, "12/31/2019": {"Duration": "12/31/2019", "Total Assets": "738,802", "Total Liabilities Net Minority Interest": "606,897", "Total Equity Gross Minority Interest": "131,905", "Total Capitalization": "336,905", "Preferred Stock Equity": "-", "Common Stock Equity": "131,905", "Capital Lease Obligations": "188,733", "Net Tangible Assets": "83,232", "Working Capital": "168,159", "Invested Capital": "336,905", "Tangible Book Value": "83,232", "Total Debt": "393,733", "Net Debt": "96,747", "Share Issued": "104,000", "Ordinary Shares Number": "68,200", "Treasury Shares Number": "35,800"}, "12/31/2018": {"Duration": "12/31/2018", "Total Assets": "468,901", "Total Liabilities Net Minority Interest": "318,593", "Total Equity Gross Minority Interest": "150,308", "Total Capitalization": "270,308", "Preferred Stock Equity": "-", "Common Stock Equity": "150,308", "Capital Lease Obligations": "-", "Net Tangible Assets": "103,004", "Working Capital": "195,807", "Invested Capital": "270,308", "Tangible Book Value": "103,004", "Total Debt": "120,000", "Net Debt": "-", "Share Issued": "103,000", "Ordinary Shares Number": "73,300", "Treasury Shares Number": "29,700"}}, "cf": {"TTM": {"Duration": "TTM", "Operating Cash Flow": "266,902", "Investing Cash Flow": "-41,762", "Financing Cash Flow": "-198,038", "End Cash Position": "139,273", "Income Tax Paid Supplemental Data": "20,816", "Interest Paid Supplemental Data": "6,658", "Capital Expenditure": "-42,033", "Issuance of Debt": "210,000", "Repayment of Debt": "-235,000", "Repurchase of Capital Stock": "-170,832", "Free Cash Flow": "224,869"}, "12/31/2020": {"Duration": "12/31/2020", "Operating Cash Flow": "266,902", "Investing Cash Flow": "-41,762", "Financing Cash Flow": "-198,038", "End Cash Position": "139,273", "Income Tax Paid Supplemental Data": "20,816", "Interest Paid Supplemental Data": "6,658", "Capital Expenditure": "-42,033", "Issuance of Debt": "210,000", "Repayment of Debt": "-235,000", "Repurchase of Capital Stock": "-170,832", "Free Cash Flow": "224,869"}, "12/31/2019": {"Duration": "12/31/2019", "Operating Cash Flow": "89,958", "Investing Cash Flow": "-36,236", "Financing Cash Flow": "-68,638", "End Cash Position": "112,045", "Income Tax Paid Supplemental Data": "16,050", "Interest Paid Supplemental Data": "7,519", "Capital Expenditure": "-36,576", "Issuance of Debt": "315,000", "Repayment of Debt": "-230,000", "Repurchase of Capital Stock": "-147,190", "Free Cash Flow": "53,382"}, "12/31/2018": {"Duration": "12/31/2018", "Operating Cash Flow": "114,162", "Investing Cash Flow": "-10,110", "Financing Cash Flow": "-148,802", "End Cash Position": "127,530", "Income Tax Paid Supplemental Data": "18,633", "Interest Paid Supplemental Data": "462", "Capital Expenditure": "-11,979", "Issuance of Debt": "120,000", "Repayment of Debt": "-662", "Repurchase of Capital Stock": "-246,855", "Free Cash Flow": "102,183"}}}}, {"DECK": {"quote": {"03/23/2021": {"value": "318.63", "Market Cap": "8.976B", "Beta (5Y Monthly)": "0.80", "PE Ratio (TTM)": "24.75", "EPS (TTM)": "12.87", "Earnings Date": "May 19, 2021 - May 24, 2021", "Forward Dividend & Yield": "N/A (N/A)", "Ex-Dividend Date": "N/A", "1y Target Est": "386.08"}}, "fin": {"TTM": {"Duration": "TTM", "Total Revenue": "2,359,363", "Cost of Revenue": "1,090,925", "Gross Profit": "1,268,438", "Operating Expense": "802,223", "Operating Income": "466,215", "Net Non Operating Interest Income Expense": "-1,866", "Other Income Expense": "744", "Pretax Income": "465,093", "Tax Provision": "99,886", "Net Income Common Stockholders": "365,207", "Diluted NI Available to Com Stockholders": "365,207", "Basic EPS": "-", "Diluted EPS": "-", "Basic Average Shares": "-", "Diluted Average Shares": "-", "Total Operating Income as Reported": "466,215", "Total Expenses": "1,893,148", "Net Income from Continuing & Discontinued Operation": "365,207", "Normalized Income": "365,207", "Interest Income": "3,736", "Interest Expense": "5,602", "Net Interest Income": "-1,866", "EBIT": "470,695", "EBITDA": "510,807", "Reconciled Cost of Revenue": "1,090,925", "Reconciled Depreciation": "40,112", "Net Income from Continuing Operation Net Minority Interest": "365,207", "Normalized EBITDA": "510,807", "Tax Rate for Calcs": "0", "Tax Effect of Unusual Items": "0"}, "3/31/2020": {"Duration": "3/31/2020", "Total Revenue": "2,132,689", "Cost of Revenue": "1,029,016", "Gross Profit": "1,103,673", "Operating Expense": "765,538", "Operating Income": "338,135", "Net Non Operating Interest Income Expense": "2,215", "Other Income Expense": "516", "Pretax Income": "340,866", "Tax Provision": "64,724", "Net Income Common Stockholders": "276,142", "Diluted NI Available to Com Stockholders": "276,142", "Basic EPS": "9.73", "Diluted EPS": "9.62", "Basic Average Shares": "28,385", "Diluted Average Shares": "28,694", "Total Operating Income as Reported": "338,135", "Total Expenses": "1,794,554", "Net Income from Continuing & Discontinued Operation": "276,142", "Normalized Income": "276,142", "Interest Income": "7,261", "Interest Expense": "5,046", "Net Interest Income": "2,215", "EBIT": "345,912", "EBITDA": "-", "Reconciled Cost of Revenue": "1,029,016", "Reconciled Depreciation": "38,912", "Net Income from Continuing Operation Net Minority Interest": "276,142", "Normalized EBITDA": "384,824", "Tax Rate for Calcs": "0", "Tax Effect of Unusual Items": "0"}, "3/31/2019": {"Duration": "3/31/2019", "Total Revenue": "2,020,437", "Cost of Revenue": "980,187", "Gross Profit": "1,040,250", "Operating Expense": "712,930", "Operating Income": "327,320", "Net Non Operating Interest Income Expense": "1,367", "Other Income Expense": "247", "Pretax Income": "328,934", "Tax Provision": "64,626", "Net Income Common Stockholders": "264,308", "Diluted NI Available to Com Stockholders": "264,308", "Basic EPS": "8.92", "Diluted EPS": "8.84", "Basic Average Shares": "29,641", "Diluted Average Shares": "29,903", "Total Operating Income as Reported": "327,320", "Total Expenses": "1,693,117", "Net Income from Continuing & Discontinued Operation": "264,308", "Normalized Income": "264,308", "Interest Income": "6,028", "Interest Expense": "4,661", "Net Interest Income": "1,367", "EBIT": "333,595", "EBITDA": "-", "Reconciled Cost of Revenue": "980,187", "Reconciled Depreciation": "44,941", "Net Income from Continuing Operation Net Minority Interest": "264,308", "Normalized EBITDA": "378,536", "Tax Rate for Calcs": "0", "Tax Effect of Unusual Items": "0"}, "3/31/2018": {"Duration": "3/31/2018", "Total Revenue": "1,903,339", "Cost of Revenue": "971,697", "Gross Profit": "931,642", "Operating Expense": "709,058", "Operating Income": "222,584", "Net Non Operating Interest Income Expense": "-1,528", "Other Income Expense": "-360", "Pretax Income": "220,696", "Tax Provision": "106,302", "Net Income Common Stockholders": "114,394", "Diluted NI Available to Com Stockholders": "114,394", "Basic EPS": "3.60", "Diluted EPS": "3.58", "Basic Average Shares": "31,758", "Diluted Average Shares": "31,996", "Total Operating Income as Reported": "222,584", "Total Expenses": "1,680,755", "Net Income from Continuing & Discontinued Operation": "114,394", "Normalized Income": "114,394", "Interest Income": "3,057", "Interest Expense": "4,585", "Net Interest Income": "-1,528", "EBIT": "225,281", "EBITDA": "-", "Reconciled Cost of Revenue": "971,697", "Reconciled Depreciation": "48,572", "Net Income from Continuing Operation Net Minority Interest": "114,394", "Normalized EBITDA": "273,853", "Tax Rate for Calcs": "0", "Tax Effect of Unusual Items": "0"}}, "bs": {"3/31/2020": {"Duration": "3/31/2020", "Total Assets": "1,765,118", "Total Liabilities Net Minority Interest": "624,998", "Total Equity Gross Minority Interest": "1,140,120", "Total Capitalization": "1,170,383", "Common Stock Equity": "1,140,120", "Capital Lease Obligations": "264,815", "Net Tangible Assets": "1,078,114", "Working Capital": "893,165", "Invested Capital": "1,171,021", "Tangible Book Value": "1,078,114", "Total Debt": "295,716", "Share Issued": "27,999", "Ordinary Shares Number": "27,999"}, "3/31/2019": {"Duration": "3/31/2019", "Total Assets": "1,427,206", "Total Liabilities Net Minority Interest": "382,076", "Total Equity Gross Minority Interest": "1,045,130", "Total Capitalization": "1,076,031", "Common Stock Equity": "1,045,130", "Capital Lease Obligations": "-", "Net Tangible Assets": "979,646", "Working Capital": "844,881", "Invested Capital": "1,076,634", "Tangible Book Value": "979,646", "Total Debt": "31,504", "Share Issued": "29,141", "Ordinary Shares Number": "29,141"}, "3/31/2018": {"Duration": "3/31/2018", "Total Assets": "1,264,379", "Total Liabilities Net Minority Interest": "323,600", "Total Equity Gross Minority Interest": "940,779", "Total Capitalization": "972,283", "Common Stock Equity": "940,779", "Capital Lease Obligations": "-", "Net Tangible Assets": "868,939", "Working Capital": "721,524", "Invested Capital": "972,861", "Tangible Book Value": "868,939", "Total Debt": "32,082", "Share Issued": "30,447", "Ordinary Shares Number": "30,447"}}, "cf": {"TTM": {"Duration": "TTM", "Operating Cash Flow": "569,871", "Investing Cash Flow": "-29,817", "Financing Cash Flow": "-6,957", "End Cash Position": "1,149,961", "Income Tax Paid Supplemental Data": "84,048", "Interest Paid Supplemental Data": "3,053", "Capital Expenditure": "-30,091", "Issuance of Capital Stock": "1,368", "Issuance of Debt": "9,100", "Repayment of Debt": "-16,122", "Repurchase of Capital Stock": "-7,356", "Free Cash Flow": "539,780"}, "3/31/2020": {"Duration": "3/31/2020", "Operating Cash Flow": "286,334", "Investing Cash Flow": "-31,964", "Financing Cash Flow": "-192,114", "End Cash Position": "649,436", "Income Tax Paid Supplemental Data": "74,573", "Interest Paid Supplemental Data": "2,466", "Capital Expenditure": "-32,455", "Issuance of Capital Stock": "1,288", "Issuance of Debt": "69,336", "Repayment of Debt": "-69,800", "Repurchase of Capital Stock": "-196,553", "Free Cash Flow": "253,879"}, "3/31/2019": {"Duration": "3/31/2019", "Operating Cash Flow": "359,505", "Investing Cash Flow": "-29,018", "Financing Cash Flow": "-167,194", "End Cash Position": "589,692", "Income Tax Paid Supplemental Data": "53,657", "Interest Paid Supplemental Data": "3,811", "Capital Expenditure": "-29,086", "Issuance of Capital Stock": "-", "Issuance of Debt": "162,001", "Repayment of Debt": "-162,199", "Repurchase of Capital Stock": "-166,723", "Free Cash Flow": "330,419"}, "3/31/2018": {"Duration": "3/31/2018", "Operating Cash Flow": "327,351", "Investing Cash Flow": "-34,697", "Financing Cash Flow": "-157,715", "End Cash Position": "429,970", "Income Tax Paid Supplemental Data": "14,407", "Interest Paid Supplemental Data": "3,774", "Capital Expenditure": "-34,813", "Issuance of Capital Stock": "-", "Issuance of Debt": "214,751", "Repayment of Debt": "-215,439", "Repurchase of Capital Stock": "-157,792", "Free Cash Flow": "292,538"}}}}, {"CAL": {"quote": {"05/11/2021": {"value": "25.62", "Market Cap": "981.815M", "Beta (5Y Monthly)": "2.69", "PE Ratio (TTM)": "N/A", "EPS (TTM)": "-11.80", "Earnings Date": "May 28, 2021", "Forward Dividend & Yield": "0.28 (1.11%)", "Ex-Dividend Date": "Mar 24, 2021", "1y Target Est": "25.00"}}, "fin": {"TTM": {"Duration": "TTM", "Total Revenue": "2,640,992", "Cost of Revenue": "1,614,570", "Gross Profit": "1,026,422", "Operating Expense": "1,028,843", "Operating Income": "-2,421", "Net Non Operating Interest Income Expense": "-35,261", "Other Income Expense": "-327,977", "Pretax Income": "-365,659", "Tax Provision": "-72,484", "Net Income Common Stockholders": "-293,807", "Diluted NI Available to Com Stockholders": "-293,807", "Basic EPS": "-", "Diluted EPS": "-", "Basic Average Shares": "-", "Diluted Average Shares": "-", "Total Operating Income as Reported": "-339,267", "Total Expenses": "2,643,413", "Net Income from Continuing & Discontinued Operation": "-292,102", "Normalized Income": "-22,028", "Interest Income": "-", "Interest Expense": "35,261", "Net Interest Income": "-35,261", "EBIT": "-330,398", "EBITDA": "-264,444", "Reconciled Cost of Revenue": "1,614,570", "Reconciled Depreciation": "65,954", "Net Income from Continuing Operation Net Minority Interest": "-292,102", "Total Unusual Items Excluding Goodwill": "-336,846", "Total Unusual Items": "-336,846", "Normalized EBITDA": "72,402", "Tax Rate for Calcs": "0", "Tax Effect of Unusual Items": "-66,772"}, "1/31/2020": {"Duration": "1/31/2020", "Total Revenue": "2,921,562", "Cost of Revenue": "1,737,202", "Gross Profit": "1,184,360", "Operating Expense": "1,065,760", "Operating Income": "118,600", "Net Non Operating Interest Income Expense": "-33,123", "Other Income Expense": "-6,884", "Pretax Income": "78,593", "Tax Provision": "16,511", "Net Income Common Stockholders": "60,831", "Diluted NI Available to Com Stockholders": "60,831", "Basic EPS": "1.53", "Diluted EPS": "1.53", "Basic Average Shares": "39,796", "Diluted Average Shares": "39,853", "Total Operating Income as Reported": "103,813", "Total Expenses": "2,802,962", "Net Income from Continuing & Discontinued Operation": "62,819", "Normalized Income": "74,501", "Interest Income": "-", "Interest Expense": "33,123", "Net Interest Income": "-33,123", "EBIT": "111,716", "EBITDA": "-", "Reconciled Cost of Revenue": "1,737,202", "Reconciled Depreciation": "65,562", "Net Income from Continuing Operation Net Minority Interest": "62,819", "Total Unusual Items Excluding Goodwill": "-14,787", "Total Unusual Items": "-14,787", "Normalized EBITDA": "192,065", "Tax Rate for Calcs": "0", "Tax Effect of Unusual Items": "-3,105"}, "1/31/2019": {"Duration": "1/31/2019", "Total Revenue": "2,834,846", "Cost of Revenue": "1,678,502", "Gross Profit": "1,156,344", "Operating Expense": "1,041,765", "Operating Income": "114,579", "Net Non Operating Interest Income Expense": "-18,277", "Other Income Expense": "-102,056", "Pretax Income": "-5,754", "Tax Provision": "-273", "Net Income Common Stockholders": "-5,441", "Diluted NI Available to Com Stockholders": "-5,441", "Basic EPS": "-0.13", "Diluted EPS": "-0.13", "Basic Average Shares": "41,756", "Diluted Average Shares": "41,756", "Total Operating Income as Reported": "401", "Total Expenses": "2,720,267", "Net Income from Continuing & Discontinued Operation": "-5,441", "Normalized Income": "103,548", "Interest Income": "-", "Interest Expense": "18,277", "Net Interest Income": "-18,277", "EBIT": "12,523", "EBITDA": "-", "Reconciled Cost of Revenue": "1,678,502", "Reconciled Depreciation": "62,697", "Net Income from Continuing Operation Net Minority Interest": "-5,441", "Total Unusual Items Excluding Goodwill": "-114,364", "Total Unusual Items": "-114,364", "Normalized EBITDA": "189,584", "Tax Rate for Calcs": "0", "Tax Effect of Unusual Items": "-5,375"}}, "bs": {"1/31/2020": {"Duration": "1/31/2020", "Total Assets": "2,431,707", "Total Liabilities Net Minority Interest": "1,782,577", "Total Equity Gross Minority Interest": "649,130", "Total Capitalization": "844,341", "Common Stock Equity": "645,950", "Capital Lease Obligations": "756,901", "Net Tangible Assets": "106,371", "Working Capital": "31,349", "Invested Capital": "1,119,341", "Tangible Book Value": "106,371", "Total Debt": "1,230,292", "Net Debt": "428,173", "Share Issued": "46,087", "Ordinary Shares Number": "40,397", "Treasury Shares Number": "5,690"}, "1/31/2019": {"Duration": "1/31/2019", "Total Assets": "1,838,568", "Total Liabilities Net Minority Interest": "1,203,133", "Total Equity Gross Minority Interest": "635,435", "Total Capitalization": "831,985", "Common Stock Equity": "634,053", "Capital Lease Obligations": "-", "Net Tangible Assets": "84,156", "Working Capital": "123,111", "Invested Capital": "1,166,985", "Tangible Book Value": "84,156", "Total Debt": "532,932", "Net Debt": "502,732", "Share Issued": "46,087", "Ordinary Shares Number": "41,887", "Treasury Shares Number": "4,200"}}, "cf": {"TTM": {"Duration": "TTM", "Operating Cash Flow": "121,604", "Investing Cash Flow": "-32,656", "Financing Cash Flow": "63,097", "End Cash Position": "187,823", "Capital Expenditure": "-33,292", "Issuance of Debt": "373,000", "Repayment of Debt": "-252,500", "Repurchase of Capital Stock": "-49,000", "Free Cash Flow": "88,312"}, "1/31/2020": {"Duration": "1/31/2020", "Operating Cash Flow": "170,786", "Investing Cash Flow": "-49,516", "Financing Cash Flow": "-106,332", "End Cash Position": "45,218", "Capital Expenditure": "-50,152", "Issuance of Debt": "288,500", "Repayment of Debt": "-348,500", "Repurchase of Capital Stock": "-36,068", "Free Cash Flow": "120,634"}, "1/31/2019": {"Duration": "1/31/2019", "Operating Cash Flow": "129,589", "Investing Cash Flow": "-436,357", "Financing Cash Flow": "273,170", "End Cash Position": "30,200", "Capital Expenditure": "-66,899", "Issuance of Debt": "360,000", "Repayment of Debt": "-25,406", "Repurchase of Capital Stock": "-43,771", "Free Cash Flow": "62,690"}}}}, {"FL": {"quote": {"05/11/2021": {"value": "62.28", "Market Cap": "6.432B", "Beta (5Y Monthly)": "1.36", "PE Ratio (TTM)": "20.22", "EPS (TTM)": "3.08", "Earnings Date": "May 21, 2021", "Forward Dividend & Yield": "0.80 (1.28%)", "Ex-Dividend Date": "Apr 15, 2021", "1y Target Est": "58.78"}}, "fin": {"TTM": {"Duration": "TTM", "Total Revenue": "7,548,000", "Cost of Revenue": "5,365,000", "Gross Profit": "2,183,000", "Operating Expense": "1,763,000", "Operating Income": "420,000", "Net Non Operating Interest Income Expense": "-7,000", "Other Income Expense": "81,000", "Pretax Income": "494,000", "Tax Provision": "171,000", "Net Income Common Stockholders": "323,000", "Diluted NI Available to Com Stockholders": "323,000", "Basic EPS": "-", "Diluted EPS": "-", "Basic Average Shares": "-", "Diluted Average Shares": "-", "Total Operating Income as Reported": "303,000", "Total Expenses": "7,128,000", "Net Income from Continuing & Discontinued Operation": "323,000", "Normalized Income": "399,500", "Interest Income": "-", "Interest Expense": "-", "Net Interest Income": "-7,000", "EBIT": "420,000", "EBITDA": "596,000", "Reconciled Cost of Revenue": "5,365,000", "Reconciled Depreciation": "176,000", "Net Income from Continuing Operation Net Minority Interest": "323,000", "Total Unusual Items Excluding Goodwill": "-117,000", "Total Unusual Items": "-117,000", "Normalized EBITDA": "713,000", "Tax Rate for Calcs": "0", "Tax Effect of Unusual Items": "-40,500"}, "1/31/2021": {"Duration": "1/31/2021", "Total Revenue": "7,548,000", "Cost of Revenue": "5,365,000", "Gross Profit": "2,183,000", "Operating Expense": "1,763,000", "Operating Income": "420,000", "Net Non Operating Interest Income Expense": "-7,000", "Other Income Expense": "81,000", "Pretax Income": "494,000", "Tax Provision": "171,000", "Net Income Common Stockholders": "323,000", "Diluted NI Available to Com Stockholders": "323,000", "Basic EPS": "3.10", "Diluted EPS": "3.08", "Basic Average Shares": "104,212", "Diluted Average Shares": "105,100", "Total Operating Income as Reported": "303,000", "Total Expenses": "7,128,000", "Net Income from Continuing & Discontinued Operation": "323,000", "Normalized Income": "399,500", "Interest Income": "-", "Interest Expense": "-", "Net Interest Income": "-7,000", "EBIT": "420,000", "EBITDA": "-", "Reconciled Cost of Revenue": "5,365,000", "Reconciled Depreciation": "176,000", "Net Income from Continuing Operation Net Minority Interest": "323,000", "Total Unusual Items Excluding Goodwill": "-117,000", "Total Unusual Items": "-117,000", "Normalized EBITDA": "713,000", "Tax Rate for Calcs": "0", "Tax Effect of Unusual Items": "-40,500"}, "1/31/2020": {"Duration": "1/31/2020", "Total Revenue": "8,005,000", "Cost of Revenue": "5,462,000", "Gross Profit": "2,543,000", "Operating Expense": "1,833,000", "Operating Income": "710,000", "Net Non Operating Interest Income Expense": "11,000", "Other Income Expense": "-49,000", "Pretax Income": "672,000", "Tax Provision": "181,000", "Net Income Common Stockholders": "491,000", "Diluted NI Available to Com Stockholders": "491,000", "Basic EPS": "4.76", "Diluted EPS": "4.56", "Basic Average Shares": "104,187", "Diluted Average Shares": "109,100", "Total Operating Income as Reported": "649,000", "Total Expenses": "7,295,000", "Net Income from Continuing & Discontinued Operation": "491,000", "Normalized Income": "535,530", "Interest Income": "21,000", "Interest Expense": "10,000", "Net Interest Income": "11,000", "EBIT": "682,000", "EBITDA": "-", "Reconciled Cost of Revenue": "5,462,000", "Reconciled Depreciation": "179,000", "Net Income from Continuing Operation Net Minority Interest": "491,000", "Total Unusual Items Excluding Goodwill": "-61,000", "Total Unusual Items": "-61,000", "Normalized EBITDA": "922,000", "Tax Rate for Calcs": "0", "Tax Effect of Unusual Items": "-16,470"}, "1/31/2019": {"Duration": "1/31/2019", "Total Revenue": "7,939,000", "Cost of Revenue": "5,411,000", "Gross Profit": "2,528,000", "Operating Expense": "1,792,000", "Operating Income": "736,000", "Net Non Operating Interest Income Expense": "9,000", "Other Income Expense": "-32,000", "Pretax Income": "713,000", "Tax Provision": "172,000", "Net Income Common Stockholders": "541,000", "Diluted NI Available to Com Stockholders": "541,000", "Basic EPS": "4.79", "Diluted EPS": "4.66", "Basic Average Shares": "112,222", "Diluted Average Shares": "116,100", "Total Operating Income as Reported": "699,000", "Total Expenses": "7,203,000", "Net Income from Continuing & Discontinued Operation": "541,000", "Normalized Income": "569,083", "Interest Income": "20,000", "Interest Expense": "11,000", "Net Interest Income": "9,000", "EBIT": "724,000", "EBITDA": "-", "Reconciled Cost of Revenue": "5,411,000", "Reconciled Depreciation": "178,000", "Net Income from Continuing Operation Net Minority Interest": "541,000", "Total Unusual Items Excluding Goodwill": "-37,000", "Total Unusual Items": "-37,000", "Normalized EBITDA": "939,000", "Tax Rate for Calcs": "0", "Tax Effect of Unusual Items": "-8,917"}}, "bs": {"1/31/2021": {"Duration": "1/31/2021", "Total Assets": "7,041,000", "Total Liabilities Net Minority Interest": "4,265,000", "Total Equity Gross Minority Interest": "2,776,000", "Total Capitalization": "2,784,000", "Common Stock Equity": "2,776,000", "Capital Lease Obligations": "3,079,000", "Net Tangible Assets": "2,600,000", "Working Capital": "1,191,000", "Invested Capital": "110,000", "Tangible Book Value": "2,600,000", "Total Debt": "3,189,000", "Share Issued": "104,212", "Ordinary Shares Number": "104,212", "Treasury Shares Number": "-"}, "1/31/2020": {"Duration": "1/31/2020", "Total Assets": "6,589,000", "Total Liabilities Net Minority Interest": "4,116,000", "Total Equity Gross Minority Interest": "2,473,000", "Total Capitalization": "2,595,000", "Common Stock Equity": "2,473,000", "Capital Lease Obligations": "3,196,000", "Net Tangible Assets": "2,297,000", "Working Capital": "1,192,000", "Invested Capital": "2,595,000", "Tangible Book Value": "2,297,000", "Total Debt": "3,318,000", "Share Issued": "104,187", "Ordinary Shares Number": "104,187", "Treasury Shares Number": "-"}, "1/31/2019": {"Duration": "1/31/2019", "Total Assets": "3,820,000", "Total Liabilities Net Minority Interest": "1,314,000", "Total Equity Gross Minority Interest": "2,506,000", "Total Capitalization": "2,630,000", "Common Stock Equity": "2,506,000", "Capital Lease Obligations": "-", "Net Tangible Assets": "2,325,000", "Working Capital": "1,754,000", "Invested Capital": "2,630,000", "Tangible Book Value": "2,325,000", "Total Debt": "124,000", "Share Issued": "112,933", "Ordinary Shares Number": "112,222", "Treasury Shares Number": "711"}}, "cf": {"TTM": {"Duration": "TTM", "Operating Cash Flow": "-", "Investing Cash Flow": "-", "Financing Cash Flow": "-", "End Cash Position": "-", "Income Tax Paid Supplemental Data": "-", "Interest Paid Supplemental Data": "-", "Capital Expenditure": "-", "Repayment of Debt": "-", "Repurchase of Capital Stock": "-", "Free Cash Flow": "-"}, "1/31/2020": {"Duration": "1/31/2020", "Operating Cash Flow": "696,000", "Investing Cash Flow": "-235,000", "Financing Cash Flow": "-493,000", "End Cash Position": "942,000", "Income Tax Paid Supplemental Data": "201,000", "Interest Paid Supplemental Data": "11,000", "Capital Expenditure": "-187,000", "Repayment of Debt": "-", "Repurchase of Capital Stock": "-337,000", "Free Cash Flow": "509,000"}, "1/31/2019": {"Duration": "1/31/2019", "Operating Cash Flow": "781,000", "Investing Cash Flow": "-274,000", "Financing Cash Flow": "-527,000", "End Cash Position": "981,000", "Income Tax Paid Supplemental Data": "184,000", "Interest Paid Supplemental Data": "11,000", "Capital Expenditure": "-187,000", "Repayment of Debt": "0", "Repurchase of Capital Stock": "-376,000", "Free Cash Flow": "594,000"}}}}, {"FOSL": {"quote": {"05/11/2021": {"value": "11.27", "Market Cap": "580.694M", "Beta (5Y Monthly)": "1.90", "PE Ratio (TTM)": "N/A", "EPS (TTM)": "-1.88", "Earnings Date": "May 12, 2021", "Forward Dividend & Yield": "N/A (N/A)", "Ex-Dividend Date": "N/A", "1y Target Est": "N/A"}}, "fin": {"TTM": {"Duration": "TTM", "Total Revenue": "2,293,071", "Cost of Revenue": "1,084,591", "Gross Profit": "1,208,480", "Operating Expense": "1,122,786", "Operating Income": "85,694", "Net Non Operating Interest Income Expense": "-31,137", "Other Income Expense": "-18,094", "Pretax Income": "36,463", "Tax Provision": "31,890", "Net Income Common Stockholders": "2,101", "Diluted NI Available to Com Stockholders": "2,101", "Basic EPS": "-", "Diluted EPS": "-", "Basic Average Shares": "-", "Diluted Average Shares": "-", "Total Operating Income as Reported": "39,910", "Total Expenses": "2,207,377", "Net Income from Continuing & Discontinued Operation": "-125,704", "Normalized Income": "33,579", "Interest Income": "573", "Interest Expense": "33,742", "Net Interest Income": "-31,137", "EBIT": "70,205", "EBITDA": "132,489", "Reconciled Cost of Revenue": "1,084,591", "Reconciled Depreciation": "62,284", "Net Income from Continuing Operation Net Minority Interest": "2,101", "Total Unusual Items Excluding Goodwill": "-43,121", "Total Unusual Items": "-43,121", "Normalized EBITDA": "175,610", "Tax Rate for Calcs": "0", "Tax Effect of Unusual Items": "-11,643"}, "12/31/2020": {"Duration": "12/31/2020", "Total Revenue": "1,613,343", "Cost of Revenue": "842,987", "Gross Profit": "770,356", "Operating Expense": "866,703", "Operating Income": "-96,347", "Net Non Operating Interest Income Expense": "-31,263", "Other Income Expense": "-44,373", "Pretax Income": "-171,983", "Tax Provision": "-76,043", "Net Income Common Stockholders": "-96,095", "Diluted NI Available to Com Stockholders": "-96,095", "Basic EPS": "-", "Diluted EPS": "-", "Basic Average Shares": "-", "Diluted Average Shares": "-", "Total Operating Income as Reported": "-135,319", "Total Expenses": "1,709,690", "Net Income from Continuing & Discontinued Operation": "-96,095", "Normalized Income": "-68,446", "Interest Income": "573", "Interest Expense": "31,836", "Net Interest Income": "-31,263", "EBIT": "-140,147", "EBITDA": "-", "Reconciled Cost of Revenue": "842,987", "Reconciled Depreciation": "43,134", "Net Income from Continuing Operation Net Minority Interest": "-96,095", "Total Unusual Items Excluding Goodwill": "-46,081", "Total Unusual Items": "-46,081", "Normalized EBITDA": "-50,932", "Tax Rate for Calcs": "0", "Tax Effect of Unusual Items": "-18,432"}, "12/31/2019": {"Duration": "12/31/2019", "Total Revenue": "2,217,712", "Cost of Revenue": "1,118,274", "Gross Profit": "1,099,438", "Operating Expense": "1,081,572", "Operating Income": "17,866", "Net Non Operating Interest Income Expense": "-27,857", "Other Income Expense": "-21,340", "Pretax Income": "-31,331", "Tax Provision": "18,681", "Net Income Common Stockholders": "-52,365", "Diluted NI Available to Com Stockholders": "-52,365", "Basic EPS": "-1.04", "Diluted EPS": "-1.04", "Basic Average Shares": "50,200", "Diluted Average Shares": "50,200", "Total Operating Income as Reported": "-28,383", "Total Expenses": "2,199,846", "Net Income from Continuing & Discontinued Operation": "-52,365", "Normalized Income": "-36,578", "Interest Income": "2,075", "Interest Expense": "29,932", "Net Interest Income": "-27,857", "EBIT": "-1,399", "EBITDA": "-", "Reconciled Cost of Revenue": "1,118,274", "Reconciled Depreciation": "54,792", "Net Income from Continuing Operation Net Minority Interest": "-52,365", "Total Unusual Items Excluding Goodwill": "-21,626", "Total Unusual Items": "-21,626", "Normalized EBITDA": "75,019", "Tax Rate for Calcs": "0", "Tax Effect of Unusual Items": "-5,839"}, "12/31/2018": {"Duration": "12/31/2018", "Total Revenue": "2,541,488", "Cost of Revenue": "1,201,351", "Gross Profit": "1,340,137", "Operating Expense": "1,224,584", "Operating Income": "115,553", "Net Non Operating Interest Income Expense": "-39,898", "Other Income Expense": "-55,485", "Pretax Income": "20,170", "Tax Provision": "21,108", "Net Income Common Stockholders": "-3,478", "Diluted NI Available to Com Stockholders": "-3,478", "Basic EPS": "-0.07", "Diluted EPS": "-0.07", "Basic Average Shares": "49,200", "Diluted Average Shares": "49,200", "Total Operating Income as Reported": "62,711", "Total Expenses": "2,425,935", "Net Income from Continuing & Discontinued Operation": "-3,478", "Normalized Income": "37,401", "Interest Income": "2,605", "Interest Expense": "42,503", "Net Interest Income": "-39,898", "EBIT": "62,673", "EBITDA": "-", "Reconciled Cost of Revenue": "1,201,351", "Reconciled Depreciation": "67,584", "Net Income from Continuing Operation Net Minority Interest": "-3,478", "Total Unusual Items Excluding Goodwill": "-55,999", "Total Unusual Items": "-55,999", "Normalized EBITDA": "186,256", "Tax Rate for Calcs": "0", "Tax Effect of Unusual Items": "-15,120"}}, "bs": {"12/31/2020": {"Duration": "12/31/2020", "Total Assets": "1,478,505", "Total Liabilities Net Minority Interest": "1,038,473", "Total Equity Gross Minority Interest": "440,032", "Total Capitalization": "624,942", "Common Stock Equity": "439,090", "Capital Lease Obligations": "295,486", "Net Tangible Assets": "421,336", "Working Capital": "431,949", "Invested Capital": "666,503", "Tangible Book Value": "421,336", "Total Debt": "522,899", "Net Debt": "-", "Share Issued": "51,474", "Ordinary Shares Number": "51,474"}, "12/31/2019": {"Duration": "12/31/2019", "Total Assets": "1,604,732", "Total Liabilities Net Minority Interest": "1,100,891", "Total Equity Gross Minority Interest": "503,841", "Total Capitalization": "681,850", "Common Stock Equity": "503,054", "Capital Lease Obligations": "357,527", "Net Tangible Assets": "476,175", "Working Capital": "500,278", "Invested Capital": "708,078", "Tangible Book Value": "476,175", "Total Debt": "562,551", "Net Debt": "4,806", "Share Issued": "50,516", "Ordinary Shares Number": "50,516"}, "12/31/2018": {"Duration": "12/31/2018", "Total Assets": "1,575,198", "Total Liabilities Net Minority Interest": "986,567", "Total Equity Gross Minority Interest": "588,631", "Total Capitalization": "855,331", "Common Stock Equity": "585,543", "Capital Lease Obligations": "-", "Net Tangible Assets": "517,276", "Working Capital": "652,766", "Invested Capital": "981,758", "Tangible Book Value": "517,276", "Total Debt": "396,215", "Net Debt": "-", "Share Issued": "49,518", "Ordinary Shares Number": "49,518"}}, "cf": {"TTM": {"Duration": "TTM", "Operating Cash Flow": "37,494", "Investing Cash Flow": "21,105", "Financing Cash Flow": "-144,450", "End Cash Position": "151,951", "Capital Expenditure": "-23,881", "Issuance of Debt": "388,363", "Repayment of Debt": "-515,378", "Repurchase of Capital Stock": "-5,653", "Free Cash Flow": "-118,872"}, "12/31/2020": {"Duration": "12/31/2020", "Operating Cash Flow": "101,238", "Investing Cash Flow": "-10,616", "Financing Cash Flow": "10,752", "End Cash Position": "324,246", "Capital Expenditure": "-10,694", "Issuance of Debt": "317,250", "Repayment of Debt": "-295,771", "Repurchase of Capital Stock": "-727", "Free Cash Flow": "90,544"}, "12/31/2019": {"Duration": "12/31/2019", "Operating Cash Flow": "-14,209", "Investing Cash Flow": "18,679", "Financing Cash Flow": "-208,486", "End Cash Position": "207,749", "Capital Expenditure": "-24,146", "Issuance of Debt": "685,332", "Repayment of Debt": "-870,552", "Repurchase of Capital Stock": "-5,366", "Free Cash Flow": "-38,355"}, "12/31/2018": {"Duration": "12/31/2018", "Operating Cash Flow": "248,139", "Investing Cash Flow": "-15,618", "Financing Cash Flow": "-62,657", "End Cash Position": "410,883", "Capital Expenditure": "-17,961", "Issuance of Debt": "811,007", "Repayment of Debt": "-857,474", "Repurchase of Capital Stock": "-4,803", "Free Cash Flow": "230,178"}}}}, {"FORD": {"quote": {"05/11/2021": {"value": "2.3000", "Market Cap": "22.739M", "Beta (5Y Monthly)": "1.01", "PE Ratio (TTM)": "N/A", "EPS (TTM)": "-0.0540", "Earnings Date": "Feb 12, 2021", "Forward Dividend & Yield": "N/A (N/A)", "Ex-Dividend Date": "N/A", "1y Target Est": "N/A"}}, "fin": {"TTM": {"Duration": "TTM", "Total Revenue": "35,803", "Cost of Revenue": "28,622", "Gross Profit": "7,181", "Operating Expense": "8,287", "Operating Income": "-1,106", "Net Non Operating Interest Income Expense": "-86.726", "Other Income Expense": "707.052", "Pretax Income": "-485.421", "Tax Provision": "9.167", "Net Income Common Stockholders": "-494.588", "Diluted NI Available to Com Stockholders": "-494.588", "Basic EPS": "-", "Diluted EPS": "-", "Basic Average Shares": "-", "Diluted Average Shares": "-", "Total Operating Income as Reported": "-2,121", "Total Expenses": "36,909", "Net Income from Continuing & Discontinued Operation": "-494.588", "Normalized Income": "-1,021", "Interest Income": "83.679", "Interest Expense": "170.405", "Net Interest Income": "-86.726", "EBIT": "-315.016", "EBITDA": "-18.238", "Reconciled Cost of Revenue": "28,622", "Reconciled Depreciation": "296.778", "Net Income from Continuing Operation Net Minority Interest": "-494.588", "Total Unusual Items Excluding Goodwill": "721.57", "Total Unusual Items": "721.57", "Normalized EBITDA": "-739.808", "Tax Rate for Calcs": "0", "Tax Effect of Unusual Items": "194.8239"}, "9/30/2020": {"Duration": "9/30/2020", "Total Revenue": "34,478", "Cost of Revenue": "27,840", "Gross Profit": "6,639", "Operating Expense": "7,606", "Operating Income": "-967.383", "Net Non Operating Interest Income Expense": "-114.03", "Other Income Expense": "-684.701", "Pretax Income": "-1,766", "Tax Provision": "9.167", "Net Income Common Stockholders": "-1,775", "Diluted NI Available to Com Stockholders": "-1,775", "Basic EPS": "-0.19", "Diluted EPS": "-0.19", "Basic Average Shares": "9,583", "Diluted Average Shares": "9,583", "Total Operating Income as Reported": "-1,982", "Total Expenses": "35,446", "Net Income from Continuing & Discontinued Operation": "-1,775", "Normalized Income": "-1,290", "Interest Income": "60.932", "Interest Expense": "174.962", "Net Interest Income": "-114.03", "EBIT": "-1,591", "EBITDA": "-", "Reconciled Cost of Revenue": "27,840", "Reconciled Depreciation": "271.973", "Net Income from Continuing Operation Net Minority Interest": "-1,775", "Total Unusual Items Excluding Goodwill": "-665", "Total Unusual Items": "-665", "Normalized EBITDA": "-654.179", "Tax Rate for Calcs": "0", "Tax Effect of Unusual Items": "-179.55"}, "9/30/2019": {"Duration": "9/30/2019", "Total Revenue": "37,409", "Cost of Revenue": "30,828", "Gross Profit": "6,581", "Operating Expense": "9,678", "Operating Income": "-3,097", "Net Non Operating Interest Income Expense": "-201.004", "Other Income Expense": "-309.805", "Pretax Income": "-3,608", "Tax Provision": "-4.162", "Net Income Common Stockholders": "-3,604", "Diluted NI Available to Com Stockholders": "-3,604", "Basic EPS": "-0.38", "Diluted EPS": "-0.38", "Basic Average Shares": "9,532", "Diluted Average Shares": "9,532", "Total Operating Income as Reported": "-3,097", "Total Expenses": "40,506", "Net Income from Continuing & Discontinued Operation": "-3,604", "Normalized Income": "-3,344", "Interest Income": "-", "Interest Expense": "201.004", "Net Interest Income": "-201.004", "EBIT": "-3,407", "EBITDA": "-", "Reconciled Cost of Revenue": "30,828", "Reconciled Depreciation": "311.581", "Net Income from Continuing Operation Net Minority Interest": "-3,604", "Total Unusual Items Excluding Goodwill": "-260", "Total Unusual Items": "-260", "Normalized EBITDA": "-2,836", "Tax Rate for Calcs": "0", "Tax Effect of Unusual Items": "-0.26"}, "9/30/2018": {"Duration": "9/30/2018", "Total Revenue": "34,500", "Cost of Revenue": "27,931", "Gross Profit": "6,568", "Operating Expense": "6,307", "Operating Income": "260.652", "Net Non Operating Interest Income Expense": "-115.447", "Other Income Expense": "487.115", "Pretax Income": "632.32", "Tax Provision": "-747", "Net Income Common Stockholders": "1,379", "Diluted NI Available to Com Stockholders": "1,379", "Basic EPS": "0.15", "Diluted EPS": "0.15", "Basic Average Shares": "9,265", "Diluted Average Shares": "9,355", "Total Operating Income as Reported": "260.652", "Total Expenses": "34,239", "Net Income from Continuing & Discontinued Operation": "1,379", "Normalized Income": "1,007", "Interest Income": "-", "Interest Expense": "115.447", "Net Interest Income": "-115.447", "EBIT": "747.767", "EBITDA": "-", "Reconciled Cost of Revenue": "27,931", "Reconciled Depreciation": "228.189", "Net Income from Continuing Operation Net Minority Interest": "1,379", "Total Unusual Items Excluding Goodwill": "510", "Total Unusual Items": "510", "Normalized EBITDA": "465.956", "Tax Rate for Calcs": "0", "Tax Effect of Unusual Items": "137.7"}}, "bs": {"9/30/2020": {"Duration": "9/30/2020", "Total Assets": "19,356", "Total Liabilities Net Minority Interest": "12,773", "Total Equity Gross Minority Interest": "6,583", "Total Capitalization": "7,113", "Common Stock Equity": "6,583", "Capital Lease Obligations": "3,650", "Net Tangible Assets": "3,293", "Working Capital": "3,396", "Invested Capital": "10,696", "Tangible Book Value": "3,293", "Total Debt": "7,763", "Net Debt": "1,189", "Share Issued": "9,884", "Ordinary Shares Number": "9,884"}, "9/30/2019": {"Duration": "9/30/2019", "Total Assets": "16,094", "Total Liabilities Net Minority Interest": "8,383", "Total Equity Gross Minority Interest": "7,711", "Total Capitalization": "7,711", "Common Stock Equity": "7,711", "Capital Lease Obligations": "66.379", "Net Tangible Assets": "4,280", "Working Capital": "3,543", "Invested Capital": "10,666", "Tangible Book Value": "4,280", "Total Debt": "3,021", "Net Debt": "-", "Share Issued": "9,534", "Ordinary Shares Number": "9,534"}, "9/30/2018": {"Duration": "9/30/2018", "Total Assets": "19,228", "Total Liabilities Net Minority Interest": "8,128", "Total Equity Gross Minority Interest": "11,100", "Total Capitalization": "11,154", "Common Stock Equity": "11,100", "Capital Lease Obligations": "120.917", "Net Tangible Assets": "7,506", "Working Capital": "7,587", "Invested Capital": "13,274", "Tangible Book Value": "7,506", "Total Debt": "2,295", "Net Debt": "-", "Share Issued": "9,534", "Ordinary Shares Number": "9,534"}}, "cf": {"TTM": {"Duration": "TTM", "Operating Cash Flow": "9.879", "Investing Cash Flow": "-414.114", "Financing Cash Flow": "667.75", "End Cash Position": "2,332", "Income Tax Paid Supplemental Data": "4.601", "Interest Paid Supplemental Data": "173.446", "Capital Expenditure": "-92.51", "Issuance of Debt": "-", "Repayment of Debt": "-1,322", "Repurchase of Capital Stock": "-", "Free Cash Flow": "-82.631"}, "9/30/2020": {"Duration": "9/30/2020", "Operating Cash Flow": "-262.946", "Investing Cash Flow": "-390.06", "Financing Cash Flow": "484.82", "End Cash Position": "2,925", "Income Tax Paid Supplemental Data": "4.854", "Interest Paid Supplemental Data": "178.114", "Capital Expenditure": "-68.456", "Issuance of Debt": "2,257", "Repayment of Debt": "-1,304", "Repurchase of Capital Stock": "-", "Free Cash Flow": "-331.402"}, "9/30/2019": {"Duration": "9/30/2019", "Operating Cash Flow": "-1,970", "Investing Cash Flow": "-33.138", "Financing Cash Flow": "725.814", "End Cash Position": "3,093", "Income Tax Paid Supplemental Data": "0", "Interest Paid Supplemental Data": "201.004", "Capital Expenditure": "-33.138", "Issuance of Debt": "1,550", "Repayment of Debt": "-824.186", "Repurchase of Capital Stock": "-", "Free Cash Flow": "-2,003"}, "9/30/2018": {"Duration": "9/30/2018", "Operating Cash Flow": "956.485", "Investing Cash Flow": "-1,385", "Financing Cash Flow": "175.846", "End Cash Position": "4,370", "Income Tax Paid Supplemental Data": "2.69", "Interest Paid Supplemental Data": "115.444", "Capital Expenditure": "-55.881", "Issuance of Debt": "2,500", "Repayment of Debt": "-1,824", "Repurchase of Capital Stock": "-", "Free Cash Flow": "900.604"}}}}, {"WEYS": {"quote": {"05/11/2021": {"value": "21.00", "Market Cap": "204.39M", "Beta (5Y Monthly)": "0.64", "PE Ratio (TTM)": "N/A", "EPS (TTM)": "-0.86", "Earnings Date": "Aug 02, 2021 - Aug 06, 2021", "Forward Dividend & Yield": "0.96 (4.57%)", "Ex-Dividend Date": "May 27, 2021", "1y Target Est": "N/A"}}, "fin": {"TTM": {"Duration": "TTM", "Total Revenue": "195,375", "Cost of Revenue": "116,817", "Gross Profit": "78,558", "Operating Expense": "86,156", "Operating Income": "-7,598", "Net Non Operating Interest Income Expense": "448", "Other Income Expense": "96", "Pretax Income": "-7,054", "Tax Provision": "1,431", "Net Income Common Stockholders": "-8,485", "Diluted NI Available to Com Stockholders": "-8,485", "Basic EPS": "-", "Diluted EPS": "-", "Basic Average Shares": "-", "Diluted Average Shares": "-", "Total Operating Income as Reported": "-7,598", "Total Expenses": "202,973", "Net Income from Continuing & Discontinued Operation": "-8,485", "Normalized Income": "-8,485", "Interest Income": "527", "Interest Expense": "79", "Net Interest Income": "448", "EBIT": "-6,975", "EBITDA": "-3,758", "Reconciled Cost of Revenue": "116,817", "Reconciled Depreciation": "3,217", "Net Income from Continuing Operation Net Minority Interest": "-8,485", "Total Unusual Items Excluding Goodwill": "-", "Total Unusual Items": "-", "Normalized EBITDA": "-3,758", "Tax Rate for Calcs": "0", "Tax Effect of Unusual Items": "0"}, "12/31/2020": {"Duration": "12/31/2020", "Total Revenue": "195,375", "Cost of Revenue": "116,817", "Gross Profit": "78,558", "Operating Expense": "86,156", "Operating Income": "-7,598", "Net Non Operating Interest Income Expense": "448", "Other Income Expense": "96", "Pretax Income": "-7,054", "Tax Provision": "1,431", "Net Income Common Stockholders": "-8,485", "Diluted NI Available to Com Stockholders": "-8,485", "Basic EPS": "-0.87", "Diluted EPS": "-0.87", "Basic Average Shares": "9,758", "Diluted Average Shares": "9,758", "Total Operating Income as Reported": "-7,598", "Total Expenses": "202,973", "Net Income from Continuing & Discontinued Operation": "-8,485", "Normalized Income": "-8,485", "Interest Income": "527", "Interest Expense": "79", "Net Interest Income": "448", "EBIT": "-6,975", "EBITDA": "-", "Reconciled Cost of Revenue": "116,817", "Reconciled Depreciation": "3,217", "Net Income from Continuing Operation Net Minority Interest": "-8,485", "Total Unusual Items Excluding Goodwill": "-", "Total Unusual Items": "-", "Normalized EBITDA": "-3,758", "Tax Rate for Calcs": "0", "Tax Effect of Unusual Items": "0"}, "12/31/2019": {"Duration": "12/31/2019", "Total Revenue": "304,011", "Cost of Revenue": "180,049", "Gross Profit": "123,962", "Operating Expense": "96,922", "Operating Income": "27,040", "Net Non Operating Interest Income Expense": "579", "Other Income Expense": "-535", "Pretax Income": "27,084", "Tax Provision": "6,202", "Net Income Common Stockholders": "20,882", "Diluted NI Available to Com Stockholders": "20,882", "Basic EPS": "2.11", "Diluted EPS": "2.10", "Basic Average Shares": "9,904", "Diluted Average Shares": "9,953", "Total Operating Income as Reported": "27,040", "Total Expenses": "276,971", "Net Income from Continuing & Discontinued Operation": "20,882", "Normalized Income": "20,882", "Interest Income": "823", "Interest Expense": "244", "Net Interest Income": "579", "EBIT": "27,328", "EBITDA": "-", "Reconciled Cost of Revenue": "180,049", "Reconciled Depreciation": "3,486", "Net Income from Continuing Operation Net Minority Interest": "20,882", "Total Unusual Items Excluding Goodwill": "-", "Total Unusual Items": "-", "Normalized EBITDA": "30,814", "Tax Rate for Calcs": "0", "Tax Effect of Unusual Items": "0"}, "12/31/2018": {"Duration": "12/31/2018", "Total Revenue": "298,375", "Cost of Revenue": "178,295", "Gross Profit": "120,080", "Operating Expense": "94,621", "Operating Income": "25,459", "Net Non Operating Interest Income Expense": "936", "Other Income Expense": "-638", "Pretax Income": "25,757", "Tax Provision": "5,798", "Net Income Common Stockholders": "20,484", "Diluted NI Available to Com Stockholders": "20,484", "Basic EPS": "2.01", "Diluted EPS": "1.97", "Basic Average Shares": "10,168", "Diluted Average Shares": "10,391", "Total Operating Income as Reported": "25,459", "Total Expenses": "272,916", "Net Income from Continuing & Discontinued Operation": "20,484", "Normalized Income": "20,484", "Interest Income": "981", "Interest Expense": "45", "Net Interest Income": "936", "EBIT": "25,802", "EBITDA": "-", "Reconciled Cost of Revenue": "178,295", "Reconciled Depreciation": "4,030", "Net Income from Continuing Operation Net Minority Interest": "20,484", "Total Unusual Items Excluding Goodwill": "-", "Total Unusual Items": "-", "Normalized EBITDA": "29,832", "Tax Rate for Calcs": "0", "Tax Effect of Unusual Items": "0"}}, "bs": {"12/31/2020": {"Duration": "12/31/2020", "Total Assets": "256,719", "Total Liabilities Net Minority Interest": "68,794", "Total Equity Gross Minority Interest": "187,925", "Total Capitalization": "187,925", "Common Stock Equity": "187,925", "Capital Lease Obligations": "11,979", "Net Tangible Assets": "142,739", "Working Capital": "109,986", "Invested Capital": "187,925", "Tangible Book Value": "142,739", "Total Debt": "11,979", "Share Issued": "9,797", "Ordinary Shares Number": "9,797"}, "12/31/2019": {"Duration": "12/31/2019", "Total Assets": "296,917", "Total Liabilities Net Minority Interest": "86,923", "Total Equity Gross Minority Interest": "209,994", "Total Capitalization": "209,994", "Common Stock Equity": "209,994", "Capital Lease Obligations": "20,615", "Net Tangible Assets": "164,575", "Working Capital": "118,119", "Invested Capital": "217,043", "Tangible Book Value": "164,575", "Total Debt": "27,664", "Share Issued": "9,873", "Ordinary Shares Number": "9,873"}, "12/31/2018": {"Duration": "12/31/2018", "Total Assets": "270,044", "Total Liabilities Net Minority Interest": "64,461", "Total Equity Gross Minority Interest": "205,583", "Total Capitalization": "205,583", "Common Stock Equity": "205,583", "Capital Lease Obligations": "-", "Net Tangible Assets": "159,931", "Working Capital": "117,965", "Invested Capital": "211,423", "Tangible Book Value": "159,931", "Total Debt": "5,840", "Share Issued": "10,057", "Ordinary Shares Number": "10,057"}}, "cf": {"TTM": {"Duration": "TTM", "Operating Cash Flow": "39,981", "Investing Cash Flow": "3,157", "Financing Cash Flow": "-20,888", "End Cash Position": "32,476", "Income Tax Paid Supplemental Data": "914", "Interest Paid Supplemental Data": "72", "Capital Expenditure": "-3,368", "Issuance of Debt": "33,947", "Repayment of Debt": "-40,996", "Repurchase of Capital Stock": "-2,063", "Free Cash Flow": "36,613"}, "12/31/2020": {"Duration": "12/31/2020", "Operating Cash Flow": "39,981", "Investing Cash Flow": "3,157", "Financing Cash Flow": "-20,888", "End Cash Position": "32,476", "Income Tax Paid Supplemental Data": "914", "Interest Paid Supplemental Data": "72", "Capital Expenditure": "-3,368", "Issuance of Debt": "33,947", "Repayment of Debt": "-40,996", "Repurchase of Capital Stock": "-2,063", "Free Cash Flow": "36,613"}, "12/31/2019": {"Duration": "12/31/2019", "Operating Cash Flow": "9,387", "Investing Cash Flow": "-8,938", "Financing Cash Flow": "-13,692", "End Cash Position": "9,799", "Income Tax Paid Supplemental Data": "7,604", "Interest Paid Supplemental Data": "244", "Capital Expenditure": "-7,392", "Issuance of Debt": "151,358", "Repayment of Debt": "-150,149", "Repurchase of Capital Stock": "-5,649", "Free Cash Flow": "1,995"}, "12/31/2018": {"Duration": "12/31/2018", "Operating Cash Flow": "13,052", "Investing Cash Flow": "1,824", "Financing Cash Flow": "-14,911", "End Cash Position": "22,973", "Income Tax Paid Supplemental Data": "3,669", "Interest Paid Supplemental Data": "45", "Capital Expenditure": "-1,410", "Issuance of Debt": "60,340", "Repayment of Debt": "-54,500", "Repurchase of Capital Stock": "-11,414", "Free Cash Flow": "11,642"}}}}, {"NKE": {"quote": {"05/11/2021": {"value": "137.12", "Market Cap": "216.645B", "Beta (5Y Monthly)": "0.86", "PE Ratio (TTM)": "64.10", "EPS (TTM)": "2.14", "Earnings Date": "Jun 23, 2021 - Jun 28, 2021", "Forward Dividend & Yield": "1.10 (0.81%)", "Ex-Dividend Date": "May 28, 2021", "1y Target Est": "163.41"}}, "fin": {"TTM": {"Duration": "TTM", "Total Revenue": "38,507,000", "Cost of Revenue": "21,847,000", "Gross Profit": "16,660,000", "Operating Expense": "12,474,000", "Operating Income": "4,186,000", "Net Non Operating Interest Income Expense": "-249,000", "Other Income Expense": "66,000", "Pretax Income": "4,003,000", "Tax Provision": "575,000", "Net Income Common Stockholders": "3,428,000", "Diluted NI Available to Com Stockholders": "3,428,000", "Basic EPS": "-", "Diluted EPS": "-", "Basic Average Shares": "-", "Diluted Average Shares": "-", "Total Expenses": "34,321,000", "Net Income from Continuing & Discontinued Operation": "4,304,000", "Normalized Income": "3,428,000", "Net Interest Income": "-249,000", "EBIT": "4,186,000", "EBITDA": "4,186,000", "Reconciled Cost of Revenue": "21,847,000", "Reconciled Depreciation": "-", "Net Income from Continuing Operation Net Minority Interest": "3,428,000", "Normalized EBITDA": "5,695,000", "Tax Rate for Calcs": "0", "Tax Effect of Unusual Items": "0"}, "5/31/2020": {"Duration": "5/31/2020", "Total Revenue": "37,403,000", "Cost of Revenue": "21,162,000", "Gross Profit": "16,241,000", "Operating Expense": "13,126,000", "Operating Income": "3,115,000", "Net Non Operating Interest Income Expense": "-89,000", "Other Income Expense": "-139,000", "Pretax Income": "2,887,000", "Tax Provision": "348,000", "Net Income Common Stockholders": "2,539,000", "Diluted NI Available to Com Stockholders": "2,539,000", "Basic EPS": "1.63", "Diluted EPS": "1.60", "Basic Average Shares": "1,558,800", "Diluted Average Shares": "1,591,600", "Total Expenses": "34,288,000", "Net Income from Continuing & Discontinued Operation": "2,539,000", "Normalized Income": "2,539,000", "Net Interest Income": "-89,000", "EBIT": "3,115,000", "EBITDA": "-", "Reconciled Cost of Revenue": "21,162,000", "Reconciled Depreciation": "1,119,000", "Net Income from Continuing Operation Net Minority Interest": "2,539,000", "Normalized EBITDA": "4,234,000", "Tax Rate for Calcs": "0", "Tax Effect of Unusual Items": "0"}, "5/31/2019": {"Duration": "5/31/2019", "Total Revenue": "39,117,000", "Cost of Revenue": "21,643,000", "Gross Profit": "17,474,000", "Operating Expense": "12,702,000", "Operating Income": "4,772,000", "Net Non Operating Interest Income Expense": "-49,000", "Other Income Expense": "78,000", "Pretax Income": "4,801,000", "Tax Provision": "772,000", "Net Income Common Stockholders": "4,029,000", "Diluted NI Available to Com Stockholders": "4,029,000", "Basic EPS": "2.55", "Diluted EPS": "2.49", "Basic Average Shares": "1,579,700", "Diluted Average Shares": "1,618,400", "Total Expenses": "34,345,000", "Net Income from Continuing & Discontinued Operation": "4,029,000", "Normalized Income": "4,029,000", "Net Interest Income": "-49,000", "EBIT": "4,772,000", "EBITDA": "-", "Reconciled Cost of Revenue": "21,643,000", "Reconciled Depreciation": "720,000", "Net Income from Continuing Operation Net Minority Interest": "4,029,000", "Normalized EBITDA": "5,492,000", "Tax Rate for Calcs": "0", "Tax Effect of Unusual Items": "0"}, "5/31/2018": {"Duration": "5/31/2018", "Total Revenue": "36,397,000", "Cost of Revenue": "20,441,000", "Gross Profit": "15,956,000", "Operating Expense": "11,511,000", "Operating Income": "4,445,000", "Net Non Operating Interest Income Expense": "-54,000", "Other Income Expense": "-66,000", "Pretax Income": "4,325,000", "Tax Provision": "2,392,000", "Net Income Common Stockholders": "1,933,000", "Diluted NI Available to Com Stockholders": "1,933,000", "Basic EPS": "1.19", "Diluted EPS": "1.17", "Basic Average Shares": "1,623,800", "Diluted Average Shares": "1,659,100", "Total Expenses": "31,952,000", "Net Income from Continuing & Discontinued Operation": "1,933,000", "Normalized Income": "1,933,000", "Net Interest Income": "-54,000", "EBIT": "4,445,000", "EBITDA": "-", "Reconciled Cost of Revenue": "20,441,000", "Reconciled Depreciation": "774,000", "Net Income from Continuing Operation Net Minority Interest": "1,933,000", "Normalized EBITDA": "5,219,000", "Tax Rate for Calcs": "0", "Tax Effect of Unusual Items": "0"}}, "bs": {"5/31/2020": {"Duration": "5/31/2020", "Total Assets": "31,342,000", "Total Liabilities Net Minority Interest": "23,287,000", "Total Equity Gross Minority Interest": "8,055,000", "Total Capitalization": "17,461,000", "Common Stock Equity": "8,055,000", "Capital Lease Obligations": "3,358,000", "Net Tangible Assets": "7,558,000", "Working Capital": "12,272,000", "Invested Capital": "17,712,000", "Tangible Book Value": "7,558,000", "Total Debt": "13,015,000", "Net Debt": "1,309,000", "Share Issued": "1,558,000", "Ordinary Shares Number": "1,558,000"}, "5/31/2019": {"Duration": "5/31/2019", "Total Assets": "23,717,000", "Total Liabilities Net Minority Interest": "14,677,000", "Total Equity Gross Minority Interest": "9,040,000", "Total Capitalization": "12,504,000", "Common Stock Equity": "9,040,000", "Capital Lease Obligations": "-", "Net Tangible Assets": "8,603,000", "Working Capital": "8,659,000", "Invested Capital": "12,519,000", "Tangible Book Value": "8,603,000", "Total Debt": "3,479,000", "Net Debt": "-", "Share Issued": "1,568,000", "Ordinary Shares Number": "1,568,000"}, "5/31/2018": {"Duration": "5/31/2018", "Total Assets": "22,536,000", "Total Liabilities Net Minority Interest": "12,724,000", "Total Equity Gross Minority Interest": "9,812,000", "Total Capitalization": "13,280,000", "Common Stock Equity": "9,812,000", "Capital Lease Obligations": "-", "Net Tangible Assets": "9,373,000", "Working Capital": "9,094,000", "Invested Capital": "13,622,000", "Tangible Book Value": "9,373,000", "Total Debt": "3,810,000", "Net Debt": "-", "Share Issued": "1,601,000", "Ordinary Shares Number": "1,601,000"}}, "cf": {"TTM": {"Duration": "TTM", "Operating Cash Flow": "-", "Investing Cash Flow": "-", "Financing Cash Flow": "-", "End Cash Position": "-", "Income Tax Paid Supplemental Data": "-", "Interest Paid Supplemental Data": "-", "Capital Expenditure": "-", "Issuance of Debt": "-", "Repayment of Debt": "-", "Repurchase of Capital Stock": "-", "Free Cash Flow": "-"}, "5/31/2020": {"Duration": "5/31/2020", "Operating Cash Flow": "2,485,000", "Investing Cash Flow": "-1,028,000", "Financing Cash Flow": "2,491,000", "End Cash Position": "8,348,000", "Income Tax Paid Supplemental Data": "1,028,000", "Interest Paid Supplemental Data": "140,000", "Capital Expenditure": "-1,086,000", "Issuance of Debt": "6,134,000", "Repayment of Debt": "-", "Repurchase of Capital Stock": "-3,067,000", "Free Cash Flow": "1,399,000"}, "5/31/2019": {"Duration": "5/31/2019", "Operating Cash Flow": "5,903,000", "Investing Cash Flow": "-264,000", "Financing Cash Flow": "-5,293,000", "End Cash Position": "4,466,000", "Income Tax Paid Supplemental Data": "757,000", "Interest Paid Supplemental Data": "153,000", "Capital Expenditure": "-1,119,000", "Issuance of Debt": "0", "Repayment of Debt": "-33,000", "Repurchase of Capital Stock": "-4,286,000", "Free Cash Flow": "4,784,000"}, "5/31/2018": {"Duration": "5/31/2018", "Operating Cash Flow": "4,955,000", "Investing Cash Flow": "276,000", "Financing Cash Flow": "-4,835,000", "End Cash Position": "4,249,000", "Income Tax Paid Supplemental Data": "529,000", "Interest Paid Supplemental Data": "125,000", "Capital Expenditure": "-1,028,000", "Issuance of Debt": "-", "Repayment of Debt": "-29,000", "Repurchase of Capital Stock": "-4,254,000", "Free Cash Flow": "3,927,000"}}}}, {"SKX": {"quote": {"05/11/2021": {"value": "49.10", "Market Cap": "7.616B", "Beta (5Y Monthly)": "1.44", "PE Ratio (TTM)": "51.52", "EPS (TTM)": "0.95", "Earnings Date": "Jul 21, 2021 - Jul 26, 2021", "Forward Dividend & Yield": "N/A (N/A)", "Ex-Dividend Date": "N/A", "1y Target Est": "56.10"}}, "fin": {"TTM": {"Duration": "TTM", "Total Revenue": "4,656,547", "Cost of Revenue": "2,449,500", "Gross Profit": "2,207,047", "Operating Expense": "1,981,710", "Operating Income": "225,337", "Net Non Operating Interest Income Expense": "-1,685", "Other Income Expense": "5,879", "Pretax Income": "229,531", "Tax Provision": "39,353", "Net Income Common Stockholders": "143,626", "Diluted NI Available to Com Stockholders": "143,626", "Basic EPS": "-", "Diluted EPS": "-", "Basic Average Shares": "-", "Diluted Average Shares": "-", "Total Operating Income as Reported": "225,337", "Total Expenses": "4,431,210", "Net Income from Continuing & Discontinued Operation": "143,626", "Normalized Income": "143,626", "Interest Income": "9,427", "Interest Expense": "11,112", "Net Interest Income": "-1,685", "EBIT": "240,643", "EBITDA": "371,496", "Reconciled Cost of Revenue": "2,449,500", "Reconciled Depreciation": "130,853", "Net Income from Continuing Operation Net Minority Interest": "143,626", "Normalized EBITDA": "371,496", "Tax Rate for Calcs": "0", "Tax Effect of Unusual Items": "0"}, "12/31/2020": {"Duration": "12/31/2020", "Total Revenue": "4,597,414", "Cost of Revenue": "2,407,633", "Gross Profit": "2,189,781", "Operating Expense": "2,056,097", "Operating Income": "133,684", "Net Non Operating Interest Income Expense": "-10,415", "Other Income Expense": "31,460", "Pretax Income": "154,729", "Tax Provision": "8,502", "Net Income Common Stockholders": "98,564", "Diluted NI Available to Com Stockholders": "98,564", "Basic EPS": "-", "Diluted EPS": "-", "Basic Average Shares": "-", "Diluted Average Shares": "-", "Total Operating Income as Reported": "133,684", "Total Expenses": "4,463,730", "Net Income from Continuing & Discontinued Operation": "98,564", "Normalized Income": "98,564", "Interest Income": "5,912", "Interest Expense": "16,327", "Net Interest Income": "-10,415", "EBIT": "171,056", "EBITDA": "-", "Reconciled Cost of Revenue": "2,407,633", "Reconciled Depreciation": "142,810", "Net Income from Continuing Operation Net Minority Interest": "98,564", "Normalized EBITDA": "313,866", "Tax Rate for Calcs": "0", "Tax Effect of Unusual Items": "0"}, "12/31/2019": {"Duration": "12/31/2019", "Total Revenue": "5,220,051", "Cost of Revenue": "2,728,894", "Gross Profit": "2,491,157", "Operating Expense": "1,972,714", "Operating Income": "518,443", "Net Non Operating Interest Income Expense": "4,273", "Other Income Expense": "-6,711", "Pretax Income": "516,005", "Tax Provision": "88,753", "Net Income Common Stockholders": "346,560", "Diluted NI Available to Com Stockholders": "346,560", "Basic EPS": "2.26", "Diluted EPS": "2.25", "Basic Average Shares": "153,392", "Diluted Average Shares": "154,151", "Total Operating Income as Reported": "518,443", "Total Expenses": "4,701,608", "Net Income from Continuing & Discontinued Operation": "346,560", "Normalized Income": "346,560", "Interest Income": "11,782", "Interest Expense": "7,509", "Net Interest Income": "4,273", "EBIT": "523,514", "EBITDA": "-", "Reconciled Cost of Revenue": "2,728,894", "Reconciled Depreciation": "111,515", "Net Income from Continuing Operation Net Minority Interest": "346,560", "Normalized EBITDA": "635,029", "Tax Rate for Calcs": "0", "Tax Effect of Unusual Items": "0"}, "12/31/2018": {"Duration": "12/31/2018", "Total Revenue": "4,642,068", "Cost of Revenue": "2,418,463", "Gross Profit": "2,223,605", "Operating Expense": "1,785,840", "Operating Income": "437,765", "Net Non Operating Interest Income Expense": "4,281", "Other Income Expense": "-10,162", "Pretax Income": "431,884", "Tax Provision": "60,611", "Net Income Common Stockholders": "301,041", "Diluted NI Available to Com Stockholders": "301,041", "Basic EPS": "1.93", "Diluted EPS": "1.92", "Basic Average Shares": "155,815", "Diluted Average Shares": "156,450", "Total Operating Income as Reported": "437,765", "Total Expenses": "4,204,303", "Net Income from Continuing & Discontinued Operation": "301,041", "Normalized Income": "301,041", "Interest Income": "10,128", "Interest Expense": "5,847", "Net Interest Income": "4,281", "EBIT": "437,731", "EBITDA": "-", "Reconciled Cost of Revenue": "2,418,463", "Reconciled Depreciation": "98,966", "Net Income from Continuing Operation Net Minority Interest": "301,041", "Normalized EBITDA": "536,697", "Tax Rate for Calcs": "0", "Tax Effect of Unusual Items": "0"}}, "bs": {"12/31/2020": {"Duration": "12/31/2020", "Total Assets": "5,812,369", "Total Liabilities Net Minority Interest": "3,086,706", "Total Equity Gross Minority Interest": "2,725,663", "Total Capitalization": "3,160,850", "Common Stock Equity": "2,481,435", "Capital Lease Obligations": "1,269,439", "Net Tangible Assets": "2,387,938", "Working Capital": "2,131,645", "Invested Capital": "3,216,397", "Tangible Book Value": "2,387,938", "Total Debt": "2,004,401", "Share Issued": "154,634", "Ordinary Shares Number": "154,634"}, "12/31/2019": {"Duration": "12/31/2019", "Total Assets": "4,892,943", "Total Liabilities Net Minority Interest": "2,356,836", "Total Equity Gross Minority Interest": "2,536,107", "Total Capitalization": "2,363,848", "Common Stock Equity": "2,314,665", "Capital Lease Obligations": "1,157,140", "Net Tangible Assets": "2,314,665", "Working Capital": "1,581,360", "Invested Capital": "2,435,871", "Tangible Book Value": "2,314,665", "Total Debt": "1,278,346", "Share Issued": "153,479", "Ordinary Shares Number": "153,479"}, "12/31/2018": {"Duration": "12/31/2018", "Total Assets": "3,228,255", "Total Liabilities Net Minority Interest": "1,038,980", "Total Equity Gross Minority Interest": "2,189,275", "Total Capitalization": "2,123,077", "Common Stock Equity": "2,034,958", "Capital Lease Obligations": "-", "Net Tangible Assets": "2,034,958", "Working Capital": "1,621,918", "Invested Capital": "2,131,965", "Tangible Book Value": "2,034,958", "Total Debt": "97,007", "Share Issued": "153,508", "Ordinary Shares Number": "153,508"}}, "cf": {"TTM": {"Duration": "TTM", "Operating Cash Flow": "358,106", "Investing Cash Flow": "-264,639", "Financing Cash Flow": "607,092", "End Cash Position": "1,479,840", "Income Tax Paid Supplemental Data": "34,450", "Interest Paid Supplemental Data": "10,755", "Capital Expenditure": "-260,033", "Issuance of Capital Stock": "-", "Issuance of Debt": "652,319", "Repayment of Debt": "-1,157", "Repurchase of Capital Stock": "0", "Free Cash Flow": "98,073"}, "12/31/2020": {"Duration": "12/31/2020", "Operating Cash Flow": "331,453", "Investing Cash Flow": "-312,468", "Financing Cash Flow": "533,302", "End Cash Position": "1,370,826", "Income Tax Paid Supplemental Data": "-55,825", "Interest Paid Supplemental Data": "-15,987", "Capital Expenditure": "-309,916", "Issuance of Capital Stock": "-", "Issuance of Debt": "702,998", "Repayment of Debt": "-88,849", "Repurchase of Capital Stock": "0", "Free Cash Flow": "21,537"}, "12/31/2019": {"Duration": "12/31/2019", "Operating Cash Flow": "426,552", "Investing Cash Flow": "-344,073", "Financing Cash Flow": "-131,973", "End Cash Position": "824,876", "Income Tax Paid Supplemental Data": "88,753", "Interest Paid Supplemental Data": "7,140", "Capital Expenditure": "-236,111", "Issuance of Capital Stock": "6,173", "Issuance of Debt": "33,296", "Repayment of Debt": "-4,108", "Repurchase of Capital Stock": "-30,019", "Free Cash Flow": "190,441"}, "12/31/2018": {"Duration": "12/31/2018", "Operating Cash Flow": "568,552", "Investing Cash Flow": "-319,414", "Financing Cash Flow": "-119,715", "End Cash Position": "872,237", "Income Tax Paid Supplemental Data": "93,041", "Interest Paid Supplemental Data": "5,568", "Capital Expenditure": "-143,036", "Issuance of Capital Stock": "5,297", "Issuance of Debt": "18,626", "Repayment of Debt": "-1,683", "Repurchase of Capital Stock": "-99,977", "Free Cash Flow": "425,516"}}}}, {"WWW": {"quote": {"05/11/2021": {"value": "42.74", "Market Cap": "3.53B", "Beta (5Y Monthly)": "1.85", "PE Ratio (TTM)": "N/A", "EPS (TTM)": "-1.70", "Earnings Date": "May 12, 2021", "Forward Dividend & Yield": "0.40 (0.91%)", "Ex-Dividend Date": "Jun 30, 2021", "1y Target Est": "42.95"}}, "fin": {"TTM": {"Duration": "TTM", "Total Revenue": "1,791,100", "Cost of Revenue": "1,055,500", "Gross Profit": "735,600", "Operating Expense": "650,500", "Operating Income": "85,100", "Net Non Operating Interest Income Expense": "-43,600", "Other Income Expense": "-225,600", "Pretax Income": "-184,100", "Tax Provision": "-45,500", "Net Income Common Stockholders": "-137,700", "Average Dilution Earnings": "0", "Diluted NI Available to Com Stockholders": "-137,700", "Basic EPS": "-", "Diluted EPS": "-", "Basic Average Shares": "-", "Diluted Average Shares": "-", "Total Operating Income as Reported": "-137,100", "Total Expenses": "1,706,000", "Net Income from Continuing & Discontinued Operation": "-136,900", "Normalized Income": "34,558", "Interest Expense": "43,600", "Net Interest Income": "-43,600", "EBIT": "-140,500", "EBITDA": "-107,700", "Reconciled Cost of Revenue": "1,055,500", "Reconciled Depreciation": "32,800", "Net Income from Continuing Operation Net Minority Interest": "-136,900", "Total Unusual Items Excluding Goodwill": "-227,700", "Total Unusual Items": "-227,700", "Normalized EBITDA": "120,000", "Tax Rate for Calcs": "0", "Tax Effect of Unusual Items": "-56,242"}, "12/31/2020": {"Duration": "12/31/2020", "Total Revenue": "1,791,100", "Cost of Revenue": "1,055,500", "Gross Profit": "735,600", "Operating Expense": "650,500", "Operating Income": "85,100", "Net Non Operating Interest Income Expense": "-43,600", "Other Income Expense": "-225,600", "Pretax Income": "-184,100", "Tax Provision": "-45,500", "Net Income Common Stockholders": "-137,700", "Average Dilution Earnings": "0", "Diluted NI Available to Com Stockholders": "-137,700", "Basic EPS": "-", "Diluted EPS": "-", "Basic Average Shares": "-", "Diluted Average Shares": "-", "Total Operating Income as Reported": "-137,100", "Total Expenses": "1,706,000", "Net Income from Continuing & Discontinued Operation": "-136,900", "Normalized Income": "34,558", "Interest Expense": "43,600", "Net Interest Income": "-43,600", "EBIT": "-140,500", "EBITDA": "-", "Reconciled Cost of Revenue": "1,055,500", "Reconciled Depreciation": "32,800", "Net Income from Continuing Operation Net Minority Interest": "-136,900", "Total Unusual Items Excluding Goodwill": "-227,700", "Total Unusual Items": "-227,700", "Normalized EBITDA": "120,000", "Tax Rate for Calcs": "0", "Tax Effect of Unusual Items": "-56,242"}, "12/31/2019": {"Duration": "12/31/2019", "Total Revenue": "2,273,700", "Cost of Revenue": "1,349,900", "Gross Profit": "923,800", "Operating Expense": "752,800", "Operating Income": "171,000", "Net Non Operating Interest Income Expense": "-30,000", "Other Income Expense": "4,900", "Pretax Income": "145,900", "Tax Provision": "17,000", "Net Income Common Stockholders": "125,900", "Average Dilution Earnings": "100", "Diluted NI Available to Com Stockholders": "126,000", "Basic EPS": "1.58", "Diluted EPS": "1.44", "Basic Average Shares": "81,148", "Diluted Average Shares": "87,200", "Total Operating Income as Reported": "171,000", "Total Expenses": "2,102,700", "Net Income from Continuing & Discontinued Operation": "128,500", "Normalized Income": "128,500", "Interest Expense": "30,000", "Net Interest Income": "-30,000", "EBIT": "175,900", "EBITDA": "-", "Reconciled Cost of Revenue": "1,349,900", "Reconciled Depreciation": "32,700", "Net Income from Continuing Operation Net Minority Interest": "128,500", "Total Unusual Items Excluding Goodwill": "0", "Total Unusual Items": "0", "Normalized EBITDA": "208,600", "Tax Rate for Calcs": "0", "Tax Effect of Unusual Items": "0"}, "12/31/2018": {"Duration": "12/31/2018", "Total Revenue": "2,239,200", "Cost of Revenue": "1,317,900", "Gross Profit": "921,300", "Operating Expense": "669,400", "Operating Income": "251,900", "Net Non Operating Interest Income Expense": "-24,500", "Other Income Expense": "-", "Pretax Income": "227,400", "Tax Provision": "27,100", "Net Income Common Stockholders": "192,600", "Average Dilution Earnings": "1,800", "Diluted NI Available to Com Stockholders": "194,400", "Basic EPS": "2.18", "Diluted EPS": "2.05", "Basic Average Shares": "91,704", "Diluted Average Shares": "95,000", "Total Operating Income as Reported": "251,900", "Total Expenses": "1,987,300", "Net Income from Continuing & Discontinued Operation": "200,100", "Normalized Income": "200,629", "Interest Expense": "24,500", "Net Interest Income": "-24,500", "EBIT": "251,900", "EBITDA": "-", "Reconciled Cost of Revenue": "1,317,900", "Reconciled Depreciation": "31,500", "Net Income from Continuing Operation Net Minority Interest": "200,100", "Total Unusual Items Excluding Goodwill": "-600", "Total Unusual Items": "-600", "Normalized EBITDA": "284,000", "Tax Rate for Calcs": "0", "Tax Effect of Unusual Items": "-71.4"}}, "bs": {"12/31/2020": {"Duration": "12/31/2020", "Total Assets": "2,137,400", "Total Liabilities Net Minority Interest": "1,564,400", "Total Equity Gross Minority Interest": "573,000", "Total Capitalization": "1,273,900", "Common Stock Equity": "561,400", "Capital Lease Obligations": "164,300", "Net Tangible Assets": "-336,300", "Working Capital": "498,200", "Invested Capital": "1,283,900", "Tangible Book Value": "-336,300", "Total Debt": "886,800", "Net Debt": "375,100", "Share Issued": "110,427", "Ordinary Shares Number": "82,141", "Treasury Shares Number": "28,285"}, "12/31/2019": {"Duration": "12/31/2019", "Total Assets": "2,480,000", "Total Liabilities Net Minority Interest": "1,701,600", "Total Equity Gross Minority Interest": "778,400", "Total Capitalization": "1,192,600", "Common Stock Equity": "766,700", "Capital Lease Obligations": "181,300", "Net Tangible Assets": "-354,500", "Working Capital": "179,700", "Invested Capital": "1,565,100", "Tangible Book Value": "-354,500", "Total Debt": "979,700", "Net Debt": "617,800", "Share Issued": "108,329", "Ordinary Shares Number": "81,148", "Treasury Shares Number": "27,182"}, "12/31/2018": {"Duration": "12/31/2018", "Total Assets": "2,183,100", "Total Liabilities Net Minority Interest": "1,191,500", "Total Equity Gross Minority Interest": "991,600", "Total Capitalization": "1,424,000", "Common Stock Equity": "986,000", "Capital Lease Obligations": "-", "Net Tangible Assets": "-114,800", "Working Capital": "394,600", "Invested Capital": "1,556,500", "Tangible Book Value": "-114,800", "Total Debt": "570,500", "Net Debt": "427,400", "Share Issued": "107,609", "Ordinary Shares Number": "91,704", "Treasury Shares Number": "15,906"}}, "cf": {"TTM": {"Duration": "TTM", "Operating Cash Flow": "309,100", "Investing Cash Flow": "6,100", "Financing Cash Flow": "-154,000", "End Cash Position": "347,400", "Income Tax Paid Supplemental Data": "8,600", "Interest Paid Supplemental Data": "41,400", "Capital Expenditure": "-10,300", "Issuance of Debt": "1,009,000", "Repayment of Debt": "-1,081,500", "Repurchase of Capital Stock": "-21,000", "Free Cash Flow": "298,800"}, "12/31/2020": {"Duration": "12/31/2020", "Operating Cash Flow": "309,100", "Investing Cash Flow": "6,100", "Financing Cash Flow": "-154,000", "End Cash Position": "347,400", "Income Tax Paid Supplemental Data": "8,600", "Interest Paid Supplemental Data": "41,400", "Capital Expenditure": "-10,300", "Issuance of Debt": "1,009,000", "Repayment of Debt": "-1,081,500", "Repurchase of Capital Stock": "-21,000", "Free Cash Flow": "298,800"}, "12/31/2019": {"Duration": "12/31/2019", "Operating Cash Flow": "222,600", "Investing Cash Flow": "-61,500", "Financing Cash Flow": "-124,600", "End Cash Position": "180,600", "Income Tax Paid Supplemental Data": "23,200", "Interest Paid Supplemental Data": "32,400", "Capital Expenditure": "-34,400", "Issuance of Debt": "0", "Repayment of Debt": "-7,500", "Repurchase of Capital Stock": "-319,200", "Free Cash Flow": "188,200"}, "12/31/2018": {"Duration": "12/31/2018", "Operating Cash Flow": "97,500", "Investing Cash Flow": "-22,200", "Financing Cash Flow": "-404,500", "End Cash Position": "143,100", "Income Tax Paid Supplemental Data": "-", "Interest Paid Supplemental Data": "-", "Capital Expenditure": "-21,700", "Issuance of Debt": "200,000", "Repayment of Debt": "-538,200", "Repurchase of Capital Stock": "-174,700", "Free Cash Flow": "75,800"}}}}, {"SHOO": {"quote": {"05/11/2021": {"value": "41.00", "Market Cap": "3.393B", "Beta (5Y Monthly)": "1.33", "PE Ratio (TTM)": "159.53", "EPS (TTM)": "0.26", "Earnings Date": "Jul 27, 2021 - Aug 02, 2021", "Forward Dividend & Yield": "0.60 (1.39%)", "Ex-Dividend Date": "Jun 14, 2021", "1y Target Est": "42.00"}}, "fin": {"TTM": {"Duration": "TTM", "Total Revenue": "1,201,814", "Cost of Revenue": "737,273", "Gross Profit": "464,541", "Operating Expense": "414,978", "Operating Income": "49,563", "Net Non Operating Interest Income Expense": "1,620", "Other Income Expense": "-81,168", "Pretax Income": "-29,985", "Tax Provision": "-11,704", "Net Income Common Stockholders": "-18,397", "Diluted NI Available to Com Stockholders": "-18,397", "Basic EPS": "-", "Diluted EPS": "-", "Basic Average Shares": "-", "Diluted Average Shares": "-", "Total Operating Income as Reported": "-31,605", "Total Expenses": "1,152,251", "Net Income from Continuing & Discontinued Operation": "-18,397", "Normalized Income": "31,115", "Interest Income": "1,620", "Net Interest Income": "1,620", "EBIT": "49,563", "EBITDA": "66,923", "Reconciled Cost of Revenue": "737,273", "Reconciled Depreciation": "17,360", "Net Income from Continuing Operation Net Minority Interest": "-18,397", "Total Unusual Items Excluding Goodwill": "-81,168", "Total Unusual Items": "-81,168", "Normalized EBITDA": "148,091", "Tax Rate for Calcs": "0", "Tax Effect of Unusual Items": "-31,656"}, "12/31/2020": {"Duration": "12/31/2020", "Total Revenue": "1,201,814", "Cost of Revenue": "737,273", "Gross Profit": "464,541", "Operating Expense": "414,978", "Operating Income": "49,563", "Net Non Operating Interest Income Expense": "1,620", "Other Income Expense": "-81,168", "Pretax Income": "-29,985", "Tax Provision": "-11,704", "Net Income Common Stockholders": "-18,397", "Diluted NI Available to Com Stockholders": "-18,397", "Basic EPS": "-0.23", "Diluted EPS": "-0.23", "Basic Average Shares": "78,635", "Diluted Average Shares": "78,635", "Total Operating Income as Reported": "-31,605", "Total Expenses": "1,152,251", "Net Income from Continuing & Discontinued Operation": "-18,397", "Normalized Income": "31,115", "Interest Income": "1,620", "Net Interest Income": "1,620", "EBIT": "49,563", "EBITDA": "-", "Reconciled Cost of Revenue": "737,273", "Reconciled Depreciation": "17,360", "Net Income from Continuing Operation Net Minority Interest": "-18,397", "Total Unusual Items Excluding Goodwill": "-81,168", "Total Unusual Items": "-81,168", "Normalized EBITDA": "148,091", "Tax Rate for Calcs": "0", "Tax Effect of Unusual Items": "-31,656"}, "12/31/2019": {"Duration": "12/31/2019", "Total Revenue": "1,787,157", "Cost of Revenue": "1,101,140", "Gross Profit": "686,017", "Operating Expense": "505,153", "Operating Income": "180,864", "Net Non Operating Interest Income Expense": "4,412", "Other Income Expense": "-4,050", "Pretax Income": "181,226", "Tax Provision": "39,504", "Net Income Common Stockholders": "141,311", "Diluted NI Available to Com Stockholders": "141,311", "Basic EPS": "1.78", "Diluted EPS": "1.69", "Basic Average Shares": "79,577", "Diluted Average Shares": "83,646", "Total Operating Income as Reported": "176,814", "Total Expenses": "1,606,293", "Net Income from Continuing & Discontinued Operation": "141,311", "Normalized Income": "144,478", "Interest Income": "-", "Net Interest Income": "4,412", "EBIT": "180,864", "EBITDA": "-", "Reconciled Cost of Revenue": "1,101,140", "Reconciled Depreciation": "21,337", "Net Income from Continuing Operation Net Minority Interest": "141,311", "Total Unusual Items Excluding Goodwill": "-4,050", "Total Unusual Items": "-4,050", "Normalized EBITDA": "206,251", "Tax Rate for Calcs": "0", "Tax Effect of Unusual Items": "-882.9"}, "12/31/2018": {"Duration": "12/31/2018", "Total Revenue": "1,653,609", "Cost of Revenue": "1,037,571", "Gross Profit": "616,038", "Operating Expense": "442,656", "Operating Income": "173,382", "Net Non Operating Interest Income Expense": "3,958", "Other Income Expense": "-", "Pretax Income": "177,340", "Tax Provision": "46,841", "Net Income Common Stockholders": "129,136", "Diluted NI Available to Com Stockholders": "129,136", "Basic EPS": "1.58", "Diluted EPS": "1.50", "Basic Average Shares": "81,664", "Diluted Average Shares": "86,097", "Total Operating Income as Reported": "173,382", "Total Expenses": "1,480,227", "Net Income from Continuing & Discontinued Operation": "129,136", "Normalized Income": "129,136", "Interest Income": "-", "Net Interest Income": "3,958", "EBIT": "173,382", "EBITDA": "-", "Reconciled Cost of Revenue": "1,037,571", "Reconciled Depreciation": "22,482", "Net Income from Continuing Operation Net Minority Interest": "129,136", "Total Unusual Items Excluding Goodwill": "-", "Total Unusual Items": "-", "Normalized EBITDA": "195,864", "Tax Rate for Calcs": "0", "Tax Effect of Unusual Items": "0"}}, "bs": {"12/31/2020": {"Duration": "12/31/2020", "Total Assets": "1,137,761", "Total Liabilities Net Minority Interest": "347,392", "Total Equity Gross Minority Interest": "790,369", "Total Capitalization": "776,586", "Common Stock Equity": "776,586", "Capital Lease Obligations": "132,849", "Net Tangible Assets": "493,130", "Working Capital": "462,325", "Invested Capital": "776,586", "Tangible Book Value": "493,130", "Total Debt": "132,849", "Share Issued": "133,247", "Ordinary Shares Number": "82,616", "Treasury Shares Number": "50,631"}, "12/31/2019": {"Duration": "12/31/2019", "Total Assets": "1,278,647", "Total Liabilities Net Minority Interest": "437,423", "Total Equity Gross Minority Interest": "841,224", "Total Capitalization": "828,501", "Common Stock Equity": "828,501", "Capital Lease Obligations": "171,796", "Net Tangible Assets": "494,443", "Working Capital": "437,608", "Invested Capital": "828,501", "Tangible Book Value": "494,443", "Total Debt": "171,796", "Share Issued": "132,754", "Ordinary Shares Number": "83,520", "Treasury Shares Number": "49,234"}, "12/31/2018": {"Duration": "12/31/2018", "Total Assets": "1,072,570", "Total Liabilities Net Minority Interest": "257,888", "Total Equity Gross Minority Interest": "814,682", "Total Capitalization": "805,814", "Common Stock Equity": "805,814", "Capital Lease Obligations": "-", "Net Tangible Assets": "514,391", "Working Capital": "478,436", "Invested Capital": "805,814", "Tangible Book Value": "514,391", "Total Debt": "-", "Share Issued": "131,991", "Ordinary Shares Number": "85,715", "Treasury Shares Number": "46,276"}}, "cf": {"TTM": {"Duration": "TTM", "Operating Cash Flow": "44,206", "Investing Cash Flow": "-4,884", "Financing Cash Flow": "-57,074", "End Cash Position": "247,864", "Income Tax Paid Supplemental Data": "5,147", "Interest Paid Supplemental Data": "354", "Capital Expenditure": "-6,562", "Repurchase of Capital Stock": "-46,583", "Free Cash Flow": "37,644"}, "12/31/2020": {"Duration": "12/31/2020", "Operating Cash Flow": "44,206", "Investing Cash Flow": "-4,884", "Financing Cash Flow": "-57,074", "End Cash Position": "247,864", "Income Tax Paid Supplemental Data": "5,147", "Interest Paid Supplemental Data": "354", "Capital Expenditure": "-6,562", "Repurchase of Capital Stock": "-46,583", "Free Cash Flow": "37,644"}, "12/31/2019": {"Duration": "12/31/2019", "Operating Cash Flow": "233,780", "Investing Cash Flow": "-27,748", "Financing Cash Flow": "-142,178", "End Cash Position": "264,101", "Income Tax Paid Supplemental Data": "29,552", "Interest Paid Supplemental Data": "25", "Capital Expenditure": "-18,311", "Repurchase of Capital Stock": "-101,768", "Free Cash Flow": "215,469"}, "12/31/2018": {"Duration": "12/31/2018", "Operating Cash Flow": "154,376", "Investing Cash Flow": "11,065", "Financing Cash Flow": "-145,810", "End Cash Position": "200,031", "Income Tax Paid Supplemental Data": "37,105", "Interest Paid Supplemental Data": "36", "Capital Expenditure": "-12,450", "Repurchase of Capital Stock": "-105,924", "Free Cash Flow": "141,926"}}}}, {"TLF": {"fin": {}, "bs": {}, "cf": {}}}]