[{"UA": {"quote": {"03/21/2021": {"value": "19.25", "Market Cap": "9.692B", "Beta (5Y Monthly)": "1.22", "PE Ratio (TTM)": "N/A", "EPS (TTM)": "-1.21", "Earnings Date": "Apr 25, 2018 - Apr 30, 2018", "Forward Dividend & Yield": "N/A (N/A)", "Ex-Dividend Date": "N/A", "1y Target Est": "15.75"}}, "fin": {"TTM": {"Duration": "TTM", "Total Revenue": "4,474,667", "Cost of Revenue": "2,314,572", "Gross Profit": "2,160,095", "Operating Expense": "2,171,934", "Operating Income": "-11,839", "Net Non Operating Interest Income Expense": "-47,259", "Other Income Expense": "-433,446", "Pretax Income": "-492,544", "Tax Provision": "49,387", "Earnings from Equity Interest Net of Tax": "-7,246", "Net Income Common Stockholders": "-549,177", "Diluted NI Available to Com Stockholders": "-549,177", "Basic EPS": "-", "Diluted EPS": "-", "Basic Average Shares": "-", "Diluted Average Shares": "-", "Total Operating Income as Reported": "-613,438", "Total Expenses": "4,486,506", "Net Income from Continuing & Discontinued Operation": "-549,177", "Normalized Income": "-110,010", "Interest Expense": "47,259", "Net Interest Income": "-47,259", "EBIT": "-445,285", "EBITDA": "-280,301", "Reconciled Cost of Revenue": "2,314,572", "Reconciled Depreciation": "164,984", "Net Income from Continuing Operation Net Minority Interest": "-549,177", "Total Unusual Items Excluding Goodwill": "-601,599", "Total Unusual Items": "-601,599", "Normalized EBITDA": "321,298", "Tax Rate for Calcs": "0", "Tax Effect of Unusual Items": "-162,432"}, "12/31/2020": {"Duration": "12/31/2020", "Total Revenue": "4,474,667", "Cost of Revenue": "2,314,572", "Gross Profit": "2,160,095", "Operating Expense": "2,171,934", "Operating Income": "-11,839", "Net Non Operating Interest Income Expense": "-47,259", "Other Income Expense": "-433,446", "Pretax Income": "-492,544", "Tax Provision": "49,387", "Earnings from Equity Interest Net of Tax": "-7,246", "Net Income Common Stockholders": "-549,177", "Diluted NI Available to Com Stockholders": "-549,177", "Basic EPS": "-", "Diluted EPS": "-", "Basic Average Shares": "-", "Diluted Average Shares": "-", "Total Operating Income as Reported": "-613,438", "Total Expenses": "4,486,506", "Net Income from Continuing & Discontinued Operation": "-549,177", "Normalized Income": "-110,010", "Interest Expense": "47,259", "Net Interest Income": "-47,259", "EBIT": "-445,285", "EBITDA": "-", "Reconciled Cost of Revenue": "2,314,572", "Reconciled Depreciation": "164,984", "Net Income from Continuing Operation Net Minority Interest": "-549,177", "Total Unusual Items Excluding Goodwill": "-601,599", "Total Unusual Items": "-601,599", "Normalized EBITDA": "321,298", "Tax Rate for Calcs": "0", "Tax Effect of Unusual Items": "-162,432"}, "12/31/2019": {"Duration": "12/31/2019", "Total Revenue": "5,267,132", "Cost of Revenue": "2,796,599", "Gross Profit": "2,470,533", "Operating Expense": "2,233,763", "Operating Income": "236,770", "Net Non Operating Interest Income Expense": "-21,240", "Other Income Expense": "-5,688", "Pretax Income": "209,842", "Tax Provision": "70,024", "Earnings from Equity Interest Net of Tax": "-47,679", "Net Income Common Stockholders": "92,139", "Diluted NI Available to Com Stockholders": "92,139", "Basic EPS": "0.20", "Diluted EPS": "0.20", "Basic Average Shares": "450,964", "Diluted Average Shares": "454,274", "Total Operating Income as Reported": "236,770", "Total Expenses": "5,030,362", "Net Income from Continuing & Discontinued Operation": "92,139", "Normalized Income": "92,139", "Interest Expense": "21,240", "Net Interest Income": "-21,240", "EBIT": "231,082", "EBITDA": "-", "Reconciled Cost of Revenue": "2,796,599", "Reconciled Depreciation": "186,425", "Net Income from Continuing Operation Net Minority Interest": "92,139", "Total Unusual Items Excluding Goodwill": "0", "Total Unusual Items": "0", "Normalized EBITDA": "417,507", "Tax Rate for Calcs": "0", "Tax Effect of Unusual Items": "0"}, "12/31/2018": {"Duration": "12/31/2018", "Total Revenue": "5,193,185", "Cost of Revenue": "2,852,714", "Gross Profit": "2,340,471", "Operating Expense": "2,182,339", "Operating Income": "158,132", "Net Non Operating Interest Income Expense": "-33,568", "Other Income Expense": "-192,352", "Pretax Income": "-67,788", "Tax Provision": "-20,552", "Earnings from Equity Interest Net of Tax": "934", "Net Income Common Stockholders": "-46,302", "Diluted NI Available to Com Stockholders": "-46,302", "Basic EPS": "-0.10", "Diluted EPS": "-0.10", "Basic Average Shares": "445,815", "Diluted Average Shares": "445,815", "Total Operating Income as Reported": "-25,017", "Total Expenses": "5,035,053", "Net Income from Continuing & Discontinued Operation": "-46,302", "Normalized Income": "81,353", "Interest Expense": "33,568", "Net Interest Income": "-33,568", "EBIT": "-34,220", "EBITDA": "-", "Reconciled Cost of Revenue": "2,852,714", "Reconciled Depreciation": "181,768", "Net Income from Continuing Operation Net Minority Interest": "-46,302", "Total Unusual Items Excluding Goodwill": "-183,149", "Total Unusual Items": "-183,149", "Normalized EBITDA": "330,697", "Tax Rate for Calcs": "0", "Tax Effect of Unusual Items": "-55,494"}}, "bs": {"12/31/2020": {"Duration": "12/31/2020", "Total Assets": "5,030,628", "Total Liabilities Net Minority Interest": "3,354,635", "Total Equity Gross Minority Interest": "1,675,993", "Total Capitalization": "2,679,549", "Common Stock Equity": "1,675,993", "Capital Lease Obligations": "1,001,975", "Net Tangible Assets": "1,160,484", "Working Capital": "1,809,699", "Invested Capital": "2,679,549", "Tangible Book Value": "1,160,484", "Total Debt": "2,005,531", "Net Debt": "-", "Share Issued": "455,007", "Ordinary Shares Number": "455,007"}, "12/31/2019": {"Duration": "12/31/2019", "Total Assets": "4,843,531", "Total Liabilities Net Minority Interest": "2,693,444", "Total Equity Gross Minority Interest": "2,150,087", "Total Capitalization": "2,742,774", "Common Stock Equity": "2,150,087", "Capital Lease Obligations": "706,535", "Net Tangible Assets": "1,563,563", "Working Capital": "1,280,200", "Invested Capital": "2,742,774", "Tangible Book Value": "1,563,563", "Total Debt": "1,299,222", "Net Debt": "-", "Share Issued": "451,767", "Ordinary Shares Number": "451,767"}, "12/31/2018": {"Duration": "12/31/2018", "Total Assets": "4,245,022", "Total Liabilities Net Minority Interest": "2,228,151", "Total Equity Gross Minority Interest": "2,016,871", "Total Capitalization": "2,720,705", "Common Stock Equity": "2,016,871", "Capital Lease Obligations": "-", "Net Tangible Assets": "1,428,584", "Working Capital": "1,277,651", "Invested Capital": "2,745,705", "Tangible Book Value": "1,428,584", "Total Debt": "728,834", "Net Debt": "171,431", "Share Issued": "448,582", "Ordinary Shares Number": "448,582"}}, "cf": {"TTM": {"Duration": "TTM", "Operating Cash Flow": "212,864", "Investing Cash Flow": "66,345", "Financing Cash Flow": "436,853", "End Cash Position": "1,528,515", "Income Tax Paid Supplemental Data": "24,443", "Interest Paid Supplemental Data": "28,626", "Capital Expenditure": "-92,291", "Issuance of Debt": "1,288,753", "Repayment of Debt": "-800,000", "Free Cash Flow": "120,573"}, "12/31/2020": {"Duration": "12/31/2020", "Operating Cash Flow": "212,864", "Investing Cash Flow": "66,345", "Financing Cash Flow": "436,853", "End Cash Position": "1,528,515", "Income Tax Paid Supplemental Data": "24,443", "Interest Paid Supplemental Data": "28,626", "Capital Expenditure": "-92,291", "Issuance of Debt": "1,288,753", "Repayment of Debt": "-800,000", "Free Cash Flow": "120,573"}, "12/31/2019": {"Duration": "12/31/2019", "Operating Cash Flow": "509,031", "Investing Cash Flow": "-147,113", "Financing Cash Flow": "-137,070", "End Cash Position": "796,008", "Income Tax Paid Supplemental Data": "23,352", "Interest Paid Supplemental Data": "18,031", "Capital Expenditure": "-145,802", "Issuance of Debt": "25,000", "Repayment of Debt": "-162,817", "Free Cash Flow": "363,229"}, "12/31/2018": {"Duration": "12/31/2018", "Operating Cash Flow": "628,230", "Investing Cash Flow": "-202,904", "Financing Cash Flow": "-189,868", "End Cash Position": "566,060", "Income Tax Paid Supplemental Data": "-", "Interest Paid Supplemental Data": "28,586", "Capital Expenditure": "-170,385", "Issuance of Debt": "505,000", "Repayment of Debt": "-695,000", "Free Cash Flow": "457,845"}}}}, {"LULU": {"quote": {"03/21/2021": {"value": "308.71", "Market Cap": "40.237B", "Beta (5Y Monthly)": "1.35", "PE Ratio (TTM)": "72.45", "EPS (TTM)": "4.26", "Earnings Date": "Mar 30, 2021", "Forward Dividend & Yield": "N/A (N/A)", "Ex-Dividend Date": "N/A", "1y Target Est": "404.38"}, "03/30/2021": {"value": "320.07", "Market Cap": "41.717B", "Beta (5Y Monthly)": "1.35", "PE Ratio (TTM)": "75.12", "EPS (TTM)": "4.26", "Earnings Date": "Mar 30, 2021", "Forward Dividend & Yield": "N/A (N/A)", "Ex-Dividend Date": "N/A", "1y Target Est": "402.45"}}, "fin": {"TTM": {"Duration": "TTM", "Total Revenue": "4,069,821", "Cost of Revenue": "1,807,738", "Gross Profit": "2,262,083", "Operating Expense": "1,461,476", "Operating Income": "800,607", "Other Income Expense": "-19,661", "Pretax Income": "780,946", "Tax Provision": "223,849", "Net Income Common Stockholders": "557,097", "Diluted NI Available to Com Stockholders": "557,097", "Basic EPS": "-", "Diluted EPS": "-", "Basic Average Shares": "-", "Diluted Average Shares": "-", "Total Operating Income as Reported": "778,567", "Total Expenses": "3,269,214", "Net Income from Continuing & Discontinued Operation": "557,097", "Normalized Income": "572,819", "EBIT": "800,607", "EBITDA": "981,305", "Reconciled Cost of Revenue": "1,807,738", "Reconciled Depreciation": "180,698", "Net Income from Continuing Operation Net Minority Interest": "557,097", "Total Unusual Items Excluding Goodwill": "-22,040", "Total Unusual Items": "-22,040", "Normalized EBITDA": "1,003,345", "Tax Rate for Calcs": "0", "Tax Effect of Unusual Items": "-6,318"}, "1/31/2020": {"Duration": "1/31/2020", "Total Revenue": "3,979,296", "Cost of Revenue": "1,755,910", "Gross Profit": "2,223,386", "Operating Expense": "1,334,276", "Operating Income": "889,110", "Other Income Expense": "8,283", "Pretax Income": "897,393", "Tax Provision": "251,797", "Net Income Common Stockholders": "645,596", "Diluted NI Available to Com Stockholders": "645,596", "Basic EPS": "4.95", "Diluted EPS": "4.93", "Basic Average Shares": "130,393", "Diluted Average Shares": "130,955", "Total Operating Income as Reported": "889,110", "Total Expenses": "3,090,186", "Net Income from Continuing & Discontinued Operation": "645,596", "Normalized Income": "645,596", "EBIT": "889,110", "EBITDA": "-", "Reconciled Cost of Revenue": "1,755,910", "Reconciled Depreciation": "161,933", "Net Income from Continuing Operation Net Minority Interest": "645,596", "Total Unusual Items Excluding Goodwill": "0", "Total Unusual Items": "0", "Normalized EBITDA": "1,051,043", "Tax Rate for Calcs": "0", "Tax Effect of Unusual Items": "0"}, "1/31/2019": {"Duration": "1/31/2019", "Total Revenue": "3,288,319", "Cost of Revenue": "1,472,032", "Gross Profit": "1,816,287", "Operating Expense": "1,110,451", "Operating Income": "705,836", "Other Income Expense": "9,414", "Pretax Income": "715,250", "Tax Provision": "231,449", "Net Income Common Stockholders": "483,801", "Diluted NI Available to Com Stockholders": "483,801", "Basic EPS": "3.63", "Diluted EPS": "3.61", "Basic Average Shares": "133,413", "Diluted Average Shares": "133,971", "Total Operating Income as Reported": "705,836", "Total Expenses": "2,582,483", "Net Income from Continuing & Discontinued Operation": "483,801", "Normalized Income": "483,801", "EBIT": "705,836", "EBITDA": "-", "Reconciled Cost of Revenue": "1,472,032", "Reconciled Depreciation": "122,484", "Net Income from Continuing Operation Net Minority Interest": "483,801", "Total Unusual Items Excluding Goodwill": "0", "Total Unusual Items": "0", "Normalized EBITDA": "828,320", "Tax Rate for Calcs": "0", "Tax Effect of Unusual Items": "0"}}, "bs": {"1/31/2020": {"Duration": "1/31/2020", "Total Assets": "3,281,354", "Total Liabilities Net Minority Interest": "1,329,136", "Total Equity Gross Minority Interest": "1,952,218", "Total Capitalization": "1,952,218", "Common Stock Equity": "1,952,218", "Capital Lease Obligations": "739,961", "Net Tangible Assets": "1,927,795", "Working Capital": "1,187,520", "Invested Capital": "1,952,218", "Tangible Book Value": "1,927,795", "Total Debt": "739,961", "Share Issued": "130,349", "Ordinary Shares Number": "130,349"}, "1/31/2019": {"Duration": "1/31/2019", "Total Assets": "2,084,711", "Total Liabilities Net Minority Interest": "638,736", "Total Equity Gross Minority Interest": "1,445,975", "Total Capitalization": "1,445,975", "Common Stock Equity": "1,445,975", "Capital Lease Obligations": "-", "Net Tangible Assets": "1,421,736", "Working Capital": "928,805", "Invested Capital": "1,445,975", "Tangible Book Value": "1,421,736", "Total Debt": "-", "Share Issued": "130,932", "Ordinary Shares Number": "130,932"}}, "cf": {"TTM": {"Duration": "TTM", "Operating Cash Flow": "659,614", "Investing Cash Flow": "-682,477", "Financing Cash Flow": "-79,022", "End Cash Position": "484,268", "Income Tax Paid Supplemental Data": "-", "Interest Paid Supplemental Data": "-", "Capital Expenditure": "-239,661", "Repurchase of Capital Stock": "-63,970", "Free Cash Flow": "419,953"}, "1/31/2020": {"Duration": "1/31/2020", "Operating Cash Flow": "669,316", "Investing Cash Flow": "-278,408", "Financing Cash Flow": "-177,173", "End Cash Position": "1,093,505", "Income Tax Paid Supplemental Data": "305,493", "Interest Paid Supplemental Data": "325", "Capital Expenditure": "-283,048", "Repurchase of Capital Stock": "-173,399", "Free Cash Flow": "386,268"}, "1/31/2019": {"Duration": "1/31/2019", "Operating Cash Flow": "742,779", "Investing Cash Flow": "-242,794", "Financing Cash Flow": "-590,214", "End Cash Position": "881,320", "Income Tax Paid Supplemental Data": "177,040", "Interest Paid Supplemental Data": "1,394", "Capital Expenditure": "-225,807", "Repurchase of Capital Stock": "-598,340", "Free Cash Flow": "516,972"}}}}, {"GIII": {"quote": {"03/21/2021": {"value": "34.60", "Market Cap": "1.673B", "Beta (5Y Monthly)": "2.90", "PE Ratio (TTM)": "72.09", "EPS (TTM)": "0.48", "Earnings Date": "Jun 02, 2021 - Jun 07, 2021", "Forward Dividend & Yield": "N/A (N/A)", "Ex-Dividend Date": "N/A", "1y Target Est": "31.38"}}, "fin": {"TTM": {"Duration": "TTM", "Total Revenue": "2,055,146", "Cost of Revenue": "1,310,704", "Gross Profit": "744,442", "Operating Expense": "643,727", "Operating Income": "100,715", "Net Non Operating Interest Income Expense": "-50,354", "Other Income Expense": "-14,635", "Pretax Income": "35,726", "Tax Provision": "12,203", "Net Income Common Stockholders": "23,545", "Diluted NI Available to Com Stockholders": "23,545", "Basic EPS": "-", "Diluted EPS": "-", "Basic Average Shares": "-", "Diluted Average Shares": "-", "Total Operating Income as Reported": "82,842", "Total Expenses": "1,954,431", "Net Income from Continuing & Discontinued Operation": "23,545", "Normalized Income": "35,313", "Interest Expense": "50,354", "Net Interest Income": "-50,354", "EBIT": "86,080", "EBITDA": "124,705", "Reconciled Cost of Revenue": "1,310,704", "Reconciled Depreciation": "38,625", "Net Income from Continuing Operation Net Minority Interest": "23,545", "Total Unusual Items Excluding Goodwill": "-17,873", "Total Unusual Items": "-17,873", "Normalized EBITDA": "142,578", "Tax Rate for Calcs": "0", "Tax Effect of Unusual Items": "-6,105"}, "1/31/2021": {"Duration": "1/31/2021", "Total Revenue": "2,055,146", "Cost of Revenue": "1,310,704", "Gross Profit": "744,442", "Operating Expense": "643,727", "Operating Income": "100,715", "Net Non Operating Interest Income Expense": "-50,354", "Other Income Expense": "-14,635", "Pretax Income": "35,726", "Tax Provision": "12,203", "Net Income Common Stockholders": "23,545", "Diluted NI Available to Com Stockholders": "23,545", "Basic EPS": "-", "Diluted EPS": "-", "Basic Average Shares": "-", "Diluted Average Shares": "-", "Total Operating Income as Reported": "82,842", "Total Expenses": "1,954,431", "Net Income from Continuing & Discontinued Operation": "23,545", "Normalized Income": "35,313", "Interest Expense": "50,354", "Net Interest Income": "-50,354", "EBIT": "86,080", "EBITDA": "-", "Reconciled Cost of Revenue": "1,310,704", "Reconciled Depreciation": "38,625", "Net Income from Continuing Operation Net Minority Interest": "23,545", "Total Unusual Items Excluding Goodwill": "-17,873", "Total Unusual Items": "-17,873", "Normalized EBITDA": "142,578", "Tax Rate for Calcs": "0", "Tax Effect of Unusual Items": "-6,105"}, "1/31/2020": {"Duration": "1/31/2020", "Total Revenue": "3,160,464", "Cost of Revenue": "2,042,524", "Gross Profit": "1,117,940", "Operating Expense": "870,915", "Operating Income": "247,025", "Net Non Operating Interest Income Expense": "-44,407", "Other Income Expense": "-20,520", "Pretax Income": "182,098", "Tax Provision": "38,261", "Net Income Common Stockholders": "143,837", "Diluted NI Available to Com Stockholders": "143,837", "Basic EPS": "2.98", "Diluted EPS": "2.94", "Basic Average Shares": "48,209", "Diluted Average Shares": "48,895", "Total Operating Income as Reported": "227,654", "Total Expenses": "2,913,439", "Net Income from Continuing & Discontinued Operation": "143,837", "Normalized Income": "159,140", "Interest Expense": "44,407", "Net Interest Income": "-44,407", "EBIT": "226,505", "EBITDA": "-", "Reconciled Cost of Revenue": "2,042,524", "Reconciled Depreciation": "38,735", "Net Income from Continuing Operation Net Minority Interest": "143,837", "Total Unusual Items Excluding Goodwill": "-19,371", "Total Unusual Items": "-19,371", "Normalized EBITDA": "284,611", "Tax Rate for Calcs": "0", "Tax Effect of Unusual Items": "-4,068"}, "1/31/2019": {"Duration": "1/31/2019", "Total Revenue": "3,076,208", "Cost of Revenue": "1,969,099", "Gross Profit": "1,107,109", "Operating Expense": "873,582", "Operating Income": "233,527", "Net Non Operating Interest Income Expense": "-43,924", "Other Income Expense": "-5,773", "Pretax Income": "183,830", "Tax Provision": "45,763", "Net Income Common Stockholders": "138,067", "Diluted NI Available to Com Stockholders": "138,067", "Basic EPS": "2.81", "Diluted EPS": "2.75", "Basic Average Shares": "49,140", "Diluted Average Shares": "50,274", "Total Operating Income as Reported": "230,714", "Total Expenses": "2,842,681", "Net Income from Continuing & Discontinued Operation": "138,067", "Normalized Income": "140,180", "Interest Expense": "43,924", "Net Interest Income": "-43,924", "EBIT": "227,754", "EBITDA": "-", "Reconciled Cost of Revenue": "1,969,099", "Reconciled Depreciation": "38,819", "Net Income from Continuing Operation Net Minority Interest": "138,067", "Total Unusual Items Excluding Goodwill": "-2,813", "Total Unusual Items": "-2,813", "Normalized EBITDA": "269,386", "Tax Rate for Calcs": "0", "Tax Effect of Unusual Items": "-700.437"}}, "bs": {"1/31/2021": {"Duration": "1/31/2021", "Total Assets": "2,426,394", "Total Liabilities Net Minority Interest": "2,426,394", "Total Equity Gross Minority Interest": "-", "Total Capitalization": "-", "Common Stock Equity": "-", "Capital Lease Obligations": "205,228", "Net Tangible Assets": "-", "Working Capital": "-", "Invested Capital": "-", "Tangible Book Value": "-", "Total Debt": "205,228", "Net Debt": "-", "Share Issued": "48,359", "Ordinary Shares Number": "48,359", "Treasury Shares Number": "-"}, "1/31/2020": {"Duration": "1/31/2020", "Total Assets": "2,565,137", "Total Liabilities Net Minority Interest": "1,274,465", "Total Equity Gross Minority Interest": "1,290,672", "Total Capitalization": "1,687,466", "Common Stock Equity": "1,290,672", "Capital Lease Obligations": "312,206", "Net Tangible Assets": "553,029", "Working Capital": "754,728", "Invested Capital": "1,688,139", "Tangible Book Value": "553,029", "Total Debt": "709,673", "Net Debt": "200,095", "Share Issued": "49,396", "Ordinary Shares Number": "48,010", "Treasury Shares Number": "1,386"}, "1/31/2019": {"Duration": "1/31/2019", "Total Assets": "2,208,058", "Total Liabilities Net Minority Interest": "1,019,049", "Total Equity Gross Minority Interest": "1,189,009", "Total Capitalization": "1,575,613", "Common Stock Equity": "1,189,009", "Capital Lease Obligations": "-", "Net Tangible Assets": "445,726", "Working Capital": "673,107", "Invested Capital": "1,575,613", "Tangible Book Value": "445,726", "Total Debt": "386,604", "Net Debt": "316,466", "Share Issued": "49,387", "Ordinary Shares Number": "48,709", "Treasury Shares Number": "678"}}, "cf": {"TTM": {"Duration": "TTM", "Operating Cash Flow": "-", "Investing Cash Flow": "-", "Financing Cash Flow": "-", "End Cash Position": "-", "Income Tax Paid Supplemental Data": "-", "Interest Paid Supplemental Data": "-", "Capital Expenditure": "-", "Issuance of Debt": "-", "Repayment of Debt": "-", "Repurchase of Capital Stock": "-", "Free Cash Flow": "-"}, "1/31/2020": {"Duration": "1/31/2020", "Operating Cash Flow": "209,021", "Investing Cash Flow": "-40,094", "Financing Cash Flow": "-44,482", "End Cash Position": "197,372", "Income Tax Paid Supplemental Data": "39,020", "Interest Paid Supplemental Data": "34,311", "Capital Expenditure": "-40,094", "Issuance of Debt": "2,392,128", "Repayment of Debt": "-2,389,270", "Repurchase of Capital Stock": "-35,216", "Free Cash Flow": "168,927"}, "1/31/2019": {"Duration": "1/31/2019", "Operating Cash Flow": "103,829", "Investing Cash Flow": "-37,332", "Financing Cash Flow": "-37,951", "End Cash Position": "70,138", "Income Tax Paid Supplemental Data": "44,045", "Interest Paid Supplemental Data": "35,807", "Capital Expenditure": "-29,205", "Issuance of Debt": "2,303,932", "Repayment of Debt": "-2,315,935", "Repurchase of Capital Stock": "-20,311", "Free Cash Flow": "74,624"}}}}, {"GIL": {"quote": {"03/21/2021": {"value": "31.55", "Market Cap": "6.267B", "Beta (5Y Monthly)": "1.75", "PE Ratio (TTM)": "N/A", "EPS (TTM)": "-1.14", "Earnings Date": "N/A", "Forward Dividend & Yield": "N/A (N/A)", "Ex-Dividend Date": "Mar 11, 2020", "1y Target Est": "33.27"}}, "fin": {"TTM": {"Duration": "TTM", "Total Revenue": "1,981,276", "Cost of Revenue": "1,732,217", "Gross Profit": "249,059", "Operating Expense": "272,306", "Operating Income": "-23,247", "Net Non Operating Interest Income Expense": "-48,301", "Other Income Expense": "-157,825", "Pretax Income": "-229,373", "Tax Provision": "-4,091", "Net Income Common Stockholders": "-225,282", "Diluted NI Available to Com Stockholders": "-225,282", "Basic EPS": "-", "Diluted EPS": "-", "Basic Average Shares": "-", "Diluted Average Shares": "-", "Total Operating Income as Reported": "-180,843", "Total Expenses": "2,004,523", "Net Income from Continuing & Discontinued Operation": "-225,282", "Normalized Income": "-70,298", "Interest Expense": "33,674", "Net Interest Income": "-48,301", "EBIT": "-195,699", "EBITDA": "-48,509", "Reconciled Cost of Revenue": "1,732,217", "Reconciled Depreciation": "147,190", "Net Income from Continuing Operation Net Minority Interest": "-225,282", "Total Unusual Items Excluding Goodwill": "-157,825", "Total Unusual Items": "-157,825", "Normalized EBITDA": "109,316", "Tax Rate for Calcs": "0", "Tax Effect of Unusual Items": "-2,841"}, "12/31/2020": {"Duration": "12/31/2020", "Total Revenue": "1,981,276", "Cost of Revenue": "1,732,217", "Gross Profit": "249,059", "Operating Expense": "272,306", "Operating Income": "-23,247", "Net Non Operating Interest Income Expense": "-48,301", "Other Income Expense": "-157,825", "Pretax Income": "-229,373", "Tax Provision": "-4,091", "Net Income Common Stockholders": "-225,282", "Diluted NI Available to Com Stockholders": "-225,282", "Basic EPS": "-", "Diluted EPS": "-", "Basic Average Shares": "-", "Diluted Average Shares": "-", "Total Operating Income as Reported": "-180,843", "Total Expenses": "2,004,523", "Net Income from Continuing & Discontinued Operation": "-225,282", "Normalized Income": "-70,298", "Interest Expense": "33,674", "Net Interest Income": "-48,301", "EBIT": "-195,699", "EBITDA": "-", "Reconciled Cost of Revenue": "1,732,217", "Reconciled Depreciation": "147,190", "Net Income from Continuing Operation Net Minority Interest": "-225,282", "Total Unusual Items Excluding Goodwill": "-157,825", "Total Unusual Items": "-157,825", "Normalized EBITDA": "109,316", "Tax Rate for Calcs": "0", "Tax Effect of Unusual Items": "-2,841"}, "12/31/2019": {"Duration": "12/31/2019", "Total Revenue": "2,823,901", "Cost of Revenue": "2,119,440", "Gross Profit": "704,461", "Operating Expense": "340,487", "Operating Income": "363,974", "Net Non Operating Interest Income Expense": "-40,097", "Other Income Expense": "-74,052", "Pretax Income": "249,825", "Tax Provision": "-9,984", "Net Income Common Stockholders": "259,809", "Diluted NI Available to Com Stockholders": "259,809", "Basic EPS": "1.27", "Diluted EPS": "1.27", "Basic Average Shares": "204,161", "Diluted Average Shares": "204,609", "Total Operating Income as Reported": "288,993", "Total Expenses": "2,459,927", "Net Income from Continuing & Discontinued Operation": "259,809", "Normalized Income": "314,237", "Interest Expense": "32,087", "Net Interest Income": "-40,097", "EBIT": "281,912", "EBITDA": "-", "Reconciled Cost of Revenue": "2,119,440", "Reconciled Depreciation": "156,794", "Net Income from Continuing Operation Net Minority Interest": "259,809", "Total Unusual Items Excluding Goodwill": "-74,052", "Total Unusual Items": "-74,052", "Normalized EBITDA": "512,758", "Tax Rate for Calcs": "0", "Tax Effect of Unusual Items": "-19,624"}, "12/31/2018": {"Duration": "12/31/2018", "Total Revenue": "2,908,565", "Cost of Revenue": "2,102,612", "Gross Profit": "805,953", "Operating Expense": "368,546", "Operating Income": "437,407", "Net Non Operating Interest Income Expense": "-32,528", "Other Income Expense": "-32,745", "Pretax Income": "372,134", "Tax Provision": "21,360", "Net Income Common Stockholders": "350,774", "Diluted NI Available to Com Stockholders": "350,774", "Basic EPS": "1.66", "Diluted EPS": "1.66", "Basic Average Shares": "211,310", "Diluted Average Shares": "211,310", "Total Operating Income as Reported": "403,179", "Total Expenses": "2,471,158", "Net Income from Continuing & Discontinued Operation": "350,774", "Normalized Income": "381,620", "Interest Expense": "25,056", "Net Interest Income": "-32,528", "EBIT": "397,190", "EBITDA": "-", "Reconciled Cost of Revenue": "2,102,612", "Reconciled Depreciation": "158,076", "Net Income from Continuing Operation Net Minority Interest": "350,774", "Total Unusual Items Excluding Goodwill": "-32,745", "Total Unusual Items": "-32,745", "Normalized EBITDA": "588,011", "Tax Rate for Calcs": "0", "Tax Effect of Unusual Items": "-1,899"}}, "bs": {"12/31/2020": {"Duration": "12/31/2020", "Total Assets": "3,020,948", "Total Liabilities Net Minority Interest": "1,462,051", "Total Equity Gross Minority Interest": "1,558,897", "Total Capitalization": "2,558,897", "Common Stock Equity": "1,558,897", "Capital Lease Obligations": "82,464", "Net Tangible Assets": "1,062,360", "Working Capital": "1,184,867", "Invested Capital": "2,558,897", "Tangible Book Value": "1,062,360", "Total Debt": "1,082,464", "Net Debt": "494,736", "Share Issued": "198,413", "Ordinary Shares Number": "198,410", "Treasury Shares Number": "2.897"}, "12/31/2019": {"Duration": "12/31/2019", "Total Assets": "3,211,070", "Total Liabilities Net Minority Interest": "1,376,576", "Total Equity Gross Minority Interest": "1,834,494", "Total Capitalization": "2,679,494", "Common Stock Equity": "1,834,494", "Capital Lease Obligations": "81,500", "Net Tangible Assets": "1,222,765", "Working Capital": "1,091,769", "Invested Capital": "2,679,494", "Tangible Book Value": "1,222,765", "Total Debt": "926,500", "Net Debt": "780,874", "Share Issued": "199,389", "Ordinary Shares Number": "199,380", "Treasury Shares Number": "9.206"}, "12/31/2018": {"Duration": "12/31/2018", "Total Assets": "3,004,596", "Total Liabilities Net Minority Interest": "1,068,524", "Total Equity Gross Minority Interest": "1,936,072", "Total Capitalization": "2,605,072", "Common Stock Equity": "1,936,072", "Capital Lease Obligations": "-", "Net Tangible Assets": "1,315,137", "Working Capital": "1,035,926", "Invested Capital": "2,605,072", "Tangible Book Value": "1,315,137", "Total Debt": "669,000", "Net Debt": "622,343", "Share Issued": "206,740", "Ordinary Shares Number": "206,736", "Treasury Shares Number": "3.797"}}, "cf": {"TTM": {"Duration": "TTM", "Operating Cash Flow": "415,030", "Investing Cash Flow": "-57,510", "Financing Cash Flow": "83,538", "End Cash Position": "505,264", "Income Tax Paid Supplemental Data": "9,318", "Interest Paid Supplemental Data": "35,648", "Capital Expenditure": "-58,340", "Issuance of Capital Stock": "2,854", "Issuance of Debt": "400,000", "Repayment of Debt": "-260,418", "Repurchase of Capital Stock": "-25,774", "Free Cash Flow": "356,690"}, "12/31/2020": {"Duration": "12/31/2020", "Operating Cash Flow": "415,030", "Investing Cash Flow": "-57,510", "Financing Cash Flow": "83,538", "End Cash Position": "505,264", "Income Tax Paid Supplemental Data": "9,318", "Interest Paid Supplemental Data": "35,648", "Capital Expenditure": "-58,340", "Issuance of Capital Stock": "2,854", "Issuance of Debt": "400,000", "Repayment of Debt": "-260,418", "Repurchase of Capital Stock": "-25,774", "Free Cash Flow": "356,690"}, "12/31/2019": {"Duration": "12/31/2019", "Operating Cash Flow": "361,030", "Investing Cash Flow": "-135,751", "Financing Cash Flow": "-207,804", "End Cash Position": "64,126", "Income Tax Paid Supplemental Data": "10,796", "Interest Paid Supplemental Data": "33,149", "Capital Expenditure": "-140,234", "Issuance of Capital Stock": "10,318", "Issuance of Debt": "-", "Repayment of Debt": "-13,534", "Repurchase of Capital Stock": "-264,241", "Free Cash Flow": "220,796"}, "12/31/2018": {"Duration": "12/31/2018", "Operating Cash Flow": "538,544", "Investing Cash Flow": "-110,874", "Financing Cash Flow": "-433,223", "End Cash Position": "46,657", "Income Tax Paid Supplemental Data": "9,688", "Interest Paid Supplemental Data": "25,530", "Capital Expenditure": "-125,220", "Issuance of Capital Stock": "3,243", "Issuance of Debt": "39,000", "Repayment of Debt": "-", "Repurchase of Capital Stock": "-374,758", "Free Cash Flow": "413,324"}}}}, {"DLA": {"quote": {"03/21/2021": {"value": "26.66", "Market Cap": "185.944M", "Beta (5Y Monthly)": "1.79", "PE Ratio (TTM)": "N/A", "EPS (TTM)": "-1.54", "Earnings Date": "Feb 08, 2021", "Forward Dividend & Yield": "N/A (N/A)", "Ex-Dividend Date": "Aug 27, 2007", "1y Target Est": "25.00"}}, "fin": {"TTM": {"Duration": "TTM", "Total Revenue": "419,767", "Cost of Revenue": "331,617", "Gross Profit": "88,150", "Operating Expense": "68,798", "Operating Income": "19,352", "Net Non Operating Interest Income Expense": "-7,410", "Other Income Expense": "-", "Pretax Income": "11,942", "Tax Provision": "1,661", "Net Income Common Stockholders": "10,685", "Diluted NI Available to Com Stockholders": "10,685", "Basic EPS": "-", "Diluted EPS": "-", "Basic Average Shares": "-", "Diluted Average Shares": "-", "Total Operating Income as Reported": "19,352", "Total Expenses": "400,415", "Net Income from Continuing & Discontinued Operation": "10,685", "Normalized Income": "10,685", "Interest Expense": "7,410", "Net Interest Income": "-7,410", "EBIT": "19,352", "EBITDA": "31,638", "Reconciled Cost of Revenue": "331,617", "Reconciled Depreciation": "12,286", "Net Income from Continuing Operation Net Minority Interest": "10,685", "Total Unusual Items Excluding Goodwill": "-", "Total Unusual Items": "-", "Normalized EBITDA": "31,638", "Tax Rate for Calcs": "0", "Tax Effect of Unusual Items": "0"}, "9/30/2020": {"Duration": "9/30/2020", "Total Revenue": "381,035", "Cost of Revenue": "312,660", "Gross Profit": "68,375", "Operating Expense": "75,450", "Operating Income": "-7,075", "Net Non Operating Interest Income Expense": "-7,005", "Other Income Expense": "-", "Pretax Income": "-14,080", "Tax Provision": "-3,260", "Net Income Common Stockholders": "-10,577", "Diluted NI Available to Com Stockholders": "-10,577", "Basic EPS": "-1.53", "Diluted EPS": "-1.53", "Basic Average Shares": "6,921", "Diluted Average Shares": "6,921", "Total Operating Income as Reported": "-7,075", "Total Expenses": "388,110", "Net Income from Continuing & Discontinued Operation": "-10,577", "Normalized Income": "-10,577", "Interest Expense": "7,005", "Net Interest Income": "-7,005", "EBIT": "-7,075", "EBITDA": "-", "Reconciled Cost of Revenue": "312,660", "Reconciled Depreciation": "12,756", "Net Income from Continuing Operation Net Minority Interest": "-10,577", "Total Unusual Items Excluding Goodwill": "-", "Total Unusual Items": "-", "Normalized EBITDA": "5,681", "Tax Rate for Calcs": "0", "Tax Effect of Unusual Items": "0"}, "9/30/2019": {"Duration": "9/30/2019", "Total Revenue": "431,730", "Cost of Revenue": "346,578", "Gross Profit": "85,152", "Operating Expense": "69,257", "Operating Income": "15,895", "Net Non Operating Interest Income Expense": "-7,550", "Other Income Expense": "-", "Pretax Income": "8,345", "Tax Provision": "477", "Net Income Common Stockholders": "8,242", "Diluted NI Available to Com Stockholders": "8,242", "Basic EPS": "1.19", "Diluted EPS": "1.17", "Basic Average Shares": "6,929", "Diluted Average Shares": "7,064", "Total Operating Income as Reported": "15,895", "Total Expenses": "415,835", "Net Income from Continuing & Discontinued Operation": "8,242", "Normalized Income": "8,242", "Interest Expense": "7,550", "Net Interest Income": "-7,550", "EBIT": "15,895", "EBITDA": "-", "Reconciled Cost of Revenue": "346,578", "Reconciled Depreciation": "11,764", "Net Income from Continuing Operation Net Minority Interest": "8,242", "Total Unusual Items Excluding Goodwill": "-", "Total Unusual Items": "-", "Normalized EBITDA": "27,659", "Tax Rate for Calcs": "0", "Tax Effect of Unusual Items": "0"}, "9/30/2018": {"Duration": "9/30/2018", "Total Revenue": "395,450", "Cost of Revenue": "313,429", "Gross Profit": "82,021", "Operating Expense": "64,618", "Operating Income": "17,403", "Net Non Operating Interest Income Expense": "-5,713", "Other Income Expense": "-", "Pretax Income": "11,690", "Tax Provision": "10,460", "Net Income Common Stockholders": "1,337", "Diluted NI Available to Com Stockholders": "1,337", "Basic EPS": "0.19", "Diluted EPS": "0.18", "Basic Average Shares": "7,149", "Diluted Average Shares": "7,425", "Total Operating Income as Reported": "17,403", "Total Expenses": "378,047", "Net Income from Continuing & Discontinued Operation": "1,337", "Normalized Income": "1,337", "Interest Expense": "5,713", "Net Interest Income": "-5,713", "EBIT": "17,403", "EBITDA": "-", "Reconciled Cost of Revenue": "313,429", "Reconciled Depreciation": "9,989", "Net Income from Continuing Operation Net Minority Interest": "1,337", "Total Unusual Items Excluding Goodwill": "-", "Total Unusual Items": "-", "Normalized EBITDA": "27,392", "Tax Rate for Calcs": "0", "Tax Effect of Unusual Items": "0"}}, "bs": {"9/30/2020": {"Duration": "9/30/2020", "Total Assets": "420,231", "Total Liabilities Net Minority Interest": "277,545", "Total Equity Gross Minority Interest": "142,686", "Total Capitalization": "255,992", "Common Stock Equity": "143,210", "Capital Lease Obligations": "73,893", "Net Tangible Assets": "85,365", "Working Capital": "130,741", "Invested Capital": "263,551", "Tangible Book Value": "85,365", "Total Debt": "194,234", "Net Debt": "103,883", "Share Issued": "9,647", "Ordinary Shares Number": "6,890", "Treasury Shares Number": "2,757"}, "9/30/2019": {"Duration": "9/30/2019", "Total Assets": "377,988", "Total Liabilities Net Minority Interest": "224,100", "Total Equity Gross Minority Interest": "153,888", "Total Capitalization": "263,465", "Common Stock Equity": "154,169", "Capital Lease Obligations": "19,270", "Net Tangible Assets": "94,665", "Working Capital": "154,723", "Invested Capital": "270,005", "Tangible Book Value": "94,665", "Total Debt": "135,106", "Net Debt": "115,231", "Share Issued": "9,647", "Ordinary Shares Number": "6,921", "Treasury Shares Number": "2,726"}, "9/30/2018": {"Duration": "9/30/2018", "Total Assets": "343,609", "Total Liabilities Net Minority Interest": "193,491", "Total Equity Gross Minority Interest": "150,118", "Total Capitalization": "242,108", "Common Stock Equity": "150,025", "Capital Lease Obligations": "13,148", "Net Tangible Assets": "96,310", "Working Capital": "149,611", "Invested Capital": "248,685", "Tangible Book Value": "96,310", "Total Debt": "111,808", "Net Debt": "98,200", "Share Issued": "9,647", "Ordinary Shares Number": "6,909", "Treasury Shares Number": "2,738"}}, "cf": {"TTM": {"Duration": "TTM", "Operating Cash Flow": "7,508", "Investing Cash Flow": "-11,202", "Financing Cash Flow": "11,485", "End Cash Position": "9,568", "Income Tax Paid Supplemental Data": "-", "Interest Paid Supplemental Data": "-", "Capital Expenditure": "-7,847", "Issuance of Debt": "455,813", "Repayment of Debt": "-437,508", "Repurchase of Capital Stock": "-2,277", "Free Cash Flow": "-339"}, "9/30/2020": {"Duration": "9/30/2020", "Operating Cash Flow": "31,795", "Investing Cash Flow": "-12,067", "Financing Cash Flow": "-3,875", "End Cash Position": "16,458", "Income Tax Paid Supplemental Data": "960", "Interest Paid Supplemental Data": "6,510", "Capital Expenditure": "-8,990", "Issuance of Debt": "438,770", "Repayment of Debt": "-431,932", "Repurchase of Capital Stock": "-2,029", "Free Cash Flow": "22,805"}, "9/30/2019": {"Duration": "9/30/2019", "Operating Cash Flow": "9,428", "Investing Cash Flow": "-11,457", "Financing Cash Flow": "2,174", "End Cash Position": "605", "Income Tax Paid Supplemental Data": "890", "Interest Paid Supplemental Data": "7,064", "Capital Expenditure": "-6,063", "Issuance of Debt": "452,055", "Repayment of Debt": "-440,130", "Repurchase of Capital Stock": "-2,736", "Free Cash Flow": "3,365"}, "9/30/2018": {"Duration": "9/30/2018", "Operating Cash Flow": "21,238", "Investing Cash Flow": "-14,946", "Financing Cash Flow": "-6,404", "End Cash Position": "460", "Income Tax Paid Supplemental Data": "260", "Interest Paid Supplemental Data": "5,052", "Capital Expenditure": "-5,769", "Issuance of Debt": "459,385", "Repayment of Debt": "-453,579", "Repurchase of Capital Stock": "-8,940", "Free Cash Flow": "15,469"}}}}, {"SQBG": {"quote": {"03/21/2021": {"value": "35.97", "Market Cap": "59.404M", "Beta (5Y Monthly)": "1.38", "PE Ratio (TTM)": "N/A", "EPS (TTM)": "-58.00", "Earnings Date": "May 13, 2021 - May 17, 2021", "Forward Dividend & Yield": "N/A (N/A)", "Ex-Dividend Date": "N/A", "1y Target Est": "N/A"}}, "fin": {"TTM": {"Duration": "TTM", "Total Revenue": "91,094", "Operating Expense": "57,547", "Operating Income": "33,547", "Net Non Operating Interest Income Expense": "-49,328", "Other Income Expense": "-85,270", "Pretax Income": "-101,051", "Tax Provision": "-270", "Net Income Common Stockholders": "-95,739", "Diluted NI Available to Com Stockholders": "-95,739", "Basic EPS": "-", "Diluted EPS": "-", "Basic Average Shares": "-", "Diluted Average Shares": "-", "Total Operating Income as Reported": "-47,419", "Total Expenses": "57,547", "Net Income from Continuing & Discontinued Operation": "-95,739", "Normalized Income": "-10,915", "Net Interest Income": "-49,328", "EBIT": "-16,507", "EBITDA": "9,328", "Reconciled Depreciation": "25,835", "Net Income from Continuing Operation Net Minority Interest": "-91,665", "Total Unusual Items Excluding Goodwill": "-80,966", "Total Unusual Items": "-80,966", "Normalized EBITDA": "90,294", "Tax Rate for Calcs": "0", "Tax Effect of Unusual Items": "-216.3345"}, "12/31/2019": {"Duration": "12/31/2019", "Total Revenue": "101,576", "Operating Expense": "61,671", "Operating Income": "39,905", "Net Non Operating Interest Income Expense": "-53,760", "Other Income Expense": "-35,216", "Pretax Income": "-49,071", "Tax Provision": "-8,695", "Net Income Common Stockholders": "-159,403", "Diluted NI Available to Com Stockholders": "-159,403", "Basic EPS": "-98.40", "Diluted EPS": "-98.40", "Basic Average Shares": "1,619", "Diluted Average Shares": "1,619", "Total Operating Income as Reported": "6,796", "Total Expenses": "61,671", "Net Income from Continuing & Discontinued Operation": "-159,403", "Normalized Income": "-7,091", "Net Interest Income": "-53,760", "EBIT": "39,905", "EBITDA": "-", "Reconciled Depreciation": "11,184", "Net Income from Continuing Operation Net Minority Interest": "-34,340", "Total Unusual Items Excluding Goodwill": "-33,109", "Total Unusual Items": "-33,109", "Normalized EBITDA": "84,198", "Tax Rate for Calcs": "0", "Tax Effect of Unusual Items": "-5,860"}, "12/31/2018": {"Duration": "12/31/2018", "Total Revenue": "169,956", "Operating Expense": "87,767", "Operating Income": "82,189", "Net Non Operating Interest Income Expense": "-62,152", "Other Income Expense": "-25,709", "Pretax Income": "-5,672", "Tax Provision": "-694", "Net Income Common Stockholders": "-10,484", "Diluted NI Available to Com Stockholders": "-10,484", "Basic EPS": "-6.40", "Diluted EPS": "-6.40", "Basic Average Shares": "1,593", "Diluted Average Shares": "1,593", "Total Operating Income as Reported": "57,173", "Total Expenses": "87,767", "Net Income from Continuing & Discontinued Operation": "-10,484", "Normalized Income": "11,480", "Net Interest Income": "-62,152", "EBIT": "82,189", "EBITDA": "-", "Reconciled Depreciation": "3,366", "Net Income from Continuing Operation Net Minority Interest": "-10,484", "Total Unusual Items Excluding Goodwill": "-25,016", "Total Unusual Items": "-25,016", "Normalized EBITDA": "110,571", "Tax Rate for Calcs": "0", "Tax Effect of Unusual Items": "-3,052"}}, "bs": {"12/31/2019": {"Duration": "12/31/2019", "Total Assets": "723,244", "Total Liabilities Net Minority Interest": "550,204", "Total Equity Gross Minority Interest": "173,040", "Total Capitalization": "546,966", "Common Stock Equity": "113,716", "Capital Lease Obligations": "57,203", "Net Tangible Assets": "-486,251", "Working Capital": "18,384", "Invested Capital": "559,716", "Tangible Book Value": "-486,251", "Total Debt": "503,203", "Net Debt": "439,736", "Share Issued": "1,672", "Ordinary Shares Number": "1,645", "Preferred Shares Number": "14.5", "Treasury Shares Number": "27.418"}, "12/31/2018": {"Duration": "12/31/2018", "Total Assets": "1,078,668", "Total Liabilities Net Minority Interest": "734,024", "Total Equity Gross Minority Interest": "344,644", "Total Capitalization": "856,405", "Common Stock Equity": "273,918", "Capital Lease Obligations": "-", "Net Tangible Assets": "-690,993", "Working Capital": "30,042", "Invested Capital": "884,705", "Tangible Book Value": "-690,993", "Total Debt": "610,787", "Net Debt": "596,681", "Share Issued": "1,650", "Ordinary Shares Number": "1,608", "Preferred Shares Number": "14.5", "Treasury Shares Number": "41.564"}}, "cf": {"TTM": {"Duration": "TTM", "Operating Cash Flow": "7,345", "Investing Cash Flow": "5,087", "Financing Cash Flow": "4,663", "End Cash Position": "22,231", "Income Tax Paid Supplemental Data": "1,148", "Interest Paid Supplemental Data": "45,161", "Capital Expenditure": "-221", "Issuance of Capital Stock": "-", "Issuance of Debt": "35,151", "Repayment of Debt": "-22,400", "Repurchase of Capital Stock": "-65", "Free Cash Flow": "7,124"}, "12/31/2019": {"Duration": "12/31/2019", "Operating Cash Flow": "3,407", "Investing Cash Flow": "166,142", "Financing Cash Flow": "-177,380", "End Cash Position": "8,307", "Income Tax Paid Supplemental Data": "1,102", "Interest Paid Supplemental Data": "52,747", "Capital Expenditure": "-200", "Issuance of Capital Stock": "-", "Issuance of Debt": "9,000", "Repayment of Debt": "-175,661", "Repurchase of Capital Stock": "-272", "Free Cash Flow": "3,207"}, "12/31/2018": {"Duration": "12/31/2018", "Operating Cash Flow": "32,900", "Investing Cash Flow": "-172", "Financing Cash Flow": "-37,023", "End Cash Position": "16,138", "Income Tax Paid Supplemental Data": "90", "Interest Paid Supplemental Data": "58,681", "Capital Expenditure": "-4,528", "Issuance of Capital Stock": "-", "Issuance of Debt": "107,607", "Repayment of Debt": "-117,456", "Repurchase of Capital Stock": "-2,427", "Free Cash Flow": "28,372"}}}}, {"XELB": {"quote": {"03/21/2021": {"value": "2.0700", "Market Cap": "39.808M", "Beta (5Y Monthly)": "1.95", "PE Ratio (TTM)": "N/A", "EPS (TTM)": "-0.4120", "Earnings Date": "Nov 12, 2020", "Forward Dividend & Yield": "N/A (N/A)", "Ex-Dividend Date": "N/A", "1y Target Est": "N/A"}}, "fin": {"TTM": {"Duration": "TTM", "Total Revenue": "33,324", "Cost of Revenue": "7,646", "Gross Profit": "25,678", "Operating Expense": "27,502", "Operating Income": "-1,824", "Net Non Operating Interest Income Expense": "-1,214", "Other Income Expense": "-7,116", "Pretax Income": "-10,154", "Tax Provision": "-2,191", "Net Income Common Stockholders": "-7,849", "Diluted NI Available to Com Stockholders": "-7,849", "Basic EPS": "-", "Diluted EPS": "-", "Basic Average Shares": "-", "Diluted Average Shares": "-", "Total Operating Income as Reported": "-8,940", "Total Expenses": "35,148", "Net Income from Continuing & Discontinued Operation": "-7,849", "Normalized Income": "-4,467", "Interest Expense": "1,214", "Net Interest Income": "-1,214", "EBIT": "-8,940", "EBITDA": "-3,908", "Reconciled Cost of Revenue": "7,646", "Reconciled Depreciation": "5,032", "Net Income from Continuing Operation Net Minority Interest": "-7,849", "Total Unusual Items Excluding Goodwill": "-4,312", "Total Unusual Items": "-4,312", "Normalized EBITDA": "404", "Tax Rate for Calcs": "0", "Tax Effect of Unusual Items": "-930.4306"}, "12/31/2019": {"Duration": "12/31/2019", "Total Revenue": "41,727", "Cost of Revenue": "10,272", "Gross Profit": "31,455", "Operating Expense": "29,428", "Operating Income": "2,027", "Net Non Operating Interest Income Expense": "-1,285", "Other Income Expense": "-4,829", "Pretax Income": "-4,087", "Tax Provision": "-642", "Net Income Common Stockholders": "-3,426", "Diluted NI Available to Com Stockholders": "-3,426", "Basic EPS": "-0.18", "Diluted EPS": "-0.18", "Basic Average Shares": "18,858", "Diluted Average Shares": "18,858", "Total Operating Income as Reported": "-2,613", "Total Expenses": "39,700", "Net Income from Continuing & Discontinued Operation": "-3,426", "Normalized Income": "640.018", "Interest Expense": "1,285", "Net Interest Income": "-1,285", "EBIT": "-2,802", "EBITDA": "-", "Reconciled Cost of Revenue": "10,272", "Reconciled Depreciation": "3,902", "Net Income from Continuing Operation Net Minority Interest": "-3,426", "Total Unusual Items Excluding Goodwill": "-4,829", "Total Unusual Items": "-4,829", "Normalized EBITDA": "5,929", "Tax Rate for Calcs": "0", "Tax Effect of Unusual Items": "-762.982"}, "12/31/2018": {"Duration": "12/31/2018", "Total Revenue": "35,466", "Cost of Revenue": "2,702", "Gross Profit": "32,764", "Operating Expense": "28,035", "Operating Income": "4,729", "Net Non Operating Interest Income Expense": "-1,011", "Other Income Expense": "-799", "Pretax Income": "2,919", "Tax Provision": "1,831", "Net Income Common Stockholders": "1,088", "Diluted NI Available to Com Stockholders": "1,088", "Basic EPS": "0.06", "Diluted EPS": "0.06", "Basic Average Shares": "18,281", "Diluted Average Shares": "18,282", "Total Operating Income as Reported": "3,930", "Total Expenses": "30,737", "Net Income from Continuing & Discontinued Operation": "1,088", "Normalized Income": "1,671", "Interest Expense": "1,011", "Net Interest Income": "-1,011", "EBIT": "3,930", "EBITDA": "-", "Reconciled Cost of Revenue": "2,702", "Reconciled Depreciation": "1,780", "Net Income from Continuing Operation Net Minority Interest": "1,088", "Total Unusual Items Excluding Goodwill": "-799", "Total Unusual Items": "-799", "Normalized EBITDA": "6,509", "Tax Rate for Calcs": "0", "Tax Effect of Unusual Items": "-215.73"}}, "bs": {"12/31/2019": {"Duration": "12/31/2019", "Total Assets": "143,191", "Total Liabilities Net Minority Interest": "44,739", "Total Equity Gross Minority Interest": "98,452", "Total Capitalization": "114,667", "Common Stock Equity": "98,096", "Capital Lease Obligations": "11,525", "Net Tangible Assets": "-12,999", "Working Capital": "7,729", "Invested Capital": "116,917", "Tangible Book Value": "-12,999", "Total Debt": "30,346", "Net Debt": "14,180", "Share Issued": "18,866", "Ordinary Shares Number": "18,866"}, "12/31/2018": {"Duration": "12/31/2018", "Total Assets": "138,059", "Total Liabilities Net Minority Interest": "38,177", "Total Equity Gross Minority Interest": "99,882", "Total Capitalization": "111,182", "Common Stock Equity": "99,882", "Capital Lease Obligations": "-", "Net Tangible Assets": "-9,107", "Working Capital": "7,759", "Invested Capital": "119,457", "Tangible Book Value": "-9,107", "Total Debt": "19,575", "Net Debt": "10,738", "Share Issued": "18,139", "Ordinary Shares Number": "18,139"}}, "cf": {"TTM": {"Duration": "TTM", "Operating Cash Flow": "2,694", "Investing Cash Flow": "-1,244", "Financing Cash Flow": "-2,557", "End Cash Position": "5,892", "Income Tax Paid Supplemental Data": "103", "Interest Paid Supplemental Data": "1,160", "Capital Expenditure": "-915", "Issuance of Debt": "0", "Repayment of Debt": "-2,500", "Repurchase of Capital Stock": "-337", "Free Cash Flow": "1,779"}, "12/31/2019": {"Duration": "12/31/2019", "Operating Cash Flow": "3,500", "Investing Cash Flow": "-10,338", "Financing Cash Flow": "2,269", "End Cash Position": "5,750", "Income Tax Paid Supplemental Data": "136", "Interest Paid Supplemental Data": "1,176", "Capital Expenditure": "-1,133", "Issuance of Debt": "7,500", "Repayment of Debt": "-4,742", "Repurchase of Capital Stock": "-174", "Free Cash Flow": "2,367"}, "12/31/2018": {"Duration": "12/31/2018", "Operating Cash Flow": "6,593", "Investing Cash Flow": "-1,476", "Financing Cash Flow": "-6,492", "End Cash Position": "10,319", "Income Tax Paid Supplemental Data": "302", "Interest Paid Supplemental Data": "969", "Capital Expenditure": "-1,476", "Issuance of Debt": "-", "Repayment of Debt": "-5,459", "Repurchase of Capital Stock": "-1,033", "Free Cash Flow": "5,117"}}}}, {"VFC": {"quote": {"03/21/2021": {"value": "79.63", "Market Cap": "31.198B", "Beta (5Y Monthly)": "0.97", "PE Ratio (TTM)": "N/A", "EPS (TTM)": "-0.43", "Earnings Date": "May 13, 2021 - May 17, 2021", "Forward Dividend & Yield": "1.96 (2.46%)", "Ex-Dividend Date": "Mar 09, 2021", "1y Target Est": "93.85"}}, "fin": {"TTM": {"Duration": "TTM", "Total Revenue": "8,758,579", "Cost of Revenue": "4,120,647", "Gross Profit": "4,637,932", "Operating Expense": "4,086,332", "Operating Income": "551,600", "Net Non Operating Interest Income Expense": "-113,525", "Other Income Expense": "-460,343", "Pretax Income": "-22,268", "Tax Provision": "167,655", "Net Income Common Stockholders": "-165,427", "Diluted NI Available to Com Stockholders": "-165,427", "Basic EPS": "-", "Diluted EPS": "-", "Basic Average Shares": "-", "Diluted Average Shares": "-", "Total Operating Income as Reported": "228,377", "Total Expenses": "8,206,979", "Net Income from Continuing & Discontinued Operation": "-165,427", "Normalized Income": "-189,923", "Interest Income": "10,961", "Interest Expense": "124,486", "Net Interest Income": "-113,525", "EBIT": "102,218", "EBITDA": "379,770", "Reconciled Cost of Revenue": "4,120,647", "Reconciled Depreciation": "277,552", "Net Income from Continuing Operation Net Minority Interest": "-189,923", "Total Unusual Items Excluding Goodwill": "-", "Total Unusual Items": "-", "Normalized EBITDA": "379,770", "Tax Rate for Calcs": "0", "Tax Effect of Unusual Items": "0"}, "3/31/2020": {"Duration": "3/31/2020", "Total Revenue": "10,488,556", "Cost of Revenue": "4,690,520", "Gross Profit": "5,798,036", "Operating Expense": "4,547,008", "Operating Income": "1,251,028", "Net Non Operating Interest Income Expense": "-72,175", "Other Income Expense": "-451,645", "Pretax Income": "727,208", "Tax Provision": "98,062", "Net Income Common Stockholders": "679,449", "Diluted NI Available to Com Stockholders": "679,449", "Basic EPS": "1.72", "Diluted EPS": "1.70", "Basic Average Shares": "395,411", "Diluted Average Shares": "399,936", "Total Operating Income as Reported": "927,805", "Total Expenses": "9,237,528", "Net Income from Continuing & Discontinued Operation": "679,449", "Normalized Income": "960,437", "Interest Income": "19,867", "Interest Expense": "92,042", "Net Interest Income": "-72,175", "EBIT": "819,250", "EBITDA": "-", "Reconciled Cost of Revenue": "4,690,520", "Reconciled Depreciation": "267,619", "Net Income from Continuing Operation Net Minority Interest": "629,146", "Total Unusual Items Excluding Goodwill": "-382,995", "Total Unusual Items": "-382,995", "Normalized EBITDA": "1,469,864", "Tax Rate for Calcs": "0", "Tax Effect of Unusual Items": "-51,704"}, "3/31/2019": {"Duration": "3/31/2019", "Total Revenue": "13,848,660", "Cost of Revenue": "6,827,481", "Gross Profit": "7,021,179", "Operating Expense": "5,345,339", "Operating Income": "1,675,840", "Net Non Operating Interest Income Expense": "-85,425", "Other Income Expense": "-63,011", "Pretax Income": "1,527,404", "Tax Provision": "268,400", "Net Income Common Stockholders": "1,259,792", "Diluted NI Available to Com Stockholders": "1,259,792", "Basic EPS": "3.19", "Diluted EPS": "3.15", "Basic Average Shares": "395,189", "Diluted Average Shares": "400,496", "Total Operating Income as Reported": "1,675,840", "Total Expenses": "12,172,820", "Net Income from Continuing & Discontinued Operation": "1,259,792", "Normalized Income": "1,259,004", "Interest Income": "22,643", "Interest Expense": "108,068", "Net Interest Income": "-85,425", "EBIT": "1,635,472", "EBITDA": "-", "Reconciled Cost of Revenue": "6,827,481", "Reconciled Depreciation": "301,005", "Net Income from Continuing Operation Net Minority Interest": "1,259,004", "Total Unusual Items Excluding Goodwill": "0", "Total Unusual Items": "0", "Normalized EBITDA": "1,936,477", "Tax Rate for Calcs": "0", "Tax Effect of Unusual Items": "0"}, "3/31/2018": {"Duration": "3/31/2018", "Total Revenue": "3,045,446", "Cost of Revenue": "1,506,335", "Gross Profit": "1,539,111", "Operating Expense": "1,229,046", "Operating Income": "310,065", "Net Non Operating Interest Income Expense": "-21,165", "Other Income Expense": "5,233", "Pretax Income": "294,133", "Tax Provision": "32,969", "Net Income Common Stockholders": "252,793", "Diluted NI Available to Com Stockholders": "252,793", "Basic EPS": "0.64", "Diluted EPS": "0.63", "Basic Average Shares": "395,253", "Diluted Average Shares": "401,276", "Total Operating Income as Reported": "310,065", "Total Expenses": "2,735,381", "Net Income from Continuing & Discontinued Operation": "252,793", "Normalized Income": "261,164", "Interest Income": "3,228", "Interest Expense": "24,393", "Net Interest Income": "-21,165", "EBIT": "318,526", "EBITDA": "-", "Reconciled Cost of Revenue": "1,506,335", "Reconciled Depreciation": "71,532", "Net Income from Continuing Operation Net Minority Interest": "261,164", "Total Unusual Items Excluding Goodwill": "0", "Total Unusual Items": "0", "Normalized EBITDA": "390,058", "Tax Rate for Calcs": "0", "Tax Effect of Unusual Items": "0"}}, "bs": {"3/31/2020": {"Duration": "3/31/2020", "Total Assets": "11,133,251", "Total Liabilities Net Minority Interest": "7,775,917", "Total Equity Gross Minority Interest": "3,357,334", "Total Capitalization": "5,965,603", "Common Stock Equity": "3,357,334", "Capital Lease Obligations": "1,373,229", "Net Tangible Assets": "142,857", "Working Capital": "2,003,132", "Invested Capital": "7,195,433", "Tangible Book Value": "142,857", "Total Debt": "5,211,328", "Net Debt": "2,469,071", "Share Issued": "388,812", "Ordinary Shares Number": "388,812"}, "3/31/2019": {"Duration": "3/31/2019", "Total Assets": "10,356,785", "Total Liabilities Net Minority Interest": "6,058,269", "Total Equity Gross Minority Interest": "4,298,516", "Total Capitalization": "6,414,400", "Common Stock Equity": "4,298,516", "Capital Lease Obligations": "-", "Net Tangible Assets": "294,754", "Working Capital": "2,011,853", "Invested Capital": "7,084,718", "Tangible Book Value": "294,754", "Total Debt": "2,786,202", "Net Debt": "2,243,191", "Share Issued": "396,825", "Ordinary Shares Number": "396,825"}, "3/31/2018": {"Duration": "3/31/2018", "Total Assets": "10,311,310", "Total Liabilities Net Minority Interest": "6,623,214", "Total Equity Gross Minority Interest": "3,688,096", "Total Capitalization": "5,900,651", "Common Stock Equity": "3,688,096", "Capital Lease Obligations": "-", "Net Tangible Assets": "-125,233", "Working Capital": "1,544,494", "Invested Capital": "7,432,022", "Tangible Book Value": "-125,233", "Total Debt": "3,743,926", "Net Debt": "3,063,164", "Share Issued": "394,313", "Ordinary Shares Number": "394,313"}}, "cf": {"TTM": {"Duration": "TTM", "Operating Cash Flow": "1,174,957", "Investing Cash Flow": "-944,788", "Financing Cash Flow": "2,457,243", "End Cash Position": "3,284,620", "Capital Expenditure": "-322,947", "Issuance of Capital Stock": "66,171", "Issuance of Debt": "4,072,722", "Repayment of Debt": "-645,710", "Repurchase of Capital Stock": "-500,004", "Free Cash Flow": "852,010"}, "3/31/2020": {"Duration": "3/31/2020", "Operating Cash Flow": "874,527", "Investing Cash Flow": "-302,047", "Financing Cash Flow": "309,732", "End Cash Position": "1,411,323", "Capital Expenditure": "-333,836", "Issuance of Capital Stock": "155,390", "Issuance of Debt": "1,076,632", "Repayment of Debt": "-649,054", "Repurchase of Capital Stock": "-1,000,007", "Free Cash Flow": "540,691"}, "3/31/2019": {"Duration": "3/31/2019", "Operating Cash Flow": "1,664,223", "Investing Cash Flow": "-220,632", "Financing Cash Flow": "-1,591,005", "End Cash Position": "556,587", "Capital Expenditure": "-306,841", "Issuance of Capital Stock": "199,296", "Issuance of Debt": "0", "Repayment of Debt": "-6,264", "Repurchase of Capital Stock": "-150,676", "Free Cash Flow": "1,357,382"}, "3/31/2018": {"Duration": "3/31/2018", "Operating Cash Flow": "-243,223", "Investing Cash Flow": "-55,990", "Financing Cash Flow": "406,786", "End Cash Position": "689,190", "Capital Expenditure": "-73,663", "Issuance of Capital Stock": "44,017", "Issuance of Debt": "0", "Repayment of Debt": "-1,484", "Repurchase of Capital Stock": "-250,282", "Free Cash Flow": "-316,886"}}}}, {"RL": {"quote": {"03/21/2021": {"value": "121.75", "Market Cap": "8.902B", "Beta (5Y Monthly)": "1.51", "PE Ratio (TTM)": "N/A", "EPS (TTM)": "-4.03", "Earnings Date": "May 25, 2021 - May 31, 2021", "Forward Dividend & Yield": "N/A (N/A)", "Ex-Dividend Date": "Mar 26, 2020", "1y Target Est": "123.81"}}, "fin": {"TTM": {"Duration": "TTM", "Total Revenue": "5,218,500", "Cost of Revenue": "2,137,300", "Gross Profit": "3,081,200", "Operating Expense": "2,998,400", "Operating Income": "82,800", "Net Non Operating Interest Income Expense": "2,700", "Other Income Expense": "-78,300", "Pretax Income": "7,200", "Tax Provision": "-132,300", "Net Income Common Stockholders": "139,500", "Diluted NI Available to Com Stockholders": "139,500", "Basic EPS": "-", "Diluted EPS": "-", "Basic Average Shares": "-", "Diluted Average Shares": "-", "Total Operating Income as Reported": "5,700", "Total Expenses": "5,135,700", "Net Income from Continuing & Discontinued Operation": "139,500", "Normalized Income": "195,783", "Interest Income": "25,700", "Interest Expense": "23,000", "Net Interest Income": "2,700", "EBIT": "30,200", "EBITDA": "297,200", "Reconciled Cost of Revenue": "2,137,300", "Reconciled Depreciation": "267,000", "Net Income from Continuing Operation Net Minority Interest": "139,500", "Total Unusual Items Excluding Goodwill": "-77,100", "Total Unusual Items": "-77,100", "Normalized EBITDA": "374,300", "Tax Rate for Calcs": "0", "Tax Effect of Unusual Items": "-20,817"}, "3/31/2020": {"Duration": "3/31/2020", "Total Revenue": "6,159,800", "Cost of Revenue": "2,506,500", "Gross Profit": "3,653,300", "Operating Expense": "3,237,500", "Operating Income": "415,800", "Net Non Operating Interest Income Expense": "16,800", "Other Income Expense": "-106,200", "Pretax Income": "326,400", "Tax Provision": "-57,900", "Net Income Common Stockholders": "384,300", "Diluted NI Available to Com Stockholders": "384,300", "Basic EPS": "5.07", "Diluted EPS": "4.98", "Basic Average Shares": "75,800", "Diluted Average Shares": "77,200", "Total Operating Income as Reported": "317,000", "Total Expenses": "5,744,000", "Net Income from Continuing & Discontinued Operation": "384,300", "Normalized Income": "456,424", "Interest Income": "34,400", "Interest Expense": "17,600", "Net Interest Income": "16,800", "EBIT": "344,000", "EBITDA": "-", "Reconciled Cost of Revenue": "2,506,500", "Reconciled Depreciation": "269,500", "Net Income from Continuing Operation Net Minority Interest": "384,300", "Total Unusual Items Excluding Goodwill": "-98,800", "Total Unusual Items": "-98,800", "Normalized EBITDA": "712,300", "Tax Rate for Calcs": "0", "Tax Effect of Unusual Items": "-26,676"}, "3/31/2019": {"Duration": "3/31/2019", "Total Revenue": "6,313,000", "Cost of Revenue": "2,427,000", "Gross Profit": "3,886,000", "Operating Expense": "3,168,300", "Operating Income": "717,700", "Net Non Operating Interest Income Expense": "20,100", "Other Income Expense": "-155,300", "Pretax Income": "582,500", "Tax Provision": "151,600", "Net Income Common Stockholders": "430,900", "Diluted NI Available to Com Stockholders": "430,900", "Basic EPS": "5.35", "Diluted EPS": "5.27", "Basic Average Shares": "80,600", "Diluted Average Shares": "81,700", "Total Operating Income as Reported": "561,800", "Total Expenses": "5,595,300", "Net Income from Continuing & Discontinued Operation": "430,900", "Normalized Income": "546,266", "Interest Income": "40,800", "Interest Expense": "20,700", "Net Interest Income": "20,100", "EBIT": "603,200", "EBITDA": "-", "Reconciled Cost of Revenue": "2,427,000", "Reconciled Depreciation": "281,300", "Net Income from Continuing Operation Net Minority Interest": "430,900", "Total Unusual Items Excluding Goodwill": "-155,900", "Total Unusual Items": "-155,900", "Normalized EBITDA": "1,040,400", "Tax Rate for Calcs": "0", "Tax Effect of Unusual Items": "-40,534"}, "3/31/2018": {"Duration": "3/31/2018", "Total Revenue": "6,182,300", "Cost of Revenue": "2,430,600", "Gross Profit": "3,751,700", "Operating Expense": "3,095,500", "Operating Income": "656,200", "Net Non Operating Interest Income Expense": "-5,900", "Other Income Expense": "-161,100", "Pretax Income": "489,200", "Tax Provision": "326,400", "Net Income Common Stockholders": "162,800", "Diluted NI Available to Com Stockholders": "162,800", "Basic EPS": "1.99", "Diluted EPS": "1.97", "Basic Average Shares": "81,700", "Diluted Average Shares": "82,500", "Total Operating Income as Reported": "498,200", "Total Expenses": "5,526,100", "Net Income from Continuing & Discontinued Operation": "162,800", "Normalized Income": "278,140", "Interest Income": "12,300", "Interest Expense": "18,200", "Net Interest Income": "-5,900", "EBIT": "507,400", "EBITDA": "-", "Reconciled Cost of Revenue": "2,430,600", "Reconciled Depreciation": "295,200", "Net Income from Continuing Operation Net Minority Interest": "162,800", "Total Unusual Items Excluding Goodwill": "-158,000", "Total Unusual Items": "-158,000", "Normalized EBITDA": "960,600", "Tax Rate for Calcs": "0", "Tax Effect of Unusual Items": "-42,660"}}, "bs": {"3/31/2020": {"Duration": "3/31/2020", "Total Assets": "7,279,900", "Total Liabilities Net Minority Interest": "4,586,800", "Total Equity Gross Minority Interest": "2,693,100", "Total Capitalization": "3,089,500", "Common Stock Equity": "2,693,100", "Capital Lease Obligations": "2,055,900", "Net Tangible Assets": "1,636,600", "Working Capital": "1,283,200", "Invested Capital": "3,864,100", "Tangible Book Value": "1,636,600", "Total Debt": "3,226,900", "Net Debt": "-", "Share Issued": "129,781", "Ordinary Shares Number": "72,481", "Treasury Shares Number": "57,300"}, "3/31/2019": {"Duration": "3/31/2019", "Total Assets": "5,942,800", "Total Liabilities Net Minority Interest": "2,655,600", "Total Equity Gross Minority Interest": "3,287,200", "Total Capitalization": "3,976,300", "Common Stock Equity": "3,287,200", "Capital Lease Obligations": "234,900", "Net Tangible Assets": "2,203,900", "Working Capital": "2,394,700", "Invested Capital": "3,976,300", "Tangible Book Value": "2,203,900", "Total Debt": "924,000", "Net Debt": "105,000", "Share Issued": "128,800", "Ordinary Shares Number": "78,100", "Treasury Shares Number": "50,700"}, "3/31/2018": {"Duration": "3/31/2018", "Total Assets": "6,143,300", "Total Liabilities Net Minority Interest": "2,685,900", "Total Equity Gross Minority Interest": "3,457,400", "Total Capitalization": "3,745,400", "Common Stock Equity": "3,457,400", "Capital Lease Obligations": "255,900", "Net Tangible Assets": "2,318,900", "Working Capital": "1,961,200", "Invested Capital": "4,053,600", "Tangible Book Value": "2,318,900", "Total Debt": "852,100", "Net Debt": "-", "Share Issued": "127,900", "Ordinary Shares Number": "81,300", "Treasury Shares Number": "46,600"}}, "cf": {"TTM": {"Duration": "TTM", "Operating Cash Flow": "486,900", "Investing Cash Flow": "815,600", "Financing Cash Flow": "479,700", "End Cash Position": "2,473,600", "Capital Expenditure": "-242,200", "Issuance of Debt": "1,716,900", "Repayment of Debt": "-485,300", "Repurchase of Capital Stock": "-537,600", "Free Cash Flow": "244,700"}, "3/31/2020": {"Duration": "3/31/2020", "Operating Cash Flow": "754,600", "Investing Cash Flow": "702,100", "Financing Cash Flow": "-438,200", "End Cash Position": "1,629,800", "Capital Expenditure": "-270,300", "Issuance of Debt": "475,000", "Repayment of Debt": "-13,600", "Repurchase of Capital Stock": "-694,800", "Free Cash Flow": "484,300"}, "3/31/2019": {"Duration": "3/31/2019", "Operating Cash Flow": "783,800", "Investing Cash Flow": "-879,300", "Financing Cash Flow": "-605,700", "End Cash Position": "626,500", "Capital Expenditure": "-197,700", "Issuance of Debt": "398,100", "Repayment of Debt": "-329,500", "Repurchase of Capital Stock": "-502,600", "Free Cash Flow": "586,100"}, "3/31/2018": {"Duration": "3/31/2018", "Operating Cash Flow": "975,100", "Investing Cash Flow": "-189,100", "Financing Cash Flow": "-197,500", "End Cash Position": "1,355,500", "Capital Expenditure": "-161,600", "Issuance of Debt": "10,100", "Repayment of Debt": "-28,200", "Repurchase of Capital Stock": "-17,100", "Free Cash Flow": "813,500"}}}}, {"PVH": {"quote": {"03/21/2021": {"value": "105.78", "Market Cap": "7.521B", "Beta (5Y Monthly)": "2.45", "PE Ratio (TTM)": "N/A", "EPS (TTM)": "-15.99", "Earnings Date": "Mar 30, 2021", "Forward Dividend & Yield": "N/A (N/A)", "Ex-Dividend Date": "Mar 19, 2020", "1y Target Est": "103.16"}}, "fin": {"TTM": {"Duration": "TTM", "Total Revenue": "8,896,700", "Cost of Revenue": "4,138,300", "Gross Profit": "4,758,400", "Operating Expense": "4,582,400", "Operating Income": "176,000", "Net Non Operating Interest Income Expense": "-106,000", "Other Income Expense": "-970,800", "Pretax Income": "-900,800", "Tax Provision": "-137,100", "Net Income Common Stockholders": "-761,500", "Diluted NI Available to Com Stockholders": "-761,500", "Basic EPS": "-", "Diluted EPS": "-", "Basic Average Shares": "-", "Diluted Average Shares": "-", "Total Expenses": "8,720,700", "Net Income from Continuing & Discontinued Operation": "-761,500", "Normalized Income": "29,923", "Interest Income": "5,500", "Interest Expense": "111,500", "Net Interest Income": "-106,000", "EBIT": "-789,300", "EBITDA": "-460,900", "Reconciled Cost of Revenue": "4,138,300", "Reconciled Depreciation": "328,400", "Net Income from Continuing Operation Net Minority Interest": "-761,500", "Total Unusual Items Excluding Goodwill": "-933,500", "Total Unusual Items": "-933,500", "Normalized EBITDA": "472,600", "Tax Rate for Calcs": "0", "Tax Effect of Unusual Items": "-142,077"}, "1/31/2020": {"Duration": "1/31/2020", "Total Revenue": "9,909,000", "Cost of Revenue": "4,520,600", "Gross Profit": "5,388,400", "Operating Expense": "4,715,200", "Operating Income": "673,200", "Net Non Operating Interest Income Expense": "-114,700", "Other Income Expense": "-114,500", "Pretax Income": "444,000", "Tax Provision": "28,900", "Net Income Common Stockholders": "417,300", "Diluted NI Available to Com Stockholders": "417,300", "Basic EPS": "5.62", "Diluted EPS": "5.60", "Basic Average Shares": "74,200", "Diluted Average Shares": "74,600", "Total Expenses": "9,235,800", "Net Income from Continuing & Discontinued Operation": "417,300", "Normalized Income": "422,162", "Interest Income": "5,300", "Interest Expense": "120,000", "Net Interest Income": "-114,700", "EBIT": "564,000", "EBITDA": "-", "Reconciled Cost of Revenue": "4,520,600", "Reconciled Depreciation": "323,800", "Net Income from Continuing Operation Net Minority Interest": "417,300", "Total Unusual Items Excluding Goodwill": "-5,200", "Total Unusual Items": "-5,200", "Normalized EBITDA": "893,000", "Tax Rate for Calcs": "0", "Tax Effect of Unusual Items": "-338"}, "1/31/2019": {"Duration": "1/31/2019", "Total Revenue": "9,656,800", "Cost of Revenue": "4,348,500", "Gross Profit": "5,308,300", "Operating Expense": "4,432,800", "Operating Income": "875,500", "Net Non Operating Interest Income Expense": "-116,100", "Other Income Expense": "16,200", "Pretax Income": "775,600", "Tax Provision": "31,000", "Net Income Common Stockholders": "746,400", "Diluted NI Available to Com Stockholders": "746,400", "Basic EPS": "9.76", "Diluted EPS": "9.65", "Basic Average Shares": "76,500", "Diluted Average Shares": "77,300", "Total Expenses": "8,781,300", "Net Income from Continuing & Discontinued Operation": "746,400", "Normalized Income": "746,400", "Interest Income": "4,700", "Interest Expense": "120,800", "Net Interest Income": "-116,100", "EBIT": "896,400", "EBITDA": "-", "Reconciled Cost of Revenue": "4,348,500", "Reconciled Depreciation": "334,800", "Net Income from Continuing Operation Net Minority Interest": "746,400", "Total Unusual Items Excluding Goodwill": "0", "Total Unusual Items": "0", "Normalized EBITDA": "1,231,200", "Tax Rate for Calcs": "0", "Tax Effect of Unusual Items": "0"}}, "bs": {"1/31/2020": {"Duration": "1/31/2020", "Total Assets": "13,631,000", "Total Liabilities Net Minority Interest": "7,819,500", "Total Equity Gross Minority Interest": "5,811,500", "Total Capitalization": "8,505,400", "Common Stock Equity": "5,811,500", "Capital Lease Obligations": "1,895,500", "Net Tangible Assets": "-1,346,800", "Working Capital": "1,033,100", "Invested Capital": "8,568,800", "Tangible Book Value": "-1,346,800", "Total Debt": "4,652,800", "Net Debt": "2,253,900", "Share Issued": "85,890", "Ordinary Shares Number": "72,293", "Preferred Shares Number": "8", "Treasury Shares Number": "13,597"}, "1/31/2019": {"Duration": "1/31/2019", "Total Assets": "11,863,700", "Total Liabilities Net Minority Interest": "6,035,900", "Total Equity Gross Minority Interest": "5,827,800", "Total Capitalization": "8,647,200", "Common Stock Equity": "5,827,800", "Capital Lease Obligations": "-", "Net Tangible Assets": "-1,411,900", "Working Capital": "1,344,700", "Invested Capital": "8,660,000", "Tangible Book Value": "-1,411,900", "Total Debt": "2,832,200", "Net Debt": "2,380,200", "Share Issued": "85,446", "Ordinary Shares Number": "75,404", "Preferred Shares Number": "8", "Treasury Shares Number": "10,043"}}, "cf": {"TTM": {"Duration": "TTM", "Operating Cash Flow": "950,700", "Investing Cash Flow": "-316,500", "Financing Cash Flow": "-313,500", "End Cash Position": "815,000", "Capital Expenditure": "-324,900", "Issuance of Debt": "168,000", "Repayment of Debt": "-79,300", "Repurchase of Capital Stock": "-382,400", "Free Cash Flow": "625,800"}, "1/31/2020": {"Duration": "1/31/2020", "Operating Cash Flow": "1,020,300", "Investing Cash Flow": "-505,900", "Financing Cash Flow": "-451,600", "End Cash Position": "503,400", "Capital Expenditure": "-345,200", "Issuance of Debt": "1,639,800", "Repayment of Debt": "-1,725,400", "Repurchase of Capital Stock": "-345,100", "Free Cash Flow": "675,100"}, "1/31/2019": {"Duration": "1/31/2019", "Operating Cash Flow": "852,500", "Investing Cash Flow": "-395,400", "Financing Cash Flow": "-478,500", "End Cash Position": "452,000", "Capital Expenditure": "-379,500", "Issuance of Debt": "0", "Repayment of Debt": "-162,100", "Repurchase of Capital Stock": "-325,200", "Free Cash Flow": "473,000"}}}}, {"COLM": {"quote": {"03/21/2021": {"value": "107.34", "Market Cap": "7.126B", "Beta (5Y Monthly)": "0.85", "PE Ratio (TTM)": "66.26", "EPS (TTM)": "1.62", "Earnings Date": "Apr 28, 2021 - May 03, 2021", "Forward Dividend & Yield": "1.04 (0.97%)", "Ex-Dividend Date": "Mar 08, 2021", "1y Target Est": "111.91"}}, "fin": {"TTM": {"Duration": "TTM", "Total Revenue": "2,501,554", "Cost of Revenue": "1,277,665", "Gross Profit": "1,223,889", "Operating Expense": "1,086,840", "Operating Income": "137,049", "Net Non Operating Interest Income Expense": "435", "Other Income Expense": "2,039", "Pretax Income": "139,523", "Tax Provision": "31,510", "Net Income Common Stockholders": "108,013", "Diluted NI Available to Com Stockholders": "108,013", "Basic EPS": "-", "Diluted EPS": "-", "Basic Average Shares": "-", "Diluted Average Shares": "-", "Total Operating Income as Reported": "137,049", "Total Expenses": "2,364,505", "Net Income from Continuing & Discontinued Operation": "108,013", "Normalized Income": "108,013", "Interest Income": "435", "Interest Expense": "-", "Net Interest Income": "435", "EBIT": "137,049", "EBITDA": "283,650", "Reconciled Cost of Revenue": "1,277,665", "Reconciled Depreciation": "146,601", "Net Income from Continuing Operation Net Minority Interest": "108,013", "Normalized EBITDA": "283,650", "Tax Rate for Calcs": "0", "Tax Effect of Unusual Items": "0"}, "12/31/2020": {"Duration": "12/31/2020", "Total Revenue": "2,501,554", "Cost of Revenue": "1,277,665", "Gross Profit": "1,223,889", "Operating Expense": "1,086,840", "Operating Income": "137,049", "Net Non Operating Interest Income Expense": "435", "Other Income Expense": "2,039", "Pretax Income": "139,523", "Tax Provision": "31,510", "Net Income Common Stockholders": "108,013", "Diluted NI Available to Com Stockholders": "108,013", "Basic EPS": "1.63", "Diluted EPS": "1.62", "Basic Average Shares": "66,376", "Diluted Average Shares": "66,772", "Total Operating Income as Reported": "137,049", "Total Expenses": "2,364,505", "Net Income from Continuing & Discontinued Operation": "108,013", "Normalized Income": "108,013", "Interest Income": "435", "Interest Expense": "-", "Net Interest Income": "435", "EBIT": "137,049", "EBITDA": "-", "Reconciled Cost of Revenue": "1,277,665", "Reconciled Depreciation": "146,601", "Net Income from Continuing Operation Net Minority Interest": "108,013", "Normalized EBITDA": "283,650", "Tax Rate for Calcs": "0", "Tax Effect of Unusual Items": "0"}, "12/31/2019": {"Duration": "12/31/2019", "Total Revenue": "3,042,478", "Cost of Revenue": "1,526,808", "Gross Profit": "1,515,670", "Operating Expense": "1,120,699", "Operating Income": "394,971", "Net Non Operating Interest Income Expense": "8,302", "Other Income Expense": "2,156", "Pretax Income": "405,429", "Tax Provision": "74,940", "Net Income Common Stockholders": "330,489", "Diluted NI Available to Com Stockholders": "330,489", "Basic EPS": "4.87", "Diluted EPS": "4.83", "Basic Average Shares": "67,837", "Diluted Average Shares": "68,493", "Total Operating Income as Reported": "394,971", "Total Expenses": "2,647,507", "Net Income from Continuing & Discontinued Operation": "330,489", "Normalized Income": "330,489", "Interest Income": "8,302", "Interest Expense": "0", "Net Interest Income": "8,302", "EBIT": "405,429", "EBITDA": "-", "Reconciled Cost of Revenue": "1,526,808", "Reconciled Depreciation": "121,725", "Net Income from Continuing Operation Net Minority Interest": "330,489", "Normalized EBITDA": "527,154", "Tax Rate for Calcs": "0", "Tax Effect of Unusual Items": "0"}, "12/31/2018": {"Duration": "12/31/2018", "Total Revenue": "2,802,326", "Cost of Revenue": "1,415,978", "Gross Profit": "1,386,348", "Operating Expense": "1,035,366", "Operating Income": "350,982", "Net Non Operating Interest Income Expense": "9,876", "Other Income Expense": "-141", "Pretax Income": "360,717", "Tax Provision": "85,769", "Net Income Common Stockholders": "268,256", "Diluted NI Available to Com Stockholders": "268,256", "Basic EPS": "3.85", "Diluted EPS": "3.81", "Basic Average Shares": "69,614", "Diluted Average Shares": "70,401", "Total Operating Income as Reported": "350,982", "Total Expenses": "2,451,344", "Net Income from Continuing & Discontinued Operation": "268,256", "Normalized Income": "268,256", "Interest Income": "9,876", "Interest Expense": "0", "Net Interest Income": "9,876", "EBIT": "360,717", "EBITDA": "-", "Reconciled Cost of Revenue": "1,415,978", "Reconciled Depreciation": "58,230", "Net Income from Continuing Operation Net Minority Interest": "268,256", "Normalized EBITDA": "418,947", "Tax Rate for Calcs": "0", "Tax Effect of Unusual Items": "0"}}, "bs": {"12/31/2020": {"Duration": "12/31/2020", "Total Assets": "2,836,571", "Total Liabilities Net Minority Interest": "1,003,800", "Total Equity Gross Minority Interest": "1,832,771", "Total Capitalization": "1,832,771", "Common Stock Equity": "1,832,771", "Capital Lease Obligations": "418,647", "Net Tangible Assets": "1,660,619", "Working Capital": "1,302,999", "Invested Capital": "1,832,771", "Tangible Book Value": "1,660,619", "Total Debt": "418,647", "Share Issued": "66,252", "Ordinary Shares Number": "66,252"}, "12/31/2019": {"Duration": "12/31/2019", "Total Assets": "2,931,591", "Total Liabilities Net Minority Interest": "1,082,144", "Total Equity Gross Minority Interest": "1,849,447", "Total Capitalization": "1,849,447", "Common Stock Equity": "1,849,447", "Capital Lease Obligations": "435,526", "Net Tangible Assets": "1,657,258", "Working Capital": "1,244,831", "Invested Capital": "1,849,447", "Tangible Book Value": "1,657,258", "Total Debt": "435,526", "Share Issued": "67,561", "Ordinary Shares Number": "67,561"}, "12/31/2018": {"Duration": "12/31/2018", "Total Assets": "2,368,721", "Total Liabilities Net Minority Interest": "678,408", "Total Equity Gross Minority Interest": "1,690,313", "Total Capitalization": "1,673,857", "Common Stock Equity": "1,673,857", "Capital Lease Obligations": "-", "Net Tangible Assets": "1,478,688", "Working Capital": "1,192,424", "Invested Capital": "1,673,857", "Tangible Book Value": "1,478,688", "Total Debt": "-", "Share Issued": "68,246", "Ordinary Shares Number": "68,246"}}, "cf": {"TTM": {"Duration": "TTM", "Operating Cash Flow": "276,077", "Investing Cash Flow": "-27,171", "Financing Cash Flow": "-151,700", "End Cash Position": "790,725", "Income Tax Paid Supplemental Data": "14,687", "Interest Paid Supplemental Data": "-", "Capital Expenditure": "-28,758", "Issuance of Debt": "402,422", "Repayment of Debt": "-403,146", "Repurchase of Capital Stock": "-132,889", "Free Cash Flow": "247,319"}, "12/31/2020": {"Duration": "12/31/2020", "Operating Cash Flow": "276,077", "Investing Cash Flow": "-27,171", "Financing Cash Flow": "-151,700", "End Cash Position": "790,725", "Income Tax Paid Supplemental Data": "14,687", "Interest Paid Supplemental Data": "-", "Capital Expenditure": "-28,758", "Issuance of Debt": "402,422", "Repayment of Debt": "-403,146", "Repurchase of Capital Stock": "-132,889", "Free Cash Flow": "247,319"}, "12/31/2019": {"Duration": "12/31/2019", "Operating Cash Flow": "285,452", "Investing Cash Flow": "140,728", "Financing Cash Flow": "-190,722", "End Cash Position": "686,009", "Income Tax Paid Supplemental Data": "99,062", "Interest Paid Supplemental Data": "0", "Capital Expenditure": "-123,516", "Issuance of Debt": "78,186", "Repayment of Debt": "-78,186", "Repurchase of Capital Stock": "-121,702", "Free Cash Flow": "161,936"}, "12/31/2018": {"Duration": "12/31/2018", "Operating Cash Flow": "289,569", "Investing Cash Flow": "-232,231", "Financing Cash Flow": "-270,014", "End Cash Position": "451,795", "Income Tax Paid Supplemental Data": "77,408", "Interest Paid Supplemental Data": "0", "Capital Expenditure": "-65,622", "Issuance of Debt": "70,576", "Repayment of Debt": "-70,576", "Repurchase of Capital Stock": "-201,600", "Free Cash Flow": "223,947"}}}}, {"CRI": {"quote": {"03/21/2021": {"value": "89.89", "Market Cap": "3.96B", "Beta (5Y Monthly)": "1.32", "PE Ratio (TTM)": "35.93", "EPS (TTM)": "2.50", "Earnings Date": "May 03, 2021 - May 07, 2021", "Forward Dividend & Yield": "N/A (N/A)", "Ex-Dividend Date": "Mar 05, 2020", "1y Target Est": "96.75"}}, "fin": {"TTM": {"Duration": "TTM", "Total Revenue": "3,024,334", "Cost of Revenue": "1,710,892", "Gross Profit": "1,313,442", "Operating Expense": "1,079,331", "Operating Income": "234,111", "Net Non Operating Interest Income Expense": "-54,547", "Other Income Expense": "-44,580", "Pretax Income": "134,984", "Tax Provision": "25,267", "Net Income Common Stockholders": "108,599", "Average Dilution Earnings": "3", "Diluted NI Available to Com Stockholders": "108,602", "Basic EPS": "-", "Diluted EPS": "-", "Basic Average Shares": "-", "Diluted Average Shares": "-", "Total Operating Income as Reported": "189,869", "Total Expenses": "2,790,223", "Net Income from Continuing & Discontinued Operation": "109,717", "Normalized Income": "145,686", "Interest Income": "1,515", "Interest Expense": "56,062", "Net Interest Income": "-54,547", "EBIT": "191,046", "EBITDA": "285,045", "Reconciled Cost of Revenue": "1,710,892", "Reconciled Depreciation": "93,999", "Net Income from Continuing Operation Net Minority Interest": "109,717", "Total Unusual Items Excluding Goodwill": "-44,242", "Total Unusual Items": "-44,242", "Normalized EBITDA": "329,287", "Tax Rate for Calcs": "0", "Tax Effect of Unusual Items": "-8,273"}, "12/31/2020": {"Duration": "12/31/2020", "Total Revenue": "3,024,334", "Cost of Revenue": "1,710,892", "Gross Profit": "1,313,442", "Operating Expense": "1,079,331", "Operating Income": "234,111", "Net Non Operating Interest Income Expense": "-54,547", "Other Income Expense": "-44,580", "Pretax Income": "134,984", "Tax Provision": "25,267", "Net Income Common Stockholders": "108,599", "Average Dilution Earnings": "3", "Diluted NI Available to Com Stockholders": "108,602", "Basic EPS": "-", "Diluted EPS": "-", "Basic Average Shares": "-", "Diluted Average Shares": "-", "Total Operating Income as Reported": "189,869", "Total Expenses": "2,790,223", "Net Income from Continuing & Discontinued Operation": "109,717", "Normalized Income": "145,686", "Interest Income": "1,515", "Interest Expense": "56,062", "Net Interest Income": "-54,547", "EBIT": "191,046", "EBITDA": "-", "Reconciled Cost of Revenue": "1,710,892", "Reconciled Depreciation": "93,999", "Net Income from Continuing Operation Net Minority Interest": "109,717", "Total Unusual Items Excluding Goodwill": "-44,242", "Total Unusual Items": "-44,242", "Normalized EBITDA": "329,287", "Tax Rate for Calcs": "0", "Tax Effect of Unusual Items": "-8,273"}, "12/31/2019": {"Duration": "12/31/2019", "Total Revenue": "3,519,286", "Cost of Revenue": "2,010,736", "Gross Profit": "1,508,550", "Operating Expense": "1,105,878", "Operating Income": "402,672", "Net Non Operating Interest Income Expense": "-36,314", "Other Income Expense": "-38,406", "Pretax Income": "327,952", "Tax Provision": "64,150", "Net Income Common Stockholders": "261,372", "Average Dilution Earnings": "11", "Diluted NI Available to Com Stockholders": "261,383", "Basic EPS": "5.89", "Diluted EPS": "5.85", "Basic Average Shares": "44,402", "Diluted Average Shares": "44,708", "Total Operating Income as Reported": "371,872", "Total Expenses": "3,116,614", "Net Income from Continuing & Discontinued Operation": "263,802", "Normalized Income": "294,855", "Interest Income": "1,303", "Interest Expense": "37,617", "Net Interest Income": "-36,314", "EBIT": "365,569", "EBITDA": "-", "Reconciled Cost of Revenue": "2,010,736", "Reconciled Depreciation": "95,954", "Net Income from Continuing Operation Net Minority Interest": "263,802", "Total Unusual Items Excluding Goodwill": "-38,623", "Total Unusual Items": "-38,623", "Normalized EBITDA": "500,146", "Tax Rate for Calcs": "0", "Tax Effect of Unusual Items": "-7,570"}, "12/31/2018": {"Duration": "12/31/2018", "Total Revenue": "3,462,269", "Cost of Revenue": "1,964,786", "Gross Profit": "1,497,483", "Operating Expense": "1,106,050", "Operating Income": "391,433", "Net Non Operating Interest Income Expense": "-34,042", "Other Income Expense": "-1,416", "Pretax Income": "355,975", "Tax Provision": "73,907", "Net Income Common Stockholders": "279,920", "Average Dilution Earnings": "16", "Diluted NI Available to Com Stockholders": "279,936", "Basic EPS": "6.06", "Diluted EPS": "6.00", "Basic Average Shares": "46,161", "Diluted Average Shares": "46,648", "Total Operating Income as Reported": "391,433", "Total Expenses": "3,070,836", "Net Income from Continuing & Discontinued Operation": "282,068", "Normalized Income": "282,068", "Interest Income": "527", "Interest Expense": "34,569", "Net Interest Income": "-34,042", "EBIT": "390,544", "EBITDA": "-", "Reconciled Cost of Revenue": "1,964,786", "Reconciled Depreciation": "89,653", "Net Income from Continuing Operation Net Minority Interest": "282,068", "Total Unusual Items Excluding Goodwill": "-", "Total Unusual Items": "-", "Normalized EBITDA": "480,197", "Tax Rate for Calcs": "0", "Tax Effect of Unusual Items": "0"}}, "bs": {"12/31/2020": {"Duration": "12/31/2020", "Total Assets": "3,392,580", "Total Liabilities Net Minority Interest": "2,454,547", "Total Equity Gross Minority Interest": "938,033", "Total Capitalization": "1,927,563", "Common Stock Equity": "938,033", "Capital Lease Obligations": "739,649", "Net Tangible Assets": "380,854", "Working Capital": "1,153,492", "Invested Capital": "1,927,563", "Tangible Book Value": "380,854", "Total Debt": "1,729,179", "Net Debt": "-", "Share Issued": "43,780", "Ordinary Shares Number": "43,780"}, "12/31/2019": {"Duration": "12/31/2019", "Total Assets": "2,753,117", "Total Liabilities Net Minority Interest": "1,872,987", "Total Equity Gross Minority Interest": "880,130", "Total Capitalization": "1,474,802", "Common Stock Equity": "880,130", "Capital Lease Obligations": "824,600", "Net Tangible Assets": "275,336", "Working Capital": "632,257", "Invested Capital": "1,474,802", "Tangible Book Value": "275,336", "Total Debt": "1,419,272", "Net Debt": "380,361", "Share Issued": "43,963", "Ordinary Shares Number": "43,963"}, "12/31/2018": {"Duration": "12/31/2018", "Total Assets": "2,058,858", "Total Liabilities Net Minority Interest": "1,189,425", "Total Equity Gross Minority Interest": "869,433", "Total Capitalization": "1,462,697", "Common Stock Equity": "869,433", "Capital Lease Obligations": "-", "Net Tangible Assets": "232,129", "Working Capital": "715,537", "Invested Capital": "1,462,697", "Tangible Book Value": "232,129", "Total Debt": "593,264", "Net Debt": "423,187", "Share Issued": "45,629", "Ordinary Shares Number": "45,629"}}, "cf": {"TTM": {"Duration": "TTM", "Operating Cash Flow": "589,894", "Investing Cash Flow": "-32,871", "Financing Cash Flow": "324,843", "End Cash Position": "1,102,323", "Capital Expenditure": "-32,871", "Issuance of Debt": "1,144,000", "Repayment of Debt": "-744,000", "Repurchase of Capital Stock": "-45,255", "Free Cash Flow": "557,023"}, "12/31/2020": {"Duration": "12/31/2020", "Operating Cash Flow": "589,894", "Investing Cash Flow": "-32,871", "Financing Cash Flow": "324,843", "End Cash Position": "1,102,323", "Capital Expenditure": "-32,871", "Issuance of Debt": "1,144,000", "Repayment of Debt": "-744,000", "Repurchase of Capital Stock": "-45,255", "Free Cash Flow": "557,023"}, "12/31/2019": {"Duration": "12/31/2019", "Operating Cash Flow": "387,215", "Investing Cash Flow": "-60,670", "Financing Cash Flow": "-283,384", "End Cash Position": "214,311", "Capital Expenditure": "-61,419", "Issuance of Debt": "765,000", "Repayment of Debt": "-766,252", "Repurchase of Capital Stock": "-196,910", "Free Cash Flow": "325,796"}, "12/31/2018": {"Duration": "12/31/2018", "Operating Cash Flow": "356,198", "Investing Cash Flow": "-63,307", "Financing Cash Flow": "-298,946", "End Cash Position": "170,077", "Capital Expenditure": "-63,783", "Issuance of Debt": "290,000", "Repayment of Debt": "-315,000", "Repurchase of Capital Stock": "-193,028", "Free Cash Flow": "292,415"}}}}, {"UNF": {"quote": {"03/21/2021": {"value": "225.38", "Market Cap": "4.25B", "Beta (5Y Monthly)": "1.07", "PE Ratio (TTM)": "33.11", "EPS (TTM)": "6.81", "Earnings Date": "Mar 31, 2021", "Forward Dividend & Yield": "1.00 (0.44%)", "Ex-Dividend Date": "Mar 08, 2021", "1y Target Est": "248.00"}}, "fin": {"TTM": {"Duration": "TTM", "Total Revenue": "1,785,614", "Cost of Revenue": "1,151,416", "Gross Profit": "634,198", "Operating Expense": "465,522", "Operating Income": "168,676", "Net Non Operating Interest Income Expense": "4,589", "Other Income Expense": "-1,444", "Pretax Income": "171,821", "Tax Provision": "42,397", "Net Income Common Stockholders": "129,424", "Average Dilution Earnings": "-", "Diluted NI Available to Com Stockholders": "129,424", "Basic EPS": "-", "Diluted EPS": "-", "Basic Average Shares": "-", "Diluted Average Shares": "-", "Total Operating Income as Reported": "168,676", "Total Expenses": "1,616,938", "Net Income from Continuing & Discontinued Operation": "129,424", "Normalized Income": "129,424", "Interest Income": "4,589", "Interest Expense": "-", "Net Interest Income": "4,589", "EBIT": "168,676", "EBITDA": "274,222", "Reconciled Cost of Revenue": "1,151,416", "Reconciled Depreciation": "105,546", "Net Income from Continuing Operation Net Minority Interest": "129,424", "Total Unusual Items Excluding Goodwill": "-", "Total Unusual Items": "-", "Normalized EBITDA": "274,222", "Tax Rate for Calcs": "0", "Tax Effect of Unusual Items": "0"}, "8/31/2020": {"Duration": "8/31/2020", "Total Revenue": "1,804,159", "Cost of Revenue": "1,164,932", "Gross Profit": "639,227", "Operating Expense": "466,498", "Operating Income": "172,729", "Net Non Operating Interest Income Expense": "6,382", "Other Income Expense": "-1,223", "Pretax Income": "177,888", "Tax Provision": "42,118", "Net Income Common Stockholders": "135,770", "Average Dilution Earnings": "-", "Diluted NI Available to Com Stockholders": "135,770", "Basic EPS": "7.46", "Diluted EPS": "7.13", "Basic Average Shares": "18,919", "Diluted Average Shares": "19,042", "Total Operating Income as Reported": "172,729", "Total Expenses": "1,631,430", "Net Income from Continuing & Discontinued Operation": "135,770", "Normalized Income": "135,770", "Interest Income": "6,382", "Interest Expense": "-", "Net Interest Income": "6,382", "EBIT": "172,729", "EBITDA": "-", "Reconciled Cost of Revenue": "1,164,932", "Reconciled Depreciation": "104,697", "Net Income from Continuing Operation Net Minority Interest": "135,770", "Total Unusual Items Excluding Goodwill": "-", "Total Unusual Items": "-", "Normalized EBITDA": "277,426", "Tax Rate for Calcs": "0", "Tax Effect of Unusual Items": "0"}, "8/31/2019": {"Duration": "8/31/2019", "Total Revenue": "1,809,376", "Cost of Revenue": "1,139,195", "Gross Profit": "670,181", "Operating Expense": "438,173", "Operating Income": "232,008", "Net Non Operating Interest Income Expense": "9,082", "Other Income Expense": "-3,166", "Pretax Income": "237,924", "Tax Provision": "58,790", "Net Income Common Stockholders": "179,134", "Average Dilution Earnings": "-", "Diluted NI Available to Com Stockholders": "179,134", "Basic EPS": "9.77", "Diluted EPS": "9.33", "Basic Average Shares": "19,082", "Diluted Average Shares": "19,196", "Total Operating Income as Reported": "232,008", "Total Expenses": "1,577,368", "Net Income from Continuing & Discontinued Operation": "179,134", "Normalized Income": "179,134", "Interest Income": "9,082", "Interest Expense": "-9,082", "Net Interest Income": "9,082", "EBIT": "232,008", "EBITDA": "-", "Reconciled Cost of Revenue": "1,139,195", "Reconciled Depreciation": "103,333", "Net Income from Continuing Operation Net Minority Interest": "179,134", "Total Unusual Items Excluding Goodwill": "0", "Total Unusual Items": "0", "Normalized EBITDA": "335,341", "Tax Rate for Calcs": "0", "Tax Effect of Unusual Items": "0"}, "8/31/2018": {"Duration": "8/31/2018", "Total Revenue": "1,696,489", "Cost of Revenue": "1,056,724", "Gross Profit": "639,765", "Operating Expense": "457,389", "Operating Income": "182,376", "Net Non Operating Interest Income Expense": "5,543", "Other Income Expense": "-673", "Pretax Income": "187,246", "Tax Provision": "23,351", "Net Income Common Stockholders": "163,895", "Average Dilution Earnings": "0", "Diluted NI Available to Com Stockholders": "163,895", "Basic EPS": "8.66", "Diluted EPS": "8.21", "Basic Average Shares": "19,811", "Diluted Average Shares": "19,963", "Total Operating Income as Reported": "182,376", "Total Expenses": "1,514,113", "Net Income from Continuing & Discontinued Operation": "163,895", "Normalized Income": "163,895", "Interest Income": "5,543", "Interest Expense": "-5,543", "Net Interest Income": "5,543", "EBIT": "182,376", "EBITDA": "-", "Reconciled Cost of Revenue": "1,056,724", "Reconciled Depreciation": "96,662", "Net Income from Continuing Operation Net Minority Interest": "163,895", "Total Unusual Items Excluding Goodwill": "0", "Total Unusual Items": "0", "Normalized EBITDA": "279,038", "Tax Rate for Calcs": "0", "Tax Effect of Unusual Items": "0"}}, "bs": {"8/31/2020": {"Duration": "8/31/2020", "Total Assets": "2,199,027", "Total Liabilities Net Minority Interest": "457,898", "Total Equity Gross Minority Interest": "1,741,129", "Total Capitalization": "1,741,129", "Common Stock Equity": "1,741,129", "Capital Lease Obligations": "41,830", "Net Tangible Assets": "1,230,749", "Working Capital": "759,238", "Invested Capital": "1,741,129", "Tangible Book Value": "1,230,749", "Total Debt": "41,830", "Share Issued": "18,894", "Ordinary Shares Number": "18,894"}, "8/31/2019": {"Duration": "8/31/2019", "Total Assets": "2,047,320", "Total Liabilities Net Minority Interest": "406,090", "Total Equity Gross Minority Interest": "1,641,230", "Total Capitalization": "1,641,230", "Common Stock Equity": "1,641,230", "Capital Lease Obligations": "-", "Net Tangible Assets": "1,167,332", "Working Capital": "723,947", "Invested Capital": "1,641,230", "Tangible Book Value": "1,167,332", "Total Debt": "-", "Share Issued": "18,976", "Ordinary Shares Number": "18,976"}, "8/31/2018": {"Duration": "8/31/2018", "Total Assets": "1,843,386", "Total Liabilities Net Minority Interest": "378,419", "Total Equity Gross Minority Interest": "1,464,967", "Total Capitalization": "1,464,967", "Common Stock Equity": "1,464,967", "Capital Lease Obligations": "-", "Net Tangible Assets": "996,641", "Working Capital": "586,339", "Invested Capital": "1,464,967", "Tangible Book Value": "996,641", "Total Debt": "-", "Share Issued": "19,141", "Ordinary Shares Number": "19,141"}}, "cf": {"TTM": {"Duration": "TTM", "Operating Cash Flow": "286,991", "Investing Cash Flow": "-131,840", "Financing Cash Flow": "-40,168", "End Cash Position": "471,571", "Income Tax Paid Supplemental Data": "-", "Interest Paid Supplemental Data": "-", "Capital Expenditure": "-129,578", "Issuance of Debt": "-", "Repayment of Debt": "-", "Repurchase of Capital Stock": "-18,988", "Free Cash Flow": "157,413"}, "8/31/2020": {"Duration": "8/31/2020", "Operating Cash Flow": "286,684", "Investing Cash Flow": "-157,616", "Financing Cash Flow": "-41,103", "End Cash Position": "474,838", "Income Tax Paid Supplemental Data": "58,402", "Interest Paid Supplemental Data": "637", "Capital Expenditure": "-116,717", "Issuance of Debt": "-", "Repayment of Debt": "-", "Repurchase of Capital Stock": "-21,745", "Free Cash Flow": "169,967"}, "8/31/2019": {"Duration": "8/31/2019", "Operating Cash Flow": "282,142", "Investing Cash Flow": "-124,329", "Financing Cash Flow": "-41,491", "End Cash Position": "385,341", "Income Tax Paid Supplemental Data": "28,354", "Interest Paid Supplemental Data": "750", "Capital Expenditure": "-119,815", "Issuance of Debt": "-", "Repayment of Debt": "-", "Repurchase of Capital Stock": "-30,515", "Free Cash Flow": "162,327"}, "8/31/2018": {"Duration": "8/31/2018", "Operating Cash Flow": "230,073", "Investing Cash Flow": "-153,898", "Financing Cash Flow": "-152,948", "End Cash Position": "270,512", "Income Tax Paid Supplemental Data": "28,355", "Interest Paid Supplemental Data": "538", "Capital Expenditure": "-112,747", "Issuance of Debt": "-", "Repayment of Debt": "0", "Repurchase of Capital Stock": "-146,011", "Free Cash Flow": "117,326"}}}}, {"VNCE": {"quote": {"03/21/2021": {"value": "10.90", "Market Cap": "128.644M", "Beta (5Y Monthly)": "2.50", "PE Ratio (TTM)": "N/A", "EPS (TTM)": "-0.56", "Earnings Date": "Dec 21, 2020", "Forward Dividend & Yield": "N/A (N/A)", "Ex-Dividend Date": "N/A", "1y Target Est": "10.00"}}, "fin": {"TTM": {"Duration": "TTM", "Total Revenue": "375,187", "Cost of Revenue": "196,757", "Gross Profit": "178,430", "Operating Expense": "179,329", "Operating Income": "-899", "Net Non Operating Interest Income Expense": "-4,958", "Other Income Expense": "36,351", "Pretax Income": "30,494", "Tax Provision": "98", "Net Income Common Stockholders": "30,396", "Diluted NI Available to Com Stockholders": "30,396", "Basic EPS": "-", "Diluted EPS": "-", "Basic Average Shares": "-", "Diluted Average Shares": "-", "Total Operating Income as Reported": "-20,390", "Total Expenses": "376,086", "Net Income from Continuing & Discontinued Operation": "30,396", "Normalized Income": "49,829", "Interest Expense": "4,958", "Net Interest Income": "-4,958", "EBIT": "35,452", "EBITDA": "45,054", "Reconciled Cost of Revenue": "196,757", "Reconciled Depreciation": "9,602", "Net Income from Continuing Operation Net Minority Interest": "30,396", "Total Unusual Items Excluding Goodwill": "-19,491", "Total Unusual Items": "-19,491", "Normalized EBITDA": "64,545", "Tax Rate for Calcs": "0", "Tax Effect of Unusual Items": "-58.473"}, "1/31/2020": {"Duration": "1/31/2020", "Total Revenue": "375,187", "Cost of Revenue": "196,757", "Gross Profit": "178,430", "Operating Expense": "179,329", "Operating Income": "-899", "Net Non Operating Interest Income Expense": "-4,958", "Other Income Expense": "36,351", "Pretax Income": "30,494", "Tax Provision": "98", "Net Income Common Stockholders": "30,396", "Diluted NI Available to Com Stockholders": "30,396", "Basic EPS": "2.60", "Diluted EPS": "2.55", "Basic Average Shares": "11,666", "Diluted Average Shares": "11,929", "Total Operating Income as Reported": "-20,390", "Total Expenses": "376,086", "Net Income from Continuing & Discontinued Operation": "30,396", "Normalized Income": "49,829", "Interest Expense": "4,958", "Net Interest Income": "-4,958", "EBIT": "35,452", "EBITDA": "-", "Reconciled Cost of Revenue": "196,757", "Reconciled Depreciation": "9,602", "Net Income from Continuing Operation Net Minority Interest": "30,396", "Total Unusual Items Excluding Goodwill": "-19,491", "Total Unusual Items": "-19,491", "Normalized EBITDA": "64,545", "Tax Rate for Calcs": "0", "Tax Effect of Unusual Items": "-58.473"}, "1/31/2019": {"Duration": "1/31/2019", "Total Revenue": "278,951", "Cost of Revenue": "148,226", "Gross Profit": "130,725", "Operating Expense": "126,586", "Operating Income": "4,139", "Net Non Operating Interest Income Expense": "-5,882", "Other Income Expense": "-225", "Pretax Income": "-1,968", "Tax Provision": "54", "Net Income Common Stockholders": "-2,022", "Diluted NI Available to Com Stockholders": "-2,022", "Basic EPS": "-0.17", "Diluted EPS": "-0.17", "Basic Average Shares": "11,620", "Diluted Average Shares": "11,620", "Total Operating Income as Reported": "4,139", "Total Expenses": "274,812", "Net Income from Continuing & Discontinued Operation": "-2,022", "Normalized Income": "-2,022", "Interest Expense": "5,882", "Net Interest Income": "-5,882", "EBIT": "3,914", "EBITDA": "-", "Reconciled Cost of Revenue": "148,226", "Reconciled Depreciation": "8,138", "Net Income from Continuing Operation Net Minority Interest": "-2,022", "Total Unusual Items Excluding Goodwill": "0", "Total Unusual Items": "0", "Normalized EBITDA": "12,052", "Tax Rate for Calcs": "0", "Tax Effect of Unusual Items": "0"}}, "bs": {"1/31/2020": {"Duration": "1/31/2020", "Total Assets": "362,302", "Total Liabilities Net Minority Interest": "231,522", "Total Equity Gross Minority Interest": "130,780", "Total Capitalization": "179,460", "Common Stock Equity": "130,780", "Capital Lease Obligations": "110,849", "Net Tangible Assets": "7,812", "Working Capital": "23,967", "Invested Capital": "182,210", "Tangible Book Value": "7,812", "Total Debt": "162,279", "Net Debt": "50,964", "Share Issued": "11,681", "Ordinary Shares Number": "11,681"}, "1/31/2019": {"Duration": "1/31/2019", "Total Assets": "234,931", "Total Liabilities Net Minority Interest": "160,831", "Total Equity Gross Minority Interest": "74,100", "Total Capitalization": "116,440", "Common Stock Equity": "74,100", "Capital Lease Obligations": "-", "Net Tangible Assets": "-43,836", "Working Capital": "43,020", "Invested Capital": "119,190", "Tangible Book Value": "-43,836", "Total Debt": "45,090", "Net Debt": "44,972", "Share Issued": "11,623", "Ordinary Shares Number": "11,623"}}, "cf": {"TTM": {"Duration": "TTM", "Operating Cash Flow": "16,819", "Investing Cash Flow": "-4,523", "Financing Cash Flow": "-11,991", "End Cash Position": "646", "Income Tax Paid Supplemental Data": "0", "Interest Paid Supplemental Data": "4,195", "Capital Expenditure": "-4,523", "Issuance of Capital Stock": "-", "Issuance of Debt": "0", "Repayment of Debt": "-11,692", "Free Cash Flow": "12,296"}, "1/31/2020": {"Duration": "1/31/2020", "Operating Cash Flow": "16,819", "Investing Cash Flow": "-4,523", "Financing Cash Flow": "-11,991", "End Cash Position": "646", "Income Tax Paid Supplemental Data": "0", "Interest Paid Supplemental Data": "4,195", "Capital Expenditure": "-4,523", "Issuance of Capital Stock": "-", "Issuance of Debt": "0", "Repayment of Debt": "-11,692", "Free Cash Flow": "12,296"}, "1/31/2019": {"Duration": "1/31/2019", "Operating Cash Flow": "3,575", "Investing Cash Flow": "-3,070", "Financing Cash Flow": "-5,821", "End Cash Position": "129", "Income Tax Paid Supplemental Data": "-", "Interest Paid Supplemental Data": "4,482", "Capital Expenditure": "-3,070", "Issuance of Capital Stock": "0", "Issuance of Debt": "29,616", "Repayment of Debt": "-33,000", "Free Cash Flow": "505"}}}}, {"XNY": {"quote": {"03/21/2021": {"value": "", "Net Assets": "N/A", "Beta (5Y Monthly)": "N/A", "Yield": "N/A", "5y Average Return": "N/A", "Holdings Turnover": "N/A", "Last Dividend": "N/A", "Average for Category": "N/A", "Inception Date": "N/A"}}, "fin": {}, "bs": {}, "cf": {}}}, {"CRWS": {"quote": {"03/21/2021": {"value": "7.90", "Market Cap": "78.853M", "Beta (5Y Monthly)": "0.99", "PE Ratio (TTM)": "10.82", "EPS (TTM)": "0.73", "Earnings Date": "Feb 10, 2021", "Forward Dividend & Yield": "0.32 (4.05%)", "Ex-Dividend Date": "Mar 11, 2021", "1y Target Est": "8.00"}}, "fin": {"TTM": {"Duration": "TTM", "Total Revenue": "77,647", "Cost of Revenue": "54,028", "Gross Profit": "23,619", "Operating Expense": "14,111", "Operating Income": "9,508", "Net Non Operating Interest Income Expense": "18", "Other Income Expense": "0", "Pretax Income": "9,526", "Tax Provision": "2,075", "Net Income Common Stockholders": "7,451", "Diluted NI Available to Com Stockholders": "7,451", "Basic EPS": "-", "Diluted EPS": "-", "Basic Average Shares": "-", "Diluted Average Shares": "-", "Total Operating Income as Reported": "9,508", "Total Expenses": "68,139", "Net Income from Continuing & Discontinued Operation": "7,451", "Normalized Income": "7,454", "Interest Income": "-", "Interest Expense": "-", "Net Interest Income": "18", "EBIT": "9,508", "EBITDA": "12,950", "Reconciled Cost of Revenue": "54,028", "Reconciled Depreciation": "3,442", "Net Income from Continuing Operation Net Minority Interest": "7,451", "Total Unusual Items Excluding Goodwill": "-4", "Total Unusual Items": "-4", "Normalized EBITDA": "12,954", "Tax Rate for Calcs": "0", "Tax Effect of Unusual Items": "-0.8713"}, "3/31/2020": {"Duration": "3/31/2020", "Total Revenue": "73,396", "Cost of Revenue": "51,806", "Gross Profit": "21,590", "Operating Expense": "13,853", "Operating Income": "7,737", "Net Non Operating Interest Income Expense": "-2", "Other Income Expense": "33", "Pretax Income": "7,768", "Tax Provision": "1,207", "Net Income Common Stockholders": "6,561", "Diluted NI Available to Com Stockholders": "6,561", "Basic EPS": "0.65", "Diluted EPS": "0.65", "Basic Average Shares": "10,149", "Diluted Average Shares": "10,150", "Total Operating Income as Reported": "7,737", "Total Expenses": "65,659", "Net Income from Continuing & Discontinued Operation": "6,561", "Normalized Income": "6,548", "Interest Income": "-", "Interest Expense": "-", "Net Interest Income": "-2", "EBIT": "7,737", "EBITDA": "-", "Reconciled Cost of Revenue": "51,806", "Reconciled Depreciation": "3,164", "Net Income from Continuing Operation Net Minority Interest": "6,561", "Total Unusual Items Excluding Goodwill": "15", "Total Unusual Items": "15", "Normalized EBITDA": "10,886", "Tax Rate for Calcs": "0", "Tax Effect of Unusual Items": "2.325"}, "3/31/2019": {"Duration": "3/31/2019", "Total Revenue": "76,381", "Cost of Revenue": "54,074", "Gross Profit": "22,307", "Operating Expense": "15,194", "Operating Income": "7,113", "Net Non Operating Interest Income Expense": "-325", "Other Income Expense": "3", "Pretax Income": "6,791", "Tax Provision": "1,772", "Net Income Common Stockholders": "5,019", "Diluted NI Available to Com Stockholders": "5,019", "Basic EPS": "0.50", "Diluted EPS": "0.50", "Basic Average Shares": "10,092", "Diluted Average Shares": "10,094", "Total Operating Income as Reported": "7,113", "Total Expenses": "69,268", "Net Income from Continuing & Discontinued Operation": "5,019", "Normalized Income": "5,019", "Interest Income": "0", "Interest Expense": "325", "Net Interest Income": "-325", "EBIT": "7,116", "EBITDA": "-", "Reconciled Cost of Revenue": "54,074", "Reconciled Depreciation": "1,480", "Net Income from Continuing Operation Net Minority Interest": "5,019", "Total Unusual Items Excluding Goodwill": "-", "Total Unusual Items": "-", "Normalized EBITDA": "8,596", "Tax Rate for Calcs": "0", "Tax Effect of Unusual Items": "0"}, "3/31/2018": {"Duration": "3/31/2018", "Total Revenue": "70,270", "Cost of Revenue": "50,491", "Gross Profit": "19,779", "Operating Expense": "14,272", "Operating Income": "5,507", "Net Non Operating Interest Income Expense": "-83", "Other Income Expense": "-3", "Pretax Income": "5,421", "Tax Provision": "2,400", "Net Income Common Stockholders": "3,021", "Diluted NI Available to Com Stockholders": "3,021", "Basic EPS": "0.30", "Diluted EPS": "0.30", "Basic Average Shares": "10,072", "Diluted Average Shares": "10,079", "Total Operating Income as Reported": "5,507", "Total Expenses": "64,763", "Net Income from Continuing & Discontinued Operation": "3,021", "Normalized Income": "3,023", "Interest Income": "79", "Interest Expense": "162", "Net Interest Income": "-83", "EBIT": "5,583", "EBITDA": "-", "Reconciled Cost of Revenue": "50,491", "Reconciled Depreciation": "1,169", "Net Income from Continuing Operation Net Minority Interest": "3,021", "Total Unusual Items Excluding Goodwill": "-3", "Total Unusual Items": "-3", "Normalized EBITDA": "6,755", "Tax Rate for Calcs": "0", "Tax Effect of Unusual Items": "-0.81"}}, "bs": {"3/31/2020": {"Duration": "3/31/2020", "Total Assets": "57,173", "Total Liabilities Net Minority Interest": "14,737", "Total Equity Gross Minority Interest": "42,436", "Total Capitalization": "45,014", "Common Stock Equity": "42,436", "Capital Lease Obligations": "5,150", "Net Tangible Assets": "29,734", "Working Capital": "30,562", "Invested Capital": "45,014", "Tangible Book Value": "29,734", "Total Debt": "7,728", "Net Debt": "2,296", "Share Issued": "12,603", "Ordinary Shares Number": "10,167", "Treasury Shares Number": "2,436"}, "3/31/2019": {"Duration": "3/31/2019", "Total Assets": "54,779", "Total Liabilities Net Minority Interest": "13,391", "Total Equity Gross Minority Interest": "41,388", "Total Capitalization": "45,874", "Common Stock Equity": "41,388", "Capital Lease Obligations": "-", "Net Tangible Assets": "27,831", "Working Capital": "30,968", "Invested Capital": "45,874", "Tangible Book Value": "27,831", "Total Debt": "4,486", "Net Debt": "4,343", "Share Issued": "12,547", "Ordinary Shares Number": "10,123", "Treasury Shares Number": "2,424"}, "3/31/2018": {"Duration": "3/31/2018", "Total Assets": "56,581", "Total Liabilities Net Minority Interest": "17,263", "Total Equity Gross Minority Interest": "39,318", "Total Capitalization": "48,776", "Common Stock Equity": "39,318", "Capital Lease Obligations": "-", "Net Tangible Assets": "24,921", "Working Capital": "32,966", "Invested Capital": "48,776", "Tangible Book Value": "24,921", "Total Debt": "9,458", "Net Debt": "9,243", "Share Issued": "12,494", "Ordinary Shares Number": "10,086", "Treasury Shares Number": "2,408"}}, "cf": {"TTM": {"Duration": "TTM", "Operating Cash Flow": "9,424", "Investing Cash Flow": "-854", "Financing Cash Flow": "-4,953", "End Cash Position": "3,658", "Income Tax Paid Supplemental Data": "2,579", "Interest Paid Supplemental Data": "48", "Capital Expenditure": "-854", "Issuance of Capital Stock": "521", "Issuance of Debt": "22,215", "Repayment of Debt": "-20,251", "Repurchase of Capital Stock": "-2,450", "Free Cash Flow": "8,570"}, "3/31/2020": {"Duration": "3/31/2020", "Operating Cash Flow": "8,532", "Investing Cash Flow": "-678", "Financing Cash Flow": "-7,715", "End Cash Position": "282", "Income Tax Paid Supplemental Data": "1,680", "Interest Paid Supplemental Data": "80", "Capital Expenditure": "-705", "Issuance of Capital Stock": "63", "Issuance of Debt": "49,047", "Repayment of Debt": "-50,955", "Repurchase of Capital Stock": "-82", "Free Cash Flow": "7,827"}, "3/31/2019": {"Duration": "3/31/2019", "Operating Cash Flow": "8,974", "Investing Cash Flow": "-751", "Financing Cash Flow": "-8,295", "End Cash Position": "143", "Income Tax Paid Supplemental Data": "1,673", "Interest Paid Supplemental Data": "237", "Capital Expenditure": "-751", "Issuance of Capital Stock": "-", "Issuance of Debt": "58,162", "Repayment of Debt": "-63,134", "Repurchase of Capital Stock": "-95", "Free Cash Flow": "8,223"}, "3/31/2018": {"Duration": "3/31/2018", "Operating Cash Flow": "2,453", "Investing Cash Flow": "-15,466", "Financing Cash Flow": "5,336", "End Cash Position": "215", "Income Tax Paid Supplemental Data": "1,671", "Interest Paid Supplemental Data": "67", "Capital Expenditure": "-221", "Issuance of Capital Stock": "0", "Issuance of Debt": "25,371", "Repayment of Debt": "-16,758", "Repurchase of Capital Stock": "-56", "Free Cash Flow": "2,232"}}}}, {"PERY": {"quote": {"03/21/2021": {"value": "", "Net Assets": "N/A", "Beta (5Y Monthly)": "N/A", "Yield": "N/A", "5y Average Return": "N/A", "Holdings Turnover": "N/A", "Last Dividend": "N/A", "Average for Category": "N/A", "Inception Date": "N/A"}}, "fin": {}, "bs": {}, "cf": {}}}, {"EVK": {"quote": {"03/21/2021": {"value": "3.3100", "Market Cap": "49.018M", "Beta (5Y Monthly)": "-0.78", "PE Ratio (TTM)": "N/A", "EPS (TTM)": "-0.2210", "Earnings Date": "Mar 29, 2021 - Apr 02, 2021", "Forward Dividend & Yield": "N/A (N/A)", "Ex-Dividend Date": "N/A", "1y Target Est": "N/A"}}, "fin": {"TTM": {"Duration": "TTM", "Total Revenue": "292,853", "Cost of Revenue": "202,628", "Gross Profit": "90,225", "Operating Expense": "92,877", "Operating Income": "-2,652", "Net Non Operating Interest Income Expense": "-559", "Other Income Expense": "3,152", "Pretax Income": "-59", "Tax Provision": "3,210", "Net Income Common Stockholders": "-3,268", "Diluted NI Available to Com Stockholders": "-3,268", "Basic EPS": "-", "Diluted EPS": "-", "Basic Average Shares": "-", "Diluted Average Shares": "-", "Total Operating Income as Reported": "-2,652", "Total Expenses": "295,505", "Net Income from Continuing & Discontinued Operation": "-3,268", "Normalized Income": "-3,268", "Interest Income": "1,234", "Interest Expense": "1,793", "Net Interest Income": "-559", "EBIT": "1,734", "EBITDA": "7,263", "Reconciled Cost of Revenue": "202,628", "Reconciled Depreciation": "5,529", "Net Income from Continuing Operation Net Minority Interest": "-3,268", "Total Unusual Items Excluding Goodwill": "-", "Total Unusual Items": "-", "Normalized EBITDA": "7,263", "Tax Rate for Calcs": "0", "Tax Effect of Unusual Items": "0"}, "12/31/2019": {"Duration": "12/31/2019", "Total Revenue": "383,101", "Cost of Revenue": "264,330", "Gross Profit": "118,771", "Operating Expense": "115,303", "Operating Income": "3,468", "Net Non Operating Interest Income Expense": "-219", "Other Income Expense": "2,532", "Pretax Income": "5,781", "Tax Provision": "4,562", "Net Income Common Stockholders": "1,270", "Diluted NI Available to Com Stockholders": "1,270", "Basic EPS": "0.09", "Diluted EPS": "0.09", "Basic Average Shares": "14,802", "Diluted Average Shares": "14,802", "Total Operating Income as Reported": "3,468", "Total Expenses": "379,633", "Net Income from Continuing & Discontinued Operation": "1,270", "Normalized Income": "1,270", "Interest Income": "1,003", "Interest Expense": "1,222", "Net Interest Income": "-219", "EBIT": "7,003", "EBITDA": "-", "Reconciled Cost of Revenue": "264,330", "Reconciled Depreciation": "8,239", "Net Income from Continuing Operation Net Minority Interest": "1,270", "Total Unusual Items Excluding Goodwill": "0", "Total Unusual Items": "0", "Normalized EBITDA": "15,242", "Tax Rate for Calcs": "0", "Tax Effect of Unusual Items": "0"}, "12/31/2018": {"Duration": "12/31/2018", "Total Revenue": "448,508", "Cost of Revenue": "301,153", "Gross Profit": "147,355", "Operating Expense": "131,250", "Operating Income": "16,105", "Net Non Operating Interest Income Expense": "-614", "Other Income Expense": "891", "Pretax Income": "16,382", "Tax Provision": "4,942", "Net Income Common Stockholders": "12,008", "Diluted NI Available to Com Stockholders": "12,008", "Basic EPS": "0.81", "Diluted EPS": "0.81", "Basic Average Shares": "14,797", "Diluted Average Shares": "14,797", "Total Operating Income as Reported": "15,019", "Total Expenses": "432,403", "Net Income from Continuing & Discontinued Operation": "12,008", "Normalized Income": "12,766", "Interest Income": "1,375", "Interest Expense": "1,989", "Net Interest Income": "-614", "EBIT": "18,371", "EBITDA": "-", "Reconciled Cost of Revenue": "301,153", "Reconciled Depreciation": "6,664", "Net Income from Continuing Operation Net Minority Interest": "12,008", "Total Unusual Items Excluding Goodwill": "-1,086", "Total Unusual Items": "-1,086", "Normalized EBITDA": "26,121", "Tax Rate for Calcs": "0", "Tax Effect of Unusual Items": "-327.972"}}, "bs": {"12/31/2019": {"Duration": "12/31/2019", "Total Assets": "301,671", "Total Liabilities Net Minority Interest": "182,521", "Total Equity Gross Minority Interest": "119,150", "Total Capitalization": "120,660", "Common Stock Equity": "120,660", "Capital Lease Obligations": "53,425", "Net Tangible Assets": "115,931", "Working Capital": "39,771", "Invested Capital": "150,591", "Tangible Book Value": "115,931", "Total Debt": "83,356", "Share Issued": "14,802", "Ordinary Shares Number": "14,802"}, "12/31/2018": {"Duration": "12/31/2018", "Total Assets": "252,271", "Total Liabilities Net Minority Interest": "139,115", "Total Equity Gross Minority Interest": "113,156", "Total Capitalization": "114,707", "Common Stock Equity": "114,707", "Capital Lease Obligations": "-", "Net Tangible Assets": "109,745", "Working Capital": "80,103", "Invested Capital": "144,204", "Tangible Book Value": "109,745", "Total Debt": "29,497", "Share Issued": "14,798", "Ordinary Shares Number": "14,798"}}, "cf": {"TTM": {"Duration": "TTM", "Operating Cash Flow": "32,054", "Investing Cash Flow": "-8,650", "Financing Cash Flow": "14,169", "End Cash Position": "84,796", "Income Tax Paid Supplemental Data": "3,586", "Interest Paid Supplemental Data": "1,793", "Capital Expenditure": "-5,714", "Issuance of Debt": "96,720", "Repayment of Debt": "-72,323", "Free Cash Flow": "26,340"}, "12/31/2019": {"Duration": "12/31/2019", "Operating Cash Flow": "3,985", "Investing Cash Flow": "-8,675", "Financing Cash Flow": "6,117", "End Cash Position": "50,755", "Income Tax Paid Supplemental Data": "6,327", "Interest Paid Supplemental Data": "1,222", "Capital Expenditure": "-8,675", "Issuance of Debt": "72,691", "Repayment of Debt": "-58,665", "Free Cash Flow": "-4,690"}, "12/31/2018": {"Duration": "12/31/2018", "Operating Cash Flow": "2,562", "Investing Cash Flow": "-12,182", "Financing Cash Flow": "-5,281", "End Cash Position": "47,012", "Income Tax Paid Supplemental Data": "6,350", "Interest Paid Supplemental Data": "2,493", "Capital Expenditure": "-12,182", "Issuance of Debt": "70,663", "Repayment of Debt": "-70,513", "Free Cash Flow": "-9,620"}}}}, {"KBSF": {"quote": {"03/21/2021": {"value": "3.6700", "Market Cap": "9.51M", "Beta (5Y Monthly)": "1.29", "PE Ratio (TTM)": "N/A", "EPS (TTM)": "-1.4840", "Earnings Date": "Sep 24, 2020", "Forward Dividend & Yield": "N/A (N/A)", "Ex-Dividend Date": "N/A", "1y Target Est": "N/A"}}, "fin": {"TTM": {"Duration": "TTM", "Total Revenue": "11,916", "Cost of Revenue": "8,334", "Gross Profit": "3,581", "Operating Expense": "8,108", "Operating Income": "-4,526", "Net Non Operating Interest Income Expense": "-4.517", "Other Income Expense": "-282.619", "Pretax Income": "-4,813", "Tax Provision": "-966.59", "Net Income Common Stockholders": "-3,847", "Diluted NI Available to Com Stockholders": "-3,847", "Basic EPS": "-", "Diluted EPS": "-", "Basic Average Shares": "-", "Diluted Average Shares": "-", "Total Operating Income as Reported": "-4,749", "Rent Expense Supplemental": "-", "Total Expenses": "16,442", "Net Income from Continuing & Discontinued Operation": "-3,847", "Normalized Income": "-3,847", "Interest Income": "-", "Interest Expense": "64.24", "Net Interest Income": "-4.517", "EBIT": "-4,749", "EBITDA": "-4,128", "Reconciled Cost of Revenue": "8,334", "Reconciled Depreciation": "620.582", "Net Income from Continuing Operation Net Minority Interest": "-3,847", "Total Unusual Items Excluding Goodwill": "-", "Total Unusual Items": "-", "Normalized EBITDA": "-4,128", "Tax Rate for Calcs": "0", "Tax Effect of Unusual Items": "0"}, "12/31/2019": {"Duration": "12/31/2019", "Total Revenue": "16,466", "Cost of Revenue": "10,715", "Gross Profit": "5,751", "Operating Expense": "5,593", "Operating Income": "158.416", "Net Non Operating Interest Income Expense": "-7.48", "Other Income Expense": "187.249", "Pretax Income": "338.185", "Tax Provision": "442.59", "Net Income Common Stockholders": "-104.405", "Diluted NI Available to Com Stockholders": "-104.405", "Basic EPS": "-0.04", "Diluted EPS": "-0.04", "Basic Average Shares": "2,517", "Diluted Average Shares": "2,517", "Total Operating Income as Reported": "405.388", "Rent Expense Supplemental": "82.594", "Total Expenses": "16,307", "Net Income from Continuing & Discontinued Operation": "-104.405", "Normalized Income": "-106.0078", "Interest Income": "62.538", "Interest Expense": "67.203", "Net Interest Income": "-7.48", "EBIT": "405.388", "EBITDA": "-", "Reconciled Cost of Revenue": "10,715", "Reconciled Depreciation": "685.254", "Net Income from Continuing Operation Net Minority Interest": "-104.405", "Total Unusual Items Excluding Goodwill": "2.137", "Total Unusual Items": "2.137", "Normalized EBITDA": "1,089", "Tax Rate for Calcs": "0", "Tax Effect of Unusual Items": "0.5343"}, "12/31/2018": {"Duration": "12/31/2018", "Total Revenue": "18,535", "Cost of Revenue": "20,851", "Gross Profit": "-2,316", "Operating Expense": "7,766", "Operating Income": "-10,082", "Net Non Operating Interest Income Expense": "-32.881", "Other Income Expense": "-13,276", "Pretax Income": "-23,391", "Tax Provision": "-5,422", "Net Income Common Stockholders": "-17,969", "Diluted NI Available to Com Stockholders": "-17,969", "Basic EPS": "-8.06", "Diluted EPS": "-8.06", "Basic Average Shares": "2,230", "Diluted Average Shares": "2,230", "Total Operating Income as Reported": "-23,294", "Rent Expense Supplemental": "92.425", "Total Expenses": "28,617", "Net Income from Continuing & Discontinued Operation": "-17,969", "Normalized Income": "-7,744", "Interest Income": "71.693", "Interest Expense": "96.444", "Net Interest Income": "-32.881", "EBIT": "-23,294", "EBITDA": "-", "Reconciled Cost of Revenue": "20,501", "Reconciled Depreciation": "1,536", "Net Income from Continuing Operation Net Minority Interest": "-17,969", "Total Unusual Items Excluding Goodwill": "-13,310", "Total Unusual Items": "-13,310", "Normalized EBITDA": "-8,448", "Tax Rate for Calcs": "0", "Tax Effect of Unusual Items": "-3,085"}}, "bs": {"12/31/2019": {"Duration": "12/31/2019", "Total Assets": "61,089", "Total Liabilities Net Minority Interest": "6,644", "Total Equity Gross Minority Interest": "54,444", "Total Capitalization": "54,444", "Common Stock Equity": "54,444", "Net Tangible Assets": "53,864", "Working Capital": "26,090", "Invested Capital": "56,080", "Tangible Book Value": "53,864", "Total Debt": "1,635", "Share Issued": "2,591", "Ordinary Shares Number": "2,591"}, "12/31/2018": {"Duration": "12/31/2018", "Total Assets": "61,166", "Total Liabilities Net Minority Interest": "6,865", "Total Equity Gross Minority Interest": "54,301", "Total Capitalization": "54,301", "Common Stock Equity": "54,301", "Net Tangible Assets": "53,698", "Working Capital": "24,463", "Invested Capital": "55,840", "Tangible Book Value": "53,698", "Total Debt": "1,538", "Share Issued": "2,271", "Ordinary Shares Number": "2,271"}}, "cf": {"TTM": {"Duration": "TTM", "Operating Cash Flow": "-4,497", "Investing Cash Flow": "361.835", "Financing Cash Flow": "237.704", "End Cash Position": "16,301", "Capital Expenditure": "-", "Issuance of Debt": "1,045", "Repayment of Debt": "-1,045", "Free Cash Flow": "-4,497"}, "12/31/2019": {"Duration": "12/31/2019", "Operating Cash Flow": "-558.804", "Investing Cash Flow": "332.513", "Financing Cash Flow": "57.089", "End Cash Position": "20,620", "Capital Expenditure": "-", "Issuance of Debt": "1,088", "Repayment of Debt": "-1,088", "Free Cash Flow": "-558.804"}, "12/31/2018": {"Duration": "12/31/2018", "Operating Cash Flow": "-3,703", "Investing Cash Flow": "52.932", "Financing Cash Flow": "-256.87", "End Cash Position": "21,026", "Capital Expenditure": "-18.761", "Issuance of Debt": "1,131", "Repayment of Debt": "-1,583", "Free Cash Flow": "-3,722"}}}}, {"SGC": {"quote": {"03/21/2021": {"value": "28.20", "Market Cap": "438.321M", "Beta (5Y Monthly)": "0.85", "PE Ratio (TTM)": "10.64", "EPS (TTM)": "2.65", "Earnings Date": "Mar 01, 2021", "Forward Dividend & Yield": "0.40 (1.42%)", "Ex-Dividend Date": "Feb 11, 2021", "1y Target Est": "29.00"}}, "fin": {"TTM": {"Duration": "TTM", "Total Revenue": "451,483", "Cost of Revenue": "295,776", "Gross Profit": "155,707", "Operating Expense": "120,095", "Operating Income": "35,612", "Net Non Operating Interest Income Expense": "-3,463", "Other Income Expense": "2,164", "Pretax Income": "32,149", "Tax Provision": "6,699", "Net Income Common Stockholders": "25,450", "Diluted NI Available to Com Stockholders": "25,450", "Basic EPS": "-", "Diluted EPS": "-", "Basic Average Shares": "-", "Diluted Average Shares": "-", "Total Expenses": "415,871", "Net Income from Continuing & Discontinued Operation": "25,450", "Normalized Income": "25,450", "Interest Expense": "3,463", "Net Interest Income": "-3,463", "EBIT": "35,612", "EBITDA": "43,632", "Reconciled Cost of Revenue": "295,776", "Reconciled Depreciation": "8,020", "Net Income from Continuing Operation Net Minority Interest": "25,450", "Total Unusual Items Excluding Goodwill": "2,164", "Total Unusual Items": "2,164", "Normalized EBITDA": "43,632", "Tax Rate for Calcs": "0", "Tax Effect of Unusual Items": "0"}, "12/31/2020": {"Duration": "12/31/2020", "Total Revenue": "526,697", "Cost of Revenue": "337,932", "Gross Profit": "188,765", "Operating Expense": "137,470", "Operating Income": "51,295", "Net Non Operating Interest Income Expense": "-2,003", "Other Income Expense": "2,164", "Pretax Income": "51,456", "Tax Provision": "10,430", "Net Income Common Stockholders": "41,026", "Diluted NI Available to Com Stockholders": "41,026", "Basic EPS": "-", "Diluted EPS": "-", "Basic Average Shares": "-", "Diluted Average Shares": "-", "Total Expenses": "475,402", "Net Income from Continuing & Discontinued Operation": "41,026", "Normalized Income": "39,301", "Interest Expense": "2,003", "Net Interest Income": "-2,003", "EBIT": "53,459", "EBITDA": "-", "Reconciled Cost of Revenue": "337,932", "Reconciled Depreciation": "8,132", "Net Income from Continuing Operation Net Minority Interest": "41,026", "Total Unusual Items Excluding Goodwill": "2,164", "Total Unusual Items": "2,164", "Normalized EBITDA": "59,427", "Tax Rate for Calcs": "0", "Tax Effect of Unusual Items": "439.292"}, "12/31/2019": {"Duration": "12/31/2019", "Total Revenue": "376,701", "Cost of Revenue": "247,772", "Gross Profit": "128,929", "Operating Expense": "109,244", "Operating Income": "19,685", "Net Non Operating Interest Income Expense": "-4,399", "Other Income Expense": "-", "Pretax Income": "15,286", "Tax Provision": "3,220", "Net Income Common Stockholders": "12,066", "Diluted NI Available to Com Stockholders": "12,066", "Basic EPS": "0.81", "Diluted EPS": "0.79", "Basic Average Shares": "14,945", "Diluted Average Shares": "15,266", "Total Expenses": "357,016", "Net Income from Continuing & Discontinued Operation": "12,066", "Normalized Income": "12,066", "Interest Expense": "4,399", "Net Interest Income": "-4,399", "EBIT": "19,685", "EBITDA": "-", "Reconciled Cost of Revenue": "247,772", "Reconciled Depreciation": "8,272", "Net Income from Continuing Operation Net Minority Interest": "12,066", "Total Unusual Items Excluding Goodwill": "0", "Total Unusual Items": "0", "Normalized EBITDA": "27,957", "Tax Rate for Calcs": "0", "Tax Effect of Unusual Items": "0"}, "12/31/2018": {"Duration": "12/31/2018", "Total Revenue": "346,350", "Cost of Revenue": "224,653", "Gross Profit": "121,697", "Operating Expense": "97,095", "Operating Income": "24,602", "Net Non Operating Interest Income Expense": "-3,207", "Other Income Expense": "-", "Pretax Income": "21,395", "Tax Provision": "4,420", "Net Income Common Stockholders": "16,975", "Diluted NI Available to Com Stockholders": "16,975", "Basic EPS": "1.14", "Diluted EPS": "1.10", "Basic Average Shares": "14,938", "Diluted Average Shares": "15,472", "Total Expenses": "321,748", "Net Income from Continuing & Discontinued Operation": "16,975", "Normalized Income": "16,975", "Interest Expense": "3,207", "Net Interest Income": "-3,207", "EBIT": "24,602", "EBITDA": "-", "Reconciled Cost of Revenue": "224,653", "Reconciled Depreciation": "7,906", "Net Income from Continuing Operation Net Minority Interest": "16,975", "Total Unusual Items Excluding Goodwill": "0", "Total Unusual Items": "0", "Normalized EBITDA": "32,508", "Tax Rate for Calcs": "0", "Tax Effect of Unusual Items": "0"}}, "bs": {"12/31/2020": {"Duration": "12/31/2020", "Total Assets": "393,924", "Total Liabilities Net Minority Interest": "202,294", "Total Equity Gross Minority Interest": "191,630", "Total Capitalization": "264,002", "Common Stock Equity": "191,630", "Capital Lease Obligations": "2,723", "Net Tangible Assets": "96,768", "Working Capital": "143,585", "Invested Capital": "279,288", "Tangible Book Value": "96,768", "Total Debt": "90,381", "Net Debt": "82,486", "Share Issued": "15,392", "Ordinary Shares Number": "15,392"}, "12/31/2019": {"Duration": "12/31/2019", "Total Assets": "358,933", "Total Liabilities Net Minority Interest": "201,379", "Total Equity Gross Minority Interest": "157,554", "Total Capitalization": "261,557", "Common Stock Equity": "157,554", "Capital Lease Obligations": "3,726", "Net Tangible Assets": "58,726", "Working Capital": "142,357", "Invested Capital": "276,843", "Tangible Book Value": "58,726", "Total Debt": "123,015", "Net Debt": "110,251", "Share Issued": "15,228", "Ordinary Shares Number": "15,228"}, "12/31/2018": {"Duration": "12/31/2018", "Total Assets": "335,086", "Total Liabilities Net Minority Interest": "184,165", "Total Equity Gross Minority Interest": "150,921", "Total Capitalization": "262,443", "Common Stock Equity": "150,921", "Capital Lease Obligations": "-", "Net Tangible Assets": "50,648", "Working Capital": "150,819", "Invested Capital": "268,443", "Tangible Book Value": "50,648", "Total Debt": "117,522", "Net Debt": "112,160", "Share Issued": "15,202", "Ordinary Shares Number": "15,202"}}, "cf": {"TTM": {"Duration": "TTM", "Operating Cash Flow": "53,018", "Investing Cash Flow": "-9,584", "Financing Cash Flow": "-46,079", "End Cash Position": "5,622", "Income Tax Paid Supplemental Data": "13,390", "Interest Paid Supplemental Data": "1,490", "Capital Expenditure": "-9,586", "Issuance of Debt": "148,373", "Repayment of Debt": "-186,816", "Repurchase of Capital Stock": "-1,149", "Free Cash Flow": "43,432"}, "12/31/2020": {"Duration": "12/31/2020", "Operating Cash Flow": "41,359", "Investing Cash Flow": "-6,573", "Financing Cash Flow": "-38,443", "End Cash Position": "5,172", "Income Tax Paid Supplemental Data": "13,390", "Interest Paid Supplemental Data": "1,490", "Capital Expenditure": "-11,857", "Issuance of Debt": "202,349", "Repayment of Debt": "-234,063", "Repurchase of Capital Stock": "-500", "Free Cash Flow": "29,502"}, "12/31/2019": {"Duration": "12/31/2019", "Operating Cash Flow": "20,007", "Investing Cash Flow": "-9,667", "Financing Cash Flow": "-6,710", "End Cash Position": "9,038", "Income Tax Paid Supplemental Data": "7,146", "Interest Paid Supplemental Data": "3,979", "Capital Expenditure": "-9,672", "Issuance of Debt": "165,314", "Repayment of Debt": "-163,645", "Repurchase of Capital Stock": "-1,685", "Free Cash Flow": "10,335"}, "12/31/2018": {"Duration": "12/31/2018", "Operating Cash Flow": "19,864", "Investing Cash Flow": "-90,466", "Financing Cash Flow": "68,138", "End Cash Position": "5,362", "Income Tax Paid Supplemental Data": "-", "Interest Paid Supplemental Data": "-", "Capital Expenditure": "-4,869", "Issuance of Debt": "206,025", "Repayment of Debt": "-127,439", "Repurchase of Capital Stock": "-2,906", "Free Cash Flow": "14,995"}}}}, {"KORS": {"quote": {"03/21/2021": {"value": "", "Net Assets": "N/A", "Beta (5Y Monthly)": "N/A", "Yield": "N/A", "5y Average Return": "N/A", "Holdings Turnover": "N/A", "Last Dividend": "N/A", "Average for Category": "N/A", "Inception Date": "N/A"}}, "fin": {}, "bs": {}, "cf": {}}}, {"HBI": {"quote": {"03/21/2021": {"value": "20.80", "Market Cap": "7.259B", "Beta (5Y Monthly)": "1.46", "PE Ratio (TTM)": "N/A", "EPS (TTM)": "-0.21", "Earnings Date": "Apr 28, 2021 - May 03, 2021", "Forward Dividend & Yield": "0.60 (2.88%)", "Ex-Dividend Date": "Feb 18, 2021", "1y Target Est": "19.67"}}, "fin": {"TTM": {"Duration": "TTM", "Total Revenue": "6,664,350", "Cost of Revenue": "4,816,086", "Gross Profit": "1,848,264", "Operating Expense": "1,841,763", "Operating Income": "6,501", "Net Non Operating Interest Income Expense": "-166,491", "Other Income Expense": "-23,132", "Pretax Income": "-183,122", "Tax Provision": "-107,543", "Net Income Common Stockholders": "-75,579", "Diluted NI Available to Com Stockholders": "-75,579", "Basic EPS": "-", "Diluted EPS": "-", "Basic Average Shares": "-", "Diluted Average Shares": "-", "Total Operating Income as Reported": "6,501", "Total Expenses": "6,657,849", "Net Income from Continuing & Discontinued Operation": "-75,579", "Normalized Income": "-75,579", "Interest Expense": "166,491", "Net Interest Income": "-166,491", "EBIT": "-16,631", "EBITDA": "115,815", "Reconciled Cost of Revenue": "4,816,086", "Reconciled Depreciation": "132,446", "Net Income from Continuing Operation Net Minority Interest": "-75,579", "Total Unusual Items Excluding Goodwill": "-", "Total Unusual Items": "-", "Normalized EBITDA": "115,815", "Tax Rate for Calcs": "0", "Tax Effect of Unusual Items": "0"}, "12/31/2020": {"Duration": "12/31/2020", "Total Revenue": "6,664,350", "Cost of Revenue": "4,816,086", "Gross Profit": "1,848,264", "Operating Expense": "1,841,763", "Operating Income": "6,501", "Net Non Operating Interest Income Expense": "-166,491", "Other Income Expense": "-23,132", "Pretax Income": "-183,122", "Tax Provision": "-107,543", "Net Income Common Stockholders": "-75,579", "Diluted NI Available to Com Stockholders": "-75,579", "Basic EPS": "-", "Diluted EPS": "-", "Basic Average Shares": "-", "Diluted Average Shares": "-", "Total Operating Income as Reported": "6,501", "Total Expenses": "6,657,849", "Net Income from Continuing & Discontinued Operation": "-75,579", "Normalized Income": "-75,579", "Interest Expense": "166,491", "Net Interest Income": "-166,491", "EBIT": "-16,631", "EBITDA": "-", "Reconciled Cost of Revenue": "4,816,086", "Reconciled Depreciation": "132,446", "Net Income from Continuing Operation Net Minority Interest": "-75,579", "Total Unusual Items Excluding Goodwill": "-", "Total Unusual Items": "-", "Normalized EBITDA": "115,815", "Tax Rate for Calcs": "0", "Tax Effect of Unusual Items": "0"}, "12/31/2019": {"Duration": "12/31/2019", "Total Revenue": "6,966,923", "Cost of Revenue": "4,247,593", "Gross Profit": "2,719,330", "Operating Expense": "1,829,600", "Operating Income": "889,730", "Net Non Operating Interest Income Expense": "-178,579", "Other Income Expense": "-31,424", "Pretax Income": "679,727", "Tax Provision": "79,007", "Net Income Common Stockholders": "600,720", "Diluted NI Available to Com Stockholders": "600,720", "Basic EPS": "1.65", "Diluted EPS": "1.64", "Basic Average Shares": "364,709", "Diluted Average Shares": "365,519", "Total Operating Income as Reported": "889,730", "Total Expenses": "6,077,193", "Net Income from Continuing & Discontinued Operation": "600,720", "Normalized Income": "600,720", "Interest Expense": "178,579", "Net Interest Income": "-178,579", "EBIT": "858,306", "EBITDA": "-", "Reconciled Cost of Revenue": "4,247,593", "Reconciled Depreciation": "130,967", "Net Income from Continuing Operation Net Minority Interest": "600,720", "Total Unusual Items Excluding Goodwill": "0", "Total Unusual Items": "0", "Normalized EBITDA": "989,273", "Tax Rate for Calcs": "0", "Tax Effect of Unusual Items": "0"}, "12/31/2018": {"Duration": "12/31/2018", "Total Revenue": "6,803,955", "Cost of Revenue": "4,147,436", "Gross Profit": "2,656,519", "Operating Expense": "1,788,568", "Operating Income": "867,951", "Net Non Operating Interest Income Expense": "-194,675", "Other Income Expense": "-26,395", "Pretax Income": "646,881", "Tax Provision": "93,797", "Net Income Common Stockholders": "553,084", "Diluted NI Available to Com Stockholders": "553,084", "Basic EPS": "1.52", "Diluted EPS": "1.52", "Basic Average Shares": "363,513", "Diluted Average Shares": "364,505", "Total Operating Income as Reported": "867,951", "Total Expenses": "5,936,004", "Net Income from Continuing & Discontinued Operation": "553,084", "Normalized Income": "553,084", "Interest Expense": "194,675", "Net Interest Income": "-194,675", "EBIT": "841,556", "EBITDA": "-", "Reconciled Cost of Revenue": "4,147,436", "Reconciled Depreciation": "131,796", "Net Income from Continuing Operation Net Minority Interest": "553,084", "Total Unusual Items Excluding Goodwill": "0", "Total Unusual Items": "0", "Normalized EBITDA": "973,352", "Tax Rate for Calcs": "0", "Tax Effect of Unusual Items": "0"}}, "bs": {"12/31/2020": {"Duration": "12/31/2020", "Total Assets": "7,698,874", "Total Liabilities Net Minority Interest": "6,884,916", "Total Equity Gross Minority Interest": "813,958", "Total Capitalization": "4,553,392", "Common Stock Equity": "813,958", "Capital Lease Obligations": "507,194", "Net Tangible Assets": "-2,019,689", "Working Capital": "1,305,019", "Invested Capital": "4,818,112", "Tangible Book Value": "-2,019,689", "Total Debt": "4,511,348", "Net Debt": "3,094,717", "Share Issued": "348,802", "Ordinary Shares Number": "348,802"}, "12/31/2019": {"Duration": "12/31/2019", "Total Assets": "7,353,986", "Total Liabilities Net Minority Interest": "6,117,391", "Total Equity Gross Minority Interest": "1,236,595", "Total Capitalization": "4,493,465", "Common Stock Equity": "1,236,595", "Capital Lease Obligations": "524,372", "Net Tangible Assets": "-1,519,916", "Working Capital": "1,453,126", "Invested Capital": "4,608,623", "Tangible Book Value": "-1,519,916", "Total Debt": "3,896,400", "Net Debt": "3,043,152", "Share Issued": "362,449", "Ordinary Shares Number": "362,449"}, "12/31/2018": {"Duration": "12/31/2018", "Total Assets": "7,255,958", "Total Liabilities Net Minority Interest": "6,285,675", "Total Equity Gross Minority Interest": "970,283", "Total Capitalization": "4,504,466", "Common Stock Equity": "970,283", "Capital Lease Obligations": "-", "Net Tangible Assets": "-1,826,825", "Working Capital": "1,487,347", "Invested Capital": "4,950,874", "Tangible Book Value": "-1,826,825", "Total Debt": "3,980,591", "Net Debt": "3,547,569", "Share Issued": "361,330", "Ordinary Shares Number": "361,330"}}, "cf": {"TTM": {"Duration": "TTM", "Operating Cash Flow": "448,469", "Investing Cash Flow": "-41,082", "Financing Cash Flow": "142,169", "End Cash Position": "909,437", "Capital Expenditure": "-53,735", "Issuance of Debt": "2,830,965", "Repayment of Debt": "-2,258,641", "Repurchase of Capital Stock": "-200,269", "Free Cash Flow": "394,734"}, "12/31/2020": {"Duration": "12/31/2020", "Operating Cash Flow": "448,469", "Investing Cash Flow": "-41,082", "Financing Cash Flow": "142,169", "End Cash Position": "909,437", "Capital Expenditure": "-53,735", "Issuance of Debt": "2,830,965", "Repayment of Debt": "-2,258,641", "Repurchase of Capital Stock": "-200,269", "Free Cash Flow": "394,734"}, "12/31/2019": {"Duration": "12/31/2019", "Operating Cash Flow": "803,432", "Investing Cash Flow": "-109,660", "Financing Cash Flow": "-824,010", "End Cash Position": "328,876", "Capital Expenditure": "-101,084", "Issuance of Debt": "3,813,491", "Repayment of Debt": "-4,413,221", "Repurchase of Capital Stock": "0", "Free Cash Flow": "702,348"}, "12/31/2018": {"Duration": "12/31/2018", "Operating Cash Flow": "643,402", "Investing Cash Flow": "-418,651", "Financing Cash Flow": "-200,497", "End Cash Position": "433,022", "Capital Expenditure": "-86,293", "Issuance of Debt": "4,037,843", "Repayment of Debt": "-4,003,685", "Repurchase of Capital Stock": "0", "Free Cash Flow": "557,109"}}}}, {"OXM": {"quote": {"03/21/2021": {"value": "88.18", "Market Cap": "1.489B", "Beta (5Y Monthly)": "1.73", "PE Ratio (TTM)": "N/A", "EPS (TTM)": "-4.11", "Earnings Date": "Mar 25, 2021", "Forward Dividend & Yield": "1.00 (1.13%)", "Ex-Dividend Date": "Jan 14, 2021", "1y Target Est": "74.80"}}, "fin": {"TTM": {"Duration": "TTM", "Total Revenue": "1,001,160", "Cost of Revenue": "427,888", "Gross Profit": "573,272", "Operating Expense": "534,376", "Operating Income": "38,896", "Net Non Operating Interest Income Expense": "-1,232", "Pretax Income": "-22,788", "Tax Provision": "-2,840", "Net Income Common Stockholders": "-19,948", "Diluted NI Available to Com Stockholders": "-19,948", "Basic EPS": "-", "Diluted EPS": "-", "Basic Average Shares": "-", "Diluted Average Shares": "-", "Total Operating Income as Reported": "-21,556", "Total Expenses": "962,264", "Net Income from Continuing & Discontinued Operation": "-19,948", "Normalized Income": "-19,948", "Interest Expense": "1,232", "Net Interest Income": "-1,232", "EBIT": "-21,556", "EBITDA": "19,287", "Reconciled Cost of Revenue": "427,888", "Reconciled Depreciation": "40,843", "Net Income from Continuing Operation Net Minority Interest": "-19,948", "Normalized EBITDA": "19,287", "Tax Rate for Calcs": "0", "Tax Effect of Unusual Items": "0"}, "1/31/2020": {"Duration": "1/31/2020", "Total Revenue": "1,122,790", "Cost of Revenue": "477,823", "Gross Profit": "644,967", "Operating Expense": "551,292", "Operating Income": "93,675", "Net Non Operating Interest Income Expense": "-1,245", "Pretax Income": "92,430", "Tax Provision": "23,937", "Net Income Common Stockholders": "68,493", "Diluted NI Available to Com Stockholders": "68,493", "Basic EPS": "4.09", "Diluted EPS": "4.05", "Basic Average Shares": "16,756", "Diluted Average Shares": "16,914", "Total Operating Income as Reported": "93,675", "Total Expenses": "1,029,115", "Net Income from Continuing & Discontinued Operation": "68,493", "Normalized Income": "68,493", "Interest Expense": "1,245", "Net Interest Income": "-1,245", "EBIT": "93,675", "EBITDA": "-", "Reconciled Cost of Revenue": "477,823", "Reconciled Depreciation": "40,287", "Net Income from Continuing Operation Net Minority Interest": "68,493", "Normalized EBITDA": "133,962", "Tax Rate for Calcs": "0", "Tax Effect of Unusual Items": "0"}, "1/31/2019": {"Duration": "1/31/2019", "Total Revenue": "1,107,466", "Cost of Revenue": "470,342", "Gross Profit": "637,124", "Operating Expense": "546,532", "Operating Income": "90,592", "Net Non Operating Interest Income Expense": "-2,283", "Pretax Income": "88,309", "Tax Provision": "22,018", "Net Income Common Stockholders": "66,291", "Diluted NI Available to Com Stockholders": "66,291", "Basic EPS": "3.97", "Diluted EPS": "3.94", "Basic Average Shares": "16,678", "Diluted Average Shares": "16,842", "Total Operating Income as Reported": "90,592", "Total Expenses": "1,016,874", "Net Income from Continuing & Discontinued Operation": "66,291", "Normalized Income": "66,291", "Interest Expense": "2,283", "Net Interest Income": "-2,283", "EBIT": "90,592", "EBITDA": "-", "Reconciled Cost of Revenue": "470,342", "Reconciled Depreciation": "42,490", "Net Income from Continuing Operation Net Minority Interest": "66,291", "Normalized EBITDA": "133,082", "Tax Rate for Calcs": "0", "Tax Effect of Unusual Items": "0"}}, "bs": {"1/31/2020": {"Duration": "1/31/2020", "Total Assets": "1,033,369", "Total Liabilities Net Minority Interest": "504,771", "Total Equity Gross Minority Interest": "528,598", "Total Capitalization": "528,598", "Common Stock Equity": "528,598", "Capital Lease Obligations": "342,084", "Net Tangible Assets": "287,015", "Working Capital": "111,047", "Invested Capital": "528,598", "Tangible Book Value": "287,015", "Total Debt": "342,084", "Net Debt": "-", "Share Issued": "17,000", "Ordinary Shares Number": "17,000"}, "1/31/2019": {"Duration": "1/31/2019", "Total Assets": "727,254", "Total Liabilities Net Minority Interest": "248,899", "Total Equity Gross Minority Interest": "478,355", "Total Capitalization": "491,348", "Common Stock Equity": "478,355", "Capital Lease Obligations": "-", "Net Tangible Assets": "235,558", "Working Capital": "127,579", "Invested Capital": "491,348", "Tangible Book Value": "235,558", "Total Debt": "12,993", "Net Debt": "4,666", "Share Issued": "17,000", "Ordinary Shares Number": "17,000"}}, "cf": {"TTM": {"Duration": "TTM", "Operating Cash Flow": "82,165", "Investing Cash Flow": "-37,730", "Financing Cash Flow": "131,031", "End Cash Position": "180,967", "Income Tax Paid Supplemental Data": "-", "Interest Paid Supplemental Data": "-", "Capital Expenditure": "-37,730", "Issuance of Capital Stock": "1,623", "Issuance of Debt": "242,122", "Repayment of Debt": "-67,685", "Free Cash Flow": "44,435"}, "1/31/2020": {"Duration": "1/31/2020", "Operating Cash Flow": "121,926", "Investing Cash Flow": "-37,421", "Financing Cash Flow": "-41,298", "End Cash Position": "52,460", "Income Tax Paid Supplemental Data": "-", "Interest Paid Supplemental Data": "-", "Capital Expenditure": "-37,421", "Issuance of Capital Stock": "1,639", "Issuance of Debt": "109,248", "Repayment of Debt": "-122,241", "Free Cash Flow": "84,505"}, "1/31/2019": {"Duration": "1/31/2019", "Operating Cash Flow": "96,377", "Investing Cash Flow": "-37,397", "Financing Cash Flow": "-56,765", "End Cash Position": "8,327", "Income Tax Paid Supplemental Data": "13,609", "Interest Paid Supplemental Data": "2,108", "Capital Expenditure": "-37,043", "Issuance of Capital Stock": "1,456", "Issuance of Debt": "257,710", "Repayment of Debt": "-290,526", "Free Cash Flow": "59,334"}}}}, {"TALN": {"quote": {"03/21/2021": {"value": "0.0600", "Market Cap": "3.417M", "Beta (5Y Monthly)": "0.74", "PE Ratio (TTM)": "12.00", "EPS (TTM)": "0.0050", "Earnings Date": "Mar 29, 2018 - Mar 30, 2018", "Forward Dividend & Yield": "N/A (N/A)", "Ex-Dividend Date": "N/A", "1y Target Est": "0.00"}}, "fin": {}, "bs": {}, "cf": {}}}, {"HHWW": {"fin": {}, "bs": {}, "cf": {}}}]