[{"BBW": {"quote": {"06/01/2021": {"value": "16.70", "Market Cap": "269.471M", "Beta (5Y Monthly)": "2.06", "PE Ratio (TTM)": "29.35", "EPS (TTM)": "0.57", "Earnings Date": "Aug 25, 2021 - Aug 30, 2021", "Forward Dividend & Yield": "N/A (N/A)", "Ex-Dividend Date": "N/A", "1y Target Est": "17.00", "Profit Margin ": "2.86%", "Operating Margin (ttm)": "4.26%", "Return on Assets (ttm)": "2.96%", "Return on Equity (ttm)": "11.75%", "Revenue (ttm)": "300.38M", "Revenue Per Share (ttm)": "20.08", "Quarterly Revenue Growth (yoy)": "96.70%", "Gross Profit (ttm)": "104.75M", "EBITDA ": "25.96M", "Net Income Avi to Common (ttm)": "8.6M", "Diluted EPS (ttm)": "0.57", "Quarterly Earnings Growth (yoy)": "N/A", "Total Cash (mrq)": "45.93M", "Total Cash Per Share (mrq)": "3.05", "Total Debt (mrq)": "126.28M", "Total Debt/Equity (mrq)": "161.95", "Current Ratio (mrq)": "1.23", "Book Value Per Share (mrq)": "5.18", "Operating Cash Flow (ttm)": "N/A", "Levered Free Cash Flow (ttm)": "N/A", "Avg Vol (3 month) 3": "427.7k", "Avg Vol (10 day) 3": "1.97M", "Shares Outstanding 5": "16.14M", "Implied Shares Outstanding 6": "N/A", "Float ": "10.14M", "% Held by Insiders 1": "12.50%", "% Held by Institutions 1": "56.85%", "Shares Short (May 13, 2021) 4": "716.48k", "Short Ratio (May 13, 2021) 4": "3.44", "Short % of Float (May 13, 2021) 4": "5.00%", "Short % of Shares Outstanding (May 13, 2021) 4": "4.44%", "Shares Short (prior month Apr 14, 2021) 4": "447.88k", "Forward Annual Dividend Rate 4": "N/A", "Forward Annual Dividend Yield 4": "N/A", "Trailing Annual Dividend Rate 3": "N/A", "Trailing Annual Dividend Yield 3": "N/A", "5 Year Average Dividend Yield 4": "N/A", "Payout Ratio 4": "0.00%", "Dividend Date 3": "N/A", "Ex-Dividend Date 4": "N/A", "Last Split Factor 2": "N/A", "Last Split Date 3": "N/A"}}, "fin": {"TTM": {"Duration": "TTM", "Total Revenue": "255,310", "Cost of Revenue": "157,901", "Gross Profit": "97,409", "Operating Expense": "117,585", "Operating Income": "-20,176", "Net Non Operating Interest Income Expense": "-10", "Other Income Expense": "-", "Pretax Income": "-20,186", "Tax Provision": "2,797", "Net Income Common Stockholders": "-22,983", "Diluted NI Available to Com Stockholders": "-22,983", "Basic EPS": "-", "Diluted EPS": "-", "Basic Average Shares": "-", "Diluted Average Shares": "-", "Total Operating Income as Reported": "-", "Total Expenses": "275,486", "Net Income from Continuing & Discontinued Operation": "-22,983", "Normalized Income": "-22,983", "Interest Income": "-", "Interest Expense": "10", "Net Interest Income": "-10", "EBIT": "-20,176", "EBITDA": "-6,884", "Reconciled Cost of Revenue": "157,901", "Reconciled Depreciation": "13,650", "Net Income from Continuing Operation Net Minority Interest": "-22,983", "Total Unusual Items Excluding Goodwill": "-", "Total Unusual Items": "-", "Normalized EBITDA": "-6,884", "Tax Rate for Calcs": "0", "Tax Effect of Unusual Items": "0"}, "1/31/2021": {"Duration": "1/31/2021", "Total Revenue": "255,310", "Cost of Revenue": "157,901", "Gross Profit": "97,409", "Operating Expense": "117,585", "Operating Income": "-20,176", "Net Non Operating Interest Income Expense": "-10", "Other Income Expense": "-", "Pretax Income": "-20,186", "Tax Provision": "2,797", "Net Income Common Stockholders": "-22,983", "Diluted NI Available to Com Stockholders": "-22,983", "Basic EPS": "-", "Diluted EPS": "-", "Basic Average Shares": "-", "Diluted Average Shares": "-", "Total Operating Income as Reported": "-", "Total Expenses": "275,486", "Net Income from Continuing & Discontinued Operation": "-22,983", "Normalized Income": "-22,983", "Interest Income": "-", "Interest Expense": "10", "Net Interest Income": "-10", "EBIT": "-20,176", "EBITDA": "-", "Reconciled Cost of Revenue": "157,901", "Reconciled Depreciation": "13,292", "Net Income from Continuing Operation Net Minority Interest": "-22,983", "Total Unusual Items Excluding Goodwill": "-", "Total Unusual Items": "-", "Normalized EBITDA": "-6,884", "Tax Rate for Calcs": "0", "Tax Effect of Unusual Items": "0"}, "1/31/2020": {"Duration": "1/31/2020", "Total Revenue": "338,543", "Cost of Revenue": "184,920", "Gross Profit": "153,623", "Operating Expense": "152,047", "Operating Income": "1,576", "Net Non Operating Interest Income Expense": "-15", "Other Income Expense": "-", "Pretax Income": "1,561", "Tax Provision": "1,300", "Net Income Common Stockholders": "261", "Diluted NI Available to Com Stockholders": "261", "Basic EPS": "0.02", "Diluted EPS": "0.02", "Basic Average Shares": "14,711", "Diluted Average Shares": "14,760", "Total Operating Income as Reported": "-", "Total Expenses": "336,967", "Net Income from Continuing & Discontinued Operation": "261", "Normalized Income": "261", "Interest Income": "-", "Interest Expense": "-", "Net Interest Income": "-15", "EBIT": "1,576", "EBITDA": "-", "Reconciled Cost of Revenue": "184,920", "Reconciled Depreciation": "13,705", "Net Income from Continuing Operation Net Minority Interest": "261", "Total Unusual Items Excluding Goodwill": "-", "Total Unusual Items": "-", "Normalized EBITDA": "15,281", "Tax Rate for Calcs": "0", "Tax Effect of Unusual Items": "0"}, "1/31/2019": {"Duration": "1/31/2019", "Total Revenue": "336,585", "Cost of Revenue": "197,831", "Gross Profit": "138,754", "Operating Expense": "157,176", "Operating Income": "-18,422", "Net Non Operating Interest Income Expense": "-85", "Other Income Expense": "-", "Pretax Income": "-18,507", "Tax Provision": "-574", "Net Income Common Stockholders": "-17,933", "Diluted NI Available to Com Stockholders": "-17,933", "Basic EPS": "-1.23", "Diluted EPS": "-1.23", "Basic Average Shares": "14,591", "Diluted Average Shares": "14,591", "Total Operating Income as Reported": "-", "Total Expenses": "355,007", "Net Income from Continuing & Discontinued Operation": "-17,933", "Normalized Income": "-17,933", "Interest Income": "-", "Interest Expense": "-", "Net Interest Income": "-85", "EBIT": "-18,422", "EBITDA": "-", "Reconciled Cost of Revenue": "197,831", "Reconciled Depreciation": "16,042", "Net Income from Continuing Operation Net Minority Interest": "-17,933", "Total Unusual Items Excluding Goodwill": "-", "Total Unusual Items": "-", "Normalized EBITDA": "-2,380", "Tax Rate for Calcs": "0", "Tax Effect of Unusual Items": "0"}, "12/31/2017": {"Duration": "12/31/2017", "Total Revenue": "357,866", "Cost of Revenue": "188,893", "Gross Profit": "168,973", "Operating Expense": "155,149", "Operating Income": "13,824", "Net Non Operating Interest Income Expense": "-11", "Other Income Expense": "-", "Pretax Income": "13,813", "Tax Provision": "5,897", "Net Income Common Stockholders": "7,820", "Diluted NI Available to Com Stockholders": "7,820", "Basic EPS": "0.50", "Diluted EPS": "0.50", "Basic Average Shares": "15,572", "Diluted Average Shares": "15,757", "Total Operating Income as Reported": "-", "Total Expenses": "344,042", "Net Income from Continuing & Discontinued Operation": "7,916", "Normalized Income": "7,916", "Interest Income": "-", "Interest Expense": "-", "Net Interest Income": "-11", "EBIT": "13,824", "EBITDA": "-", "Reconciled Cost of Revenue": "188,893", "Reconciled Depreciation": "16,165", "Net Income from Continuing Operation Net Minority Interest": "7,916", "Total Unusual Items Excluding Goodwill": "-", "Total Unusual Items": "-", "Normalized EBITDA": "29,989", "Tax Rate for Calcs": "0", "Tax Effect of Unusual Items": "0"}, "12/31/2016": {"Duration": "12/31/2016", "Total Revenue": "364,204", "Cost of Revenue": "198,167", "Gross Profit": "166,037", "Operating Expense": "160,723", "Operating Income": "5,314", "Net Non Operating Interest Income Expense": "-5", "Other Income Expense": "-", "Pretax Income": "5,309", "Tax Provision": "3,932", "Net Income Common Stockholders": "1,348", "Diluted NI Available to Com Stockholders": "1,348", "Basic EPS": "0.09", "Diluted EPS": "0.09", "Basic Average Shares": "15,442", "Diluted Average Shares": "15,622", "Total Operating Income as Reported": "-", "Total Expenses": "358,890", "Net Income from Continuing & Discontinued Operation": "1,377", "Normalized Income": "1,377", "Interest Income": "-", "Interest Expense": "-", "Net Interest Income": "-5", "EBIT": "5,314", "EBITDA": "-", "Reconciled Cost of Revenue": "198,167", "Reconciled Depreciation": "16,171", "Net Income from Continuing Operation Net Minority Interest": "1,377", "Total Unusual Items Excluding Goodwill": "-", "Total Unusual Items": "-", "Normalized EBITDA": "21,485", "Tax Rate for Calcs": "0", "Tax Effect of Unusual Items": "0"}, "12/31/2015": {"Duration": "12/31/2015", "Total Revenue": "377,694", "Cost of Revenue": "198,476", "Gross Profit": "179,218", "Operating Expense": "161,463", "Operating Income": "17,755", "Net Non Operating Interest Income Expense": "143", "Other Income Expense": "-", "Pretax Income": "17,898", "Tax Provision": "-9,447", "Net Income Common Stockholders": "26,825", "Diluted NI Available to Com Stockholders": "26,825", "Basic EPS": "1.61", "Diluted EPS": "1.59", "Basic Average Shares": "16,642", "Diluted Average Shares": "16,867", "Total Operating Income as Reported": "-", "Total Expenses": "359,939", "Net Income from Continuing & Discontinued Operation": "27,345", "Normalized Income": "27,345", "Interest Income": "-", "Interest Expense": "-", "Net Interest Income": "143", "EBIT": "17,755", "EBITDA": "-", "Reconciled Cost of Revenue": "198,476", "Reconciled Depreciation": "16,419", "Net Income from Continuing Operation Net Minority Interest": "27,345", "Total Unusual Items Excluding Goodwill": "-", "Total Unusual Items": "-", "Normalized EBITDA": "34,174", "Tax Rate for Calcs": "0", "Tax Effect of Unusual Items": "0"}, "12/31/2014": {"Duration": "12/31/2014", "Total Revenue": "392,354", "Cost of Revenue": "211,832", "Gross Profit": "180,522", "Operating Expense": "164,445", "Operating Income": "16,077", "Net Non Operating Interest Income Expense": "-53", "Other Income Expense": "-", "Pretax Income": "16,024", "Tax Provision": "1,662", "Net Income Common Stockholders": "13,923", "Diluted NI Available to Com Stockholders": "13,923", "Basic EPS": "0.82", "Diluted EPS": "0.81", "Basic Average Shares": "16,908", "Diluted Average Shares": "17,134", "Total Operating Income as Reported": "-", "Total Expenses": "376,277", "Net Income from Continuing & Discontinued Operation": "14,362", "Normalized Income": "14,362", "Interest Income": "-", "Interest Expense": "-", "Net Interest Income": "-53", "EBIT": "16,077", "EBITDA": "-", "Reconciled Cost of Revenue": "211,832", "Reconciled Depreciation": "18,128", "Net Income from Continuing Operation Net Minority Interest": "14,362", "Total Unusual Items Excluding Goodwill": "0", "Total Unusual Items": "0", "Normalized EBITDA": "34,205", "Tax Rate for Calcs": "0", "Tax Effect of Unusual Items": "0"}, "12/31/2013": {"Duration": "12/31/2013", "Total Revenue": "379,069", "Cost of Revenue": "220,738", "Gross Profit": "158,331", "Operating Expense": "160,708", "Operating Income": "-2,377", "Net Non Operating Interest Income Expense": "259", "Other Income Expense": "0", "Pretax Income": "-2,118", "Tax Provision": "-6", "Net Income Common Stockholders": "-2,112", "Diluted NI Available to Com Stockholders": "-2,112", "Basic EPS": "-0.13", "Diluted EPS": "-0.13", "Basic Average Shares": "16,465", "Diluted Average Shares": "16,465", "Total Operating Income as Reported": "-2,377", "Total Expenses": "381,446", "Net Income from Continuing & Discontinued Operation": "-2,112", "Normalized Income": "-2,112", "Interest Income": "-", "Interest Expense": "-", "Net Interest Income": "259", "EBIT": "-2,377", "EBITDA": "-", "Reconciled Cost of Revenue": "220,738", "Reconciled Depreciation": "19,216", "Net Income from Continuing Operation Net Minority Interest": "-2,112", "Total Unusual Items Excluding Goodwill": "0", "Total Unusual Items": "0", "Normalized EBITDA": "16,839", "Tax Rate for Calcs": "0", "Tax Effect of Unusual Items": "0"}, "12/31/2012": {"Duration": "12/31/2012", "Total Revenue": "380,941", "Cost of Revenue": "230,181", "Gross Profit": "150,760", "Operating Expense": "165,516", "Operating Income": "-14,756", "Net Non Operating Interest Income Expense": "-3", "Other Income Expense": "-33,670", "Pretax Income": "-48,429", "Tax Provision": "866", "Net Income Common Stockholders": "-49,295", "Diluted NI Available to Com Stockholders": "-49,295", "Basic EPS": "-3.02", "Diluted EPS": "-3.02", "Basic Average Shares": "16,332", "Diluted Average Shares": "16,332", "Total Operating Income as Reported": "-48,429", "Total Expenses": "395,697", "Net Income from Continuing & Discontinued Operation": "-49,295", "Normalized Income": "-27,409", "Interest Income": "-", "Interest Expense": "-", "Net Interest Income": "-3", "EBIT": "-14,756", "EBITDA": "-", "Reconciled Cost of Revenue": "230,181", "Reconciled Depreciation": "21,422", "Net Income from Continuing Operation Net Minority Interest": "-49,295", "Total Unusual Items Excluding Goodwill": "-33,670", "Total Unusual Items": "-33,670", "Normalized EBITDA": "40,336", "Tax Rate for Calcs": "0", "Tax Effect of Unusual Items": "-11,784"}, "12/31/2011": {"Duration": "12/31/2011", "Total Revenue": "394,375", "Cost of Revenue": "234,227", "Gross Profit": "160,148", "Operating Expense": "162,881", "Operating Income": "-2,733", "Net Non Operating Interest Income Expense": "81", "Other Income Expense": "-", "Pretax Income": "-2,652", "Tax Provision": "14,410", "Net Income Common Stockholders": "-17,062", "Diluted NI Available to Com Stockholders": "-17,062", "Basic EPS": "-0.98", "Diluted EPS": "-0.98", "Basic Average Shares": "17,371", "Diluted Average Shares": "17,371", "Total Operating Income as Reported": "-", "Total Expenses": "397,108", "Net Income from Continuing & Discontinued Operation": "-17,062", "Normalized Income": "-17,062", "Interest Income": "-", "Interest Expense": "-", "Net Interest Income": "81", "EBIT": "-2,733", "EBITDA": "-", "Reconciled Cost of Revenue": "234,227", "Reconciled Depreciation": "24,232", "Net Income from Continuing Operation Net Minority Interest": "-17,062", "Total Unusual Items Excluding Goodwill": "0", "Total Unusual Items": "0", "Normalized EBITDA": "21,499", "Tax Rate for Calcs": "0", "Tax Effect of Unusual Items": "0"}, "12/31/2010": {"Duration": "12/31/2010", "Total Revenue": "401,452", "Cost of Revenue": "239,556", "Gross Profit": "161,896", "Operating Expense": "164,618", "Operating Income": "-2,722", "Net Non Operating Interest Income Expense": "250", "Other Income Expense": "-", "Pretax Income": "-2,472", "Tax Provision": "-2,576", "Net Income Common Stockholders": "104", "Diluted NI Available to Com Stockholders": "104", "Basic EPS": "0.01", "Diluted EPS": "0.01", "Basic Average Shares": "18,601", "Diluted Average Shares": "19,056", "Total Operating Income as Reported": "-", "Total Expenses": "404,174", "Net Income from Continuing & Discontinued Operation": "104", "Normalized Income": "104", "Interest Income": "-", "Interest Expense": "-", "Net Interest Income": "250", "EBIT": "-2,722", "EBITDA": "-", "Reconciled Cost of Revenue": "239,556", "Reconciled Depreciation": "26,976", "Net Income from Continuing Operation Net Minority Interest": "104", "Total Unusual Items Excluding Goodwill": "-", "Total Unusual Items": "-", "Normalized EBITDA": "24,254", "Tax Rate for Calcs": "0", "Tax Effect of Unusual Items": "0"}, "12/31/2009": {"Duration": "12/31/2009", "Total Revenue": "394,375", "Cost of Revenue": "245,980", "Gross Profit": "148,395", "Operating Expense": "172,378", "Operating Income": "-23,983", "Net Non Operating Interest Income Expense": "143", "Other Income Expense": "9,615", "Pretax Income": "-23,840", "Tax Provision": "-11,367", "Net Income Common Stockholders": "-12,473", "Diluted NI Available to Com Stockholders": "-12,473", "Basic EPS": "-0.66", "Diluted EPS": "-0.66", "Basic Average Shares": "18,874", "Diluted Average Shares": "18,874", "Total Operating Income as Reported": "-", "Total Expenses": "418,358", "Net Income from Continuing & Discontinued Operation": "-12,473", "Normalized Income": "-12,473", "Interest Income": "-", "Interest Expense": "-", "Net Interest Income": "143", "EBIT": "-23,983", "EBITDA": "-", "Reconciled Cost of Revenue": "245,980", "Reconciled Depreciation": "28,487", "Net Income from Continuing Operation Net Minority Interest": "-12,473", "Total Unusual Items Excluding Goodwill": "9,615", "Total Unusual Items": "9,615", "Normalized EBITDA": "4,504", "Tax Rate for Calcs": "0", "Tax Effect of Unusual Items": "0"}, "12/31/2008": {"Duration": "12/31/2008", "Total Revenue": "467,861", "Cost of Revenue": "270,463", "Gross Profit": "197,398", "Operating Expense": "190,970", "Operating Income": "6,428", "Net Non Operating Interest Income Expense": "-", "Other Income Expense": "-", "Pretax Income": "7,227", "Tax Provision": "2,663", "Net Income Common Stockholders": "4,564", "Diluted NI Available to Com Stockholders": "4,564", "Basic EPS": "0.24", "Diluted EPS": "0.24", "Basic Average Shares": "19,153", "Diluted Average Shares": "19,224", "Total Operating Income as Reported": "6,428", "Total Expenses": "461,433", "Net Income from Continuing & Discontinued Operation": "4,564", "Normalized Income": "4,564", "Interest Income": "-", "Interest Expense": "-", "Net Interest Income": "-", "EBIT": "6,428", "EBITDA": "-", "Reconciled Cost of Revenue": "270,463", "Reconciled Depreciation": "28,883", "Net Income from Continuing Operation Net Minority Interest": "4,564", "Total Unusual Items Excluding Goodwill": "-", "Total Unusual Items": "-", "Normalized EBITDA": "35,311", "Tax Rate for Calcs": "0", "Tax Effect of Unusual Items": "0"}, "12/31/2007": {"Duration": "12/31/2007", "Total Revenue": "474,361", "Cost of Revenue": "259,078", "Gross Profit": "215,283", "Operating Expense": "181,791", "Operating Income": "33,492", "Net Non Operating Interest Income Expense": "-", "Other Income Expense": "-", "Pretax Income": "35,023", "Tax Provision": "12,514", "Net Income Common Stockholders": "22,509", "Diluted NI Available to Com Stockholders": "22,509", "Basic EPS": "1.11", "Diluted EPS": "1.10", "Basic Average Shares": "20,257", "Diluted Average Shares": "20,449", "Total Operating Income as Reported": "33,492", "Total Expenses": "440,869", "Net Income from Continuing & Discontinued Operation": "22,509", "Normalized Income": "22,509", "Interest Income": "-", "Interest Expense": "-", "Net Interest Income": "-", "EBIT": "33,492", "EBITDA": "-", "Reconciled Cost of Revenue": "259,078", "Reconciled Depreciation": "26,292", "Net Income from Continuing Operation Net Minority Interest": "22,509", "Total Unusual Items Excluding Goodwill": "-", "Total Unusual Items": "-", "Normalized EBITDA": "59,784", "Tax Rate for Calcs": "0", "Tax Effect of Unusual Items": "0"}, "12/31/2006": {"Duration": "12/31/2006", "Total Revenue": "437,072", "Cost of Revenue": "227,509", "Gross Profit": "209,563", "Operating Expense": "162,670", "Operating Income": "46,893", "Net Non Operating Interest Income Expense": "-", "Other Income Expense": "0", "Pretax Income": "48,423", "Tax Provision": "18,933", "Net Income Common Stockholders": "29,490", "Diluted NI Available to Com Stockholders": "29,490", "Basic EPS": "1.46", "Diluted EPS": "1.44", "Basic Average Shares": "20,170", "Diluted Average Shares": "20,468", "Total Operating Income as Reported": "46,893", "Total Expenses": "390,179", "Net Income from Continuing & Discontinued Operation": "29,490", "Normalized Income": "29,490", "Interest Income": "1,530", "Interest Expense": "-", "Net Interest Income": "1,530", "EBIT": "46,893", "EBITDA": "-", "Reconciled Cost of Revenue": "227,509", "Reconciled Depreciation": "22,394", "Net Income from Continuing Operation Net Minority Interest": "29,490", "Total Unusual Items Excluding Goodwill": "-", "Total Unusual Items": "-", "Normalized EBITDA": "69,287", "Tax Rate for Calcs": "0", "Tax Effect of Unusual Items": "0"}, "12/31/2005": {"Duration": "12/31/2005", "Total Revenue": "361,809", "Cost of Revenue": "180,373", "Gross Profit": "181,436", "Operating Expense": "138,733", "Operating Income": "42,703", "Net Non Operating Interest Income Expense": "-", "Other Income Expense": "0", "Pretax Income": "44,413", "Tax Provision": "17,099", "Net Income Common Stockholders": "27,314", "Diluted NI Available to Com Stockholders": "27,314", "Basic EPS": "1.38", "Diluted EPS": "1.35", "Basic Average Shares": "19,735", "Diluted Average Shares": "20,230", "Total Operating Income as Reported": "42,703", "Total Expenses": "319,106", "Net Income from Continuing & Discontinued Operation": "27,314", "Normalized Income": "27,314", "Interest Income": "1,710", "Interest Expense": "-", "Net Interest Income": "1,710", "EBIT": "42,703", "EBITDA": "-", "Reconciled Cost of Revenue": "180,373", "Reconciled Depreciation": "17,592", "Net Income from Continuing Operation Net Minority Interest": "27,314", "Total Unusual Items Excluding Goodwill": "-", "Total Unusual Items": "-", "Normalized EBITDA": "60,295", "Tax Rate for Calcs": "0", "Tax Effect of Unusual Items": "0"}, "12/31/2004": {"Duration": "12/31/2004", "Total Revenue": "301,662", "Cost of Revenue": "151,588", "Gross Profit": "150,074", "Operating Expense": "117,494", "Operating Income": "32,580", "Net Non Operating Interest Income Expense": "-", "Other Income Expense": "54", "Pretax Income": "32,933", "Tax Provision": "12,934", "Net Income Common Stockholders": "18,474", "Diluted NI Available to Com Stockholders": "18,474", "Basic EPS": "2.30", "Diluted EPS": "1.07", "Basic Average Shares": "3,702", "Diluted Average Shares": "18,616", "Total Operating Income as Reported": "32,580", "Total Expenses": "269,082", "Net Income from Continuing & Discontinued Operation": "19,999", "Normalized Income": "19,966", "Interest Income": "-", "Interest Expense": "-", "Net Interest Income": "-", "EBIT": "32,580", "EBITDA": "-", "Reconciled Cost of Revenue": "151,588", "Reconciled Depreciation": "14,948", "Net Income from Continuing Operation Net Minority Interest": "19,999", "Total Unusual Items Excluding Goodwill": "54", "Total Unusual Items": "54", "Normalized EBITDA": "47,474", "Tax Rate for Calcs": "0", "Tax Effect of Unusual Items": "21.2078"}, "12/31/2003": {"Duration": "12/31/2003", "Total Revenue": "213,672", "Cost of Revenue": "116,515", "Gross Profit": "97,157", "Operating Expense": "84,136", "Operating Income": "13,021", "Net Non Operating Interest Income Expense": "-", "Other Income Expense": "0", "Pretax Income": "13,079", "Tax Provision": "5,101", "Net Income Common Stockholders": "5,553", "Diluted NI Available to Com Stockholders": "5,553", "Basic EPS": "0.57", "Diluted EPS": "0.45", "Basic Average Shares": "217.519", "Diluted Average Shares": "17,546", "Total Operating Income as Reported": "13,021", "Total Expenses": "200,651", "Net Income from Continuing & Discontinued Operation": "7,978", "Normalized Income": "7,978", "Interest Income": "71.462", "Interest Expense": "13.119", "Net Interest Income": "58.343", "EBIT": "13,021", "EBITDA": "-", "Reconciled Cost of Revenue": "116,515", "Reconciled Depreciation": "11,065", "Net Income from Continuing Operation Net Minority Interest": "7,978", "Total Unusual Items Excluding Goodwill": "-", "Total Unusual Items": "-", "Normalized EBITDA": "24,086", "Tax Rate for Calcs": "0", "Tax Effect of Unusual Items": "0"}, "12/31/2002": {"Duration": "12/31/2002", "Total Revenue": "169,138", "Cost of Revenue": "90,848", "Gross Profit": "78,290", "Operating Expense": "68,719", "Operating Income": "9,571", "Net Non Operating Interest Income Expense": "-", "Other Income Expense": "-", "Pretax Income": "9,659", "Tax Provision": "3,790", "Net Income Common Stockholders": "3,442", "Diluted NI Available to Com Stockholders": "3,442", "Basic EPS": "0.35", "Diluted EPS": "0.32", "Basic Average Shares": "217.519", "Diluted Average Shares": "12,055", "Total Operating Income as Reported": "9,571", "Total Expenses": "159,567", "Net Income from Continuing & Discontinued Operation": "5,869", "Normalized Income": "5,869", "Interest Income": "-", "Interest Expense": "-", "Net Interest Income": "-", "EBIT": "9,571", "EBITDA": "-", "Reconciled Cost of Revenue": "90,848", "Reconciled Depreciation": "7,775", "Net Income from Continuing Operation Net Minority Interest": "5,869", "Total Unusual Items Excluding Goodwill": "-", "Total Unusual Items": "-", "Normalized EBITDA": "17,346", "Tax Rate for Calcs": "0", "Tax Effect of Unusual Items": "0"}, "12/31/2001": {"Duration": "12/31/2001", "Total Revenue": "106,622", "Cost of Revenue": "56,708", "Gross Profit": "49,913", "Operating Expense": "-", "Operating Income": "49,913", "Net Non Operating Interest Income Expense": "-", "Other Income Expense": "-", "Pretax Income": "3,070", "Tax Provision": "1,287", "Net Income Common Stockholders": "625.757", "Diluted NI Available to Com Stockholders": "625.757", "Basic EPS": "0.09", "Diluted EPS": "0.07", "Basic Average Shares": "217.519", "Diluted Average Shares": "9,101", "Total Operating Income as Reported": "-", "Total Expenses": "56,708", "Net Income from Continuing & Discontinued Operation": "1,905", "Normalized Income": "1,905", "Interest Income": "-", "Interest Expense": "-", "Net Interest Income": "-", "EBIT": "49,913", "EBITDA": "-", "Reconciled Cost of Revenue": "56,708", "Reconciled Depreciation": "-", "Net Income from Continuing Operation Net Minority Interest": "1,905", "Total Unusual Items Excluding Goodwill": "-", "Total Unusual Items": "-", "Normalized EBITDA": "49,913", "Tax Rate for Calcs": "0", "Tax Effect of Unusual Items": "0"}, "12/31/2000": {"Duration": "12/31/2000", "Total Revenue": "55,408", "Cost of Revenue": "29,043", "Gross Profit": "26,365", "Operating Expense": "23,713", "Operating Income": "2,652", "Net Non Operating Interest Income Expense": "-", "Other Income Expense": "-2,748", "Pretax Income": "-96", "Tax Provision": "-", "Net Income Common Stockholders": "-542", "Diluted NI Available to Com Stockholders": "-542", "Basic EPS": "-2.49", "Diluted EPS": "-2.49", "Basic Average Shares": "217.671", "Diluted Average Shares": "217.671", "Total Operating Income as Reported": "2,652", "Total Expenses": "52,756", "Net Income from Continuing & Discontinued Operation": "143", "Normalized Income": "143", "Interest Income": "-", "Interest Expense": "-", "Net Interest Income": "-", "EBIT": "2,652", "EBITDA": "-", "Reconciled Cost of Revenue": "29,043", "Reconciled Depreciation": "2,526", "Net Income from Continuing Operation Net Minority Interest": "143", "Total Unusual Items Excluding Goodwill": "-", "Total Unusual Items": "-", "Normalized EBITDA": "5,178", "Tax Rate for Calcs": "0", "Tax Effect of Unusual Items": "0"}}, "bs": {"1/31/2021": {"Duration": "1/31/2021", "Total Assets": "261,372", "Total Liabilities Net Minority Interest": "194,064", "Total Equity Gross Minority Interest": "67,308", "Total Capitalization": "67,308", "Preferred Stock Equity": "-", "Common Stock Equity": "67,308", "Capital Lease Obligations": "133,864", "Net Tangible Assets": "67,308", "Working Capital": "10,865", "Invested Capital": "67,308", "Tangible Book Value": "67,308", "Total Debt": "133,864", "Share Issued": "15,931", "Ordinary Shares Number": "15,931"}, "1/31/2020": {"Duration": "1/31/2020", "Total Assets": "297,262", "Total Liabilities Net Minority Interest": "208,631", "Total Equity Gross Minority Interest": "88,631", "Total Capitalization": "88,631", "Preferred Stock Equity": "-", "Common Stock Equity": "88,631", "Capital Lease Obligations": "150,537", "Net Tangible Assets": "88,631", "Working Capital": "12,786", "Invested Capital": "88,631", "Tangible Book Value": "88,631", "Total Debt": "150,537", "Share Issued": "15,206", "Ordinary Shares Number": "15,206"}, "1/31/2019": {"Duration": "1/31/2019", "Total Assets": "172,046", "Total Liabilities Net Minority Interest": "77,732", "Total Equity Gross Minority Interest": "94,314", "Total Capitalization": "94,314", "Preferred Stock Equity": "-", "Common Stock Equity": "94,314", "Capital Lease Obligations": "-", "Net Tangible Assets": "93,583", "Working Capital": "43,621", "Invested Capital": "94,314", "Tangible Book Value": "93,583", "Total Debt": "-", "Share Issued": "14,953", "Ordinary Shares Number": "14,953"}, "12/31/2017": {"Duration": "12/31/2017", "Total Assets": "197,989", "Total Liabilities Net Minority Interest": "90,674", "Total Equity Gross Minority Interest": "107,315", "Total Capitalization": "107,315", "Preferred Stock Equity": "-", "Common Stock Equity": "107,315", "Capital Lease Obligations": "-", "Net Tangible Assets": "106,320", "Working Capital": "40,366", "Invested Capital": "107,315", "Tangible Book Value": "106,320", "Total Debt": "-", "Share Issued": "15,516", "Ordinary Shares Number": "15,516"}, "12/31/2016": {"Duration": "12/31/2016", "Total Assets": "199,595", "Total Liabilities Net Minority Interest": "100,483", "Total Equity Gross Minority Interest": "99,112", "Total Capitalization": "99,112", "Preferred Stock Equity": "-", "Common Stock Equity": "99,112", "Capital Lease Obligations": "-", "Net Tangible Assets": "97,391", "Working Capital": "27,187", "Invested Capital": "99,112", "Tangible Book Value": "97,391", "Total Debt": "-", "Share Issued": "15,857", "Ordinary Shares Number": "15,857"}, "12/31/2015": {"Duration": "12/31/2015", "Total Assets": "213,334", "Total Liabilities Net Minority Interest": "113,920", "Total Equity Gross Minority Interest": "99,414", "Total Capitalization": "99,414", "Preferred Stock Equity": "-", "Common Stock Equity": "99,414", "Capital Lease Obligations": "-", "Net Tangible Assets": "97,676", "Working Capital": "28,870", "Invested Capital": "99,414", "Tangible Book Value": "97,676", "Total Debt": "-", "Share Issued": "15,796", "Ordinary Shares Number": "15,796"}, "12/31/2014": {"Duration": "12/31/2014", "Total Assets": "212,054", "Total Liabilities Net Minority Interest": "114,429", "Total Equity Gross Minority Interest": "97,625", "Total Capitalization": "97,625", "Preferred Stock Equity": "-", "Common Stock Equity": "97,625", "Capital Lease Obligations": "-", "Net Tangible Assets": "97,321", "Working Capital": "46,691", "Invested Capital": "97,625", "Tangible Book Value": "97,321", "Total Debt": "-", "Share Issued": "17,361", "Ordinary Shares Number": "17,361"}, "12/31/2013": {"Duration": "12/31/2013", "Total Assets": "194,642", "Total Liabilities Net Minority Interest": "110,252", "Total Equity Gross Minority Interest": "84,390", "Total Capitalization": "84,390", "Preferred Stock Equity": "-", "Common Stock Equity": "84,390", "Capital Lease Obligations": "-", "Net Tangible Assets": "83,872", "Working Capital": "31,925", "Invested Capital": "84,390", "Tangible Book Value": "83,872", "Total Debt": "-", "Share Issued": "17,387", "Ordinary Shares Number": "17,387"}, "12/31/2012": {"Duration": "12/31/2012", "Total Assets": "192,102", "Total Liabilities Net Minority Interest": "108,965", "Total Equity Gross Minority Interest": "83,137", "Total Capitalization": "83,137", "Preferred Stock Equity": "-", "Common Stock Equity": "83,137", "Capital Lease Obligations": "-", "Net Tangible Assets": "82,504", "Working Capital": "30,503", "Invested Capital": "83,137", "Tangible Book Value": "82,504", "Total Debt": "-", "Share Issued": "17,068", "Ordinary Shares Number": "17,068"}, "12/31/2011": {"Duration": "12/31/2011", "Total Assets": "241,571", "Total Liabilities Net Minority Interest": "112,328", "Total Equity Gross Minority Interest": "129,243", "Total Capitalization": "129,243", "Preferred Stock Equity": "-", "Common Stock Equity": "129,243", "Capital Lease Obligations": "-", "Net Tangible Assets": "96,282", "Working Capital": "37,610", "Invested Capital": "129,243", "Tangible Book Value": "96,282", "Total Debt": "-", "Share Issued": "17,405", "Ordinary Shares Number": "17,405"}, "12/31/2010": {"Duration": "12/31/2010", "Total Assets": "275,794", "Total Liabilities Net Minority Interest": "118,081", "Total Equity Gross Minority Interest": "157,713", "Total Capitalization": "157,713", "Preferred Stock Equity": "-", "Common Stock Equity": "157,713", "Capital Lease Obligations": "-", "Net Tangible Assets": "123,862", "Working Capital": "51,671", "Invested Capital": "157,713", "Tangible Book Value": "123,862", "Total Debt": "-", "Share Issued": "19,632", "Ordinary Shares Number": "19,632"}, "12/31/2009": {"Duration": "12/31/2009", "Total Assets": "284,273", "Total Liabilities Net Minority Interest": "119,493", "Total Equity Gross Minority Interest": "164,780", "Total Capitalization": "164,780", "Preferred Stock Equity": "-", "Common Stock Equity": "164,780", "Capital Lease Obligations": "-", "Net Tangible Assets": "127,399", "Working Capital": "53,865", "Invested Capital": "164,780", "Tangible Book Value": "127,399", "Total Debt": "-", "Share Issued": "20,447", "Ordinary Shares Number": "20,447"}, "12/31/2008": {"Duration": "12/31/2008", "Total Assets": "300,152", "Total Liabilities Net Minority Interest": "132,427", "Total Equity Gross Minority Interest": "167,725", "Total Capitalization": "167,725", "Preferred Stock Equity": "-", "Common Stock Equity": "167,725", "Capital Lease Obligations": "-", "Net Tangible Assets": "133,342", "Working Capital": "38,880", "Invested Capital": "167,725", "Tangible Book Value": "133,342", "Total Debt": "-", "Share Issued": "19,479", "Ordinary Shares Number": "19,479"}, "12/31/2007": {"Duration": "12/31/2007", "Total Assets": "339,531", "Total Liabilities Net Minority Interest": "145,923", "Total Equity Gross Minority Interest": "193,608", "Total Capitalization": "193,608", "Preferred Stock Equity": "-", "Common Stock Equity": "193,608", "Capital Lease Obligations": "-", "Net Tangible Assets": "146,752", "Working Capital": "36,439", "Invested Capital": "193,608", "Tangible Book Value": "146,752", "Total Debt": "-", "Share Issued": "20,676", "Ordinary Shares Number": "20,676"}, "12/31/2006": {"Duration": "12/31/2006", "Total Assets": "299,770", "Total Liabilities Net Minority Interest": "135,506", "Total Equity Gross Minority Interest": "164,264", "Total Capitalization": "164,264", "Preferred Stock Equity": "-", "Common Stock Equity": "164,264", "Capital Lease Obligations": "-", "Net Tangible Assets": "124,464", "Working Capital": "27,952", "Invested Capital": "164,264", "Tangible Book Value": "124,464", "Total Debt": "-", "Share Issued": "20,537", "Ordinary Shares Number": "20,537"}, "12/31/2005": {"Duration": "12/31/2005", "Total Assets": "246,108", "Total Liabilities Net Minority Interest": "115,751", "Total Equity Gross Minority Interest": "130,357", "Total Capitalization": "130,357", "Preferred Stock Equity": "-", "Common Stock Equity": "130,357", "Capital Lease Obligations": "-", "Net Tangible Assets": "128,903", "Working Capital": "66,646", "Invested Capital": "130,357", "Tangible Book Value": "128,903", "Total Debt": "-", "Share Issued": "20,121", "Ordinary Shares Number": "20,121"}, "12/31/2004": {"Duration": "12/31/2004", "Total Assets": "189,237", "Total Liabilities Net Minority Interest": "93,727", "Total Equity Gross Minority Interest": "95,510", "Total Capitalization": "95,510", "Preferred Stock Equity": "-", "Common Stock Equity": "95,510", "Capital Lease Obligations": "-", "Net Tangible Assets": "94,099", "Working Capital": "48,000", "Invested Capital": "95,510", "Tangible Book Value": "94,099", "Total Debt": "-", "Share Issued": "19,558", "Ordinary Shares Number": "19,558"}, "12/31/2003": {"Duration": "12/31/2003", "Total Assets": "111,964", "Total Liabilities Net Minority Interest": "90,425", "Total Equity Gross Minority Interest": "21,540", "Total Capitalization": "21,540", "Preferred Stock Equity": "94.825", "Common Stock Equity": "21,445", "Capital Lease Obligations": "-", "Net Tangible Assets": "19,949", "Working Capital": "7,725", "Invested Capital": "21,445", "Tangible Book Value": "19,855", "Total Debt": "-", "Share Issued": "19,552", "Ordinary Shares Number": "19,552"}, "12/31/2002": {"Duration": "12/31/2002", "Total Assets": "93,693", "Total Liabilities Net Minority Interest": "78,162", "Total Equity Gross Minority Interest": "15,531", "Total Capitalization": "15,526", "Preferred Stock Equity": "94.825", "Common Stock Equity": "15,431", "Capital Lease Obligations": "-", "Net Tangible Assets": "14,109", "Working Capital": "4,813", "Invested Capital": "15,431", "Tangible Book Value": "14,014", "Total Debt": "-", "Share Issued": "19,552", "Ordinary Shares Number": "19,552"}, "12/31/2000": {"Duration": "12/31/2000", "Total Assets": "45,572", "Total Liabilities Net Minority Interest": "35,514", "Total Equity Gross Minority Interest": "10,058", "Total Capitalization": "10,058", "Preferred Stock Equity": "-", "Common Stock Equity": "10,058", "Capital Lease Obligations": "-", "Net Tangible Assets": "10,058", "Working Capital": "-", "Invested Capital": "10,058", "Tangible Book Value": "10,058", "Total Debt": "-", "Share Issued": "19,552", "Ordinary Shares Number": "19,552"}}, "cf": {"TTM": {"Duration": "TTM", "Operating Cash Flow": "13,962", "Investing Cash Flow": "-12,793", "Financing Cash Flow": "-101", "End Cash Position": "22,973", "Income Tax Paid Supplemental Data": "41", "Capital Expenditure": "-12,793", "Issuance of Capital Stock": "-", "Issuance of Debt": "0", "Repayment of Debt": "0", "Repurchase of Capital Stock": "0", "Free Cash Flow": "1,169", "Domestic Sales": "-", "Foreign Sales": "-"}, "1/31/2021": {"Duration": "1/31/2021", "Operating Cash Flow": "13,386", "Investing Cash Flow": "-5,046", "Financing Cash Flow": "-114", "End Cash Position": "34,840", "Income Tax Paid Supplemental Data": "41", "Capital Expenditure": "-5,046", "Issuance of Capital Stock": "-", "Issuance of Debt": "-", "Repayment of Debt": "-", "Repurchase of Capital Stock": "-", "Free Cash Flow": "8,340", "Domestic Sales": "-", "Foreign Sales": "-"}, "1/31/2020": {"Duration": "1/31/2020", "Operating Cash Flow": "21,609", "Investing Cash Flow": "-12,384", "Financing Cash Flow": "-245", "End Cash Position": "28,395", "Income Tax Paid Supplemental Data": "-", "Capital Expenditure": "-12,384", "Issuance of Capital Stock": "-", "Issuance of Debt": "0", "Repayment of Debt": "0", "Repurchase of Capital Stock": "0", "Free Cash Flow": "9,225", "Domestic Sales": "-", "Foreign Sales": "-"}, "1/31/2019": {"Duration": "1/31/2019", "Operating Cash Flow": "9,683", "Investing Cash Flow": "-11,253", "Financing Cash Flow": "-2,456", "End Cash Position": "17,894", "Income Tax Paid Supplemental Data": "1,675", "Capital Expenditure": "-11,253", "Issuance of Capital Stock": "-", "Issuance of Debt": "7,250", "Repayment of Debt": "-7,347", "Repurchase of Capital Stock": "-2,228", "Free Cash Flow": "-1,570", "Domestic Sales": "-", "Foreign Sales": "-"}, "12/31/2017": {"Duration": "12/31/2017", "Operating Cash Flow": "21,088", "Investing Cash Flow": "-17,763", "Financing Cash Flow": "-4,775", "End Cash Position": "30,445", "Income Tax Paid Supplemental Data": "1,072", "Capital Expenditure": "-17,763", "Issuance of Capital Stock": "-", "Issuance of Debt": "4,000", "Repayment of Debt": "-4,076", "Repurchase of Capital Stock": "-4,232", "Free Cash Flow": "3,325", "Domestic Sales": "-", "Foreign Sales": "-"}, "12/31/2016": {"Duration": "12/31/2016", "Operating Cash Flow": "16,014", "Investing Cash Flow": "-26,657", "Financing Cash Flow": "-1,948", "End Cash Position": "32,483", "Income Tax Paid Supplemental Data": "1,002", "Capital Expenditure": "-27,251", "Issuance of Capital Stock": "-", "Issuance of Debt": "5,400", "Repayment of Debt": "-5,400", "Repurchase of Capital Stock": "-1,469", "Free Cash Flow": "-11,237", "Domestic Sales": "-", "Foreign Sales": "-"}, "12/31/2015": {"Duration": "12/31/2015", "Operating Cash Flow": "32,047", "Investing Cash Flow": "-25,146", "Financing Cash Flow": "-26,390", "End Cash Position": "45,196", "Income Tax Paid Supplemental Data": "2,175", "Capital Expenditure": "-22,466", "Issuance of Capital Stock": "-", "Issuance of Debt": "-", "Repayment of Debt": "-", "Repurchase of Capital Stock": "-25,909", "Free Cash Flow": "9,581", "Domestic Sales": "-", "Foreign Sales": "-"}, "12/31/2014": {"Duration": "12/31/2014", "Operating Cash Flow": "34,884", "Investing Cash Flow": "-11,789", "Financing Cash Flow": "-1,783", "End Cash Position": "65,389", "Income Tax Paid Supplemental Data": "1,024", "Capital Expenditure": "-10,790", "Issuance of Capital Stock": "-", "Issuance of Debt": "-", "Repayment of Debt": "-", "Repurchase of Capital Stock": "-3,364", "Free Cash Flow": "24,094", "Domestic Sales": "-", "Foreign Sales": "-"}, "12/31/2013": {"Duration": "12/31/2013", "Operating Cash Flow": "19,058", "Investing Cash Flow": "-19,362", "Financing Cash Flow": "132", "End Cash Position": "44,665", "Income Tax Paid Supplemental Data": "1,113", "Capital Expenditure": "-19,055", "Issuance of Capital Stock": "-", "Issuance of Debt": "-", "Repayment of Debt": "-", "Repurchase of Capital Stock": "-216", "Free Cash Flow": "3", "Domestic Sales": "302,216", "Foreign Sales": "76,853"}, "12/31/2012": {"Duration": "12/31/2012", "Operating Cash Flow": "14,864", "Investing Cash Flow": "-15,096", "Financing Cash Flow": "-1,224", "End Cash Position": "45,171", "Income Tax Paid Supplemental Data": "-", "Capital Expenditure": "-17,268", "Issuance of Capital Stock": "-", "Issuance of Debt": "-", "Repayment of Debt": "-", "Repurchase of Capital Stock": "-1,347", "Free Cash Flow": "-2,404", "Domestic Sales": "-", "Foreign Sales": "-"}, "12/31/2011": {"Duration": "12/31/2011", "Operating Cash Flow": "16,010", "Investing Cash Flow": "-13,318", "Financing Cash Flow": "-14,587", "End Cash Position": "46,367", "Income Tax Paid Supplemental Data": "-", "Capital Expenditure": "-12,248", "Issuance of Capital Stock": "-", "Issuance of Debt": "-", "Repayment of Debt": "-", "Repurchase of Capital Stock": "-15,002", "Free Cash Flow": "3,762", "Domestic Sales": "-", "Foreign Sales": "-"}, "12/31/2010": {"Duration": "12/31/2010", "Operating Cash Flow": "22,021", "Investing Cash Flow": "-13,766", "Financing Cash Flow": "-7,216", "End Cash Position": "58,755", "Income Tax Paid Supplemental Data": "3,218", "Capital Expenditure": "-14,649", "Issuance of Capital Stock": "-", "Issuance of Debt": "-", "Repayment of Debt": "-", "Repurchase of Capital Stock": "-7,274", "Free Cash Flow": "7,372", "Domestic Sales": "-", "Foreign Sales": "-"}, "12/31/2009": {"Duration": "12/31/2009", "Operating Cash Flow": "23,990", "Investing Cash Flow": "-8,898", "Financing Cash Flow": "0", "End Cash Position": "60,399", "Income Tax Paid Supplemental Data": "1,105", "Capital Expenditure": "-8,148", "Issuance of Capital Stock": "-", "Issuance of Debt": "-", "Repayment of Debt": "-", "Repurchase of Capital Stock": "0", "Free Cash Flow": "15,842", "Domestic Sales": "-", "Foreign Sales": "-"}, "12/31/2008": {"Duration": "12/31/2008", "Operating Cash Flow": "23,615", "Investing Cash Flow": "-26,629", "Financing Cash Flow": "-14,024", "End Cash Position": "47,000", "Income Tax Paid Supplemental Data": "-", "Capital Expenditure": "-23,215", "Issuance of Capital Stock": "322", "Issuance of Debt": "-", "Repayment of Debt": "-", "Repurchase of Capital Stock": "-14,346", "Free Cash Flow": "400", "Domestic Sales": "-", "Foreign Sales": "-"}, "12/31/2007": {"Duration": "12/31/2007", "Operating Cash Flow": "56,374", "Investing Cash Flow": "-40,938", "Financing Cash Flow": "-3,052", "End Cash Position": "66,261", "Income Tax Paid Supplemental Data": "-", "Capital Expenditure": "-32,101", "Issuance of Capital Stock": "1,080", "Issuance of Debt": "-", "Repayment of Debt": "-", "Repurchase of Capital Stock": "-4,670", "Free Cash Flow": "24,273", "Domestic Sales": "-", "Foreign Sales": "-"}, "12/31/2006": {"Duration": "12/31/2006", "Operating Cash Flow": "53,035", "Investing Cash Flow": "-93,772", "Financing Cash Flow": "3,537", "End Cash Position": "53,109", "Income Tax Paid Supplemental Data": "-", "Capital Expenditure": "-54,640", "Issuance of Capital Stock": "2,112", "Issuance of Debt": "-", "Repayment of Debt": "-", "Repurchase of Capital Stock": "-", "Free Cash Flow": "-1,605", "Domestic Sales": "-", "Foreign Sales": "-"}, "12/31/2005": {"Duration": "12/31/2005", "Operating Cash Flow": "54,642", "Investing Cash Flow": "-37,077", "Financing Cash Flow": "6,058", "End Cash Position": "90,950", "Income Tax Paid Supplemental Data": "-", "Capital Expenditure": "-32,652", "Issuance of Capital Stock": "4,413", "Issuance of Debt": "-", "Repayment of Debt": "-", "Repurchase of Capital Stock": "-", "Free Cash Flow": "21,990", "Domestic Sales": "-", "Foreign Sales": "-"}, "12/31/2004": {"Duration": "12/31/2004", "Operating Cash Flow": "48,527", "Investing Cash Flow": "-17,732", "Financing Cash Flow": "15,931", "End Cash Position": "67,327", "Income Tax Paid Supplemental Data": "-", "Capital Expenditure": "-16,494", "Issuance of Capital Stock": "52", "Issuance of Debt": "-", "Repayment of Debt": "-", "Repurchase of Capital Stock": "-", "Free Cash Flow": "32,033", "Domestic Sales": "-", "Foreign Sales": "-"}, "12/31/2003": {"Duration": "12/31/2003", "Operating Cash Flow": "25,215", "Investing Cash Flow": "-20,480", "Financing Cash Flow": "0", "End Cash Position": "20,601", "Income Tax Paid Supplemental Data": "-", "Capital Expenditure": "-18,362", "Issuance of Capital Stock": "-", "Issuance of Debt": "-", "Repayment of Debt": "-", "Repurchase of Capital Stock": "-", "Free Cash Flow": "6,853", "Domestic Sales": "213,427", "Foreign Sales": "244.447"}, "12/31/2002": {"Duration": "12/31/2002", "Operating Cash Flow": "18,664", "Investing Cash Flow": "-20,232", "Financing Cash Flow": "-121.264", "End Cash Position": "15,866", "Income Tax Paid Supplemental Data": "-", "Capital Expenditure": "-18,718", "Issuance of Capital Stock": "-", "Issuance of Debt": "-", "Repayment of Debt": "-", "Repurchase of Capital Stock": "-", "Free Cash Flow": "-54.704", "Domestic Sales": "-", "Foreign Sales": "-"}, "12/31/2000": {"Duration": "12/31/2000", "Operating Cash Flow": "11,392", "Investing Cash Flow": "-19,069", "Financing Cash Flow": "12,874", "End Cash Position": "-", "Income Tax Paid Supplemental Data": "-", "Capital Expenditure": "-", "Issuance of Capital Stock": "-", "Issuance of Debt": "-", "Repayment of Debt": "-", "Repurchase of Capital Stock": "-", "Free Cash Flow": "11,392", "Domestic Sales": "-", "Foreign Sales": "-"}}, "ks": {"Current": {"Duration": "Current", "Market Cap (intraday) 5": "154.26M", "Enterprise Value 3": "253.28M", "Trailing P/E ": "111.50", "Forward P/E 1": "28.99", "PEG Ratio (5 yr expected) 1": "N/A", "Price/Sales (ttm)": "0.56", "Price/Book (mrq)": "2.29", "Enterprise Value/Revenue 3": "0.99", "Enterprise Value/EBITDA 7": "-36.79"}, "1/31/2021": {"Duration": "1/31/2021", "Market Cap (intraday) 5": "89.54M", "Enterprise Value 3": "206.87M", "Trailing P/E ": "N/A", "Forward P/E 1": "24.39", "PEG Ratio (5 yr expected) 1": "N/A", "Price/Sales (ttm)": "0.31", "Price/Book (mrq)": "1.58", "Enterprise Value/Revenue 3": "2.21", "Enterprise Value/EBITDA 7": "14.59"}, "10/31/2020": {"Duration": "10/31/2020", "Market Cap (intraday) 5": "64.39M", "Enterprise Value 3": "190.68M", "Trailing P/E ": "N/A", "Forward P/E 1": "19.68", "PEG Ratio (5 yr expected) 1": "N/A", "Price/Sales (ttm)": "0.23", "Price/Book (mrq)": "1.21", "Enterprise Value/Revenue 3": "2.55", "Enterprise Value/EBITDA 7": "39.19"}, "7/31/2020": {"Duration": "7/31/2020", "Market Cap (intraday) 5": "36.44M", "Enterprise Value 3": "165.97M", "Trailing P/E ": "N/A", "Forward P/E 1": "N/A", "PEG Ratio (5 yr expected) 1": "N/A", "Price/Sales (ttm)": "0.12", "Price/Book (mrq)": "0.53", "Enterprise Value/Revenue 3": "4.11", "Enterprise Value/EBITDA 7": "-15.48"}, "4/30/2020": {"Duration": "4/30/2020", "Market Cap (intraday) 5": "39.35M", "Enterprise Value 3": "163.16M", "Trailing P/E ": "127.00", "Forward P/E 1": "31.75", "PEG Ratio (5 yr expected) 1": "N/A", "Price/Sales (ttm)": "0.11", "Price/Book (mrq)": "0.44", "Enterprise Value/Revenue 3": "3.50", "Enterprise Value/EBITDA 7": "-10.73"}, "1/31/2020": {"Duration": "1/31/2020", "Market Cap (intraday) 5": "63.62M", "Enterprise Value 3": "219.38M", "Trailing P/E ": "N/A", "Forward P/E 1": "46.51", "PEG Ratio (5 yr expected) 1": "N/A", "Price/Sales (ttm)": "0.18", "Price/Book (mrq)": "0.78", "Enterprise Value/Revenue 3": "2.10", "Enterprise Value/EBITDA 7": "20.08"}, "10/31/2019": {"Duration": "10/31/2019", "Market Cap (intraday) 5": "52.97M", "Enterprise Value 3": "201.31M", "Trailing P/E ": "N/A", "Forward P/E 1": "18.32", "PEG Ratio (5 yr expected) 1": "N/A", "Price/Sales (ttm)": "0.15", "Price/Book (mrq)": "0.60", "Enterprise Value/Revenue 3": "2.86", "Enterprise Value/EBITDA 7": "-48.81"}, "7/31/2019": {"Duration": "7/31/2019", "Market Cap (intraday) 5": "64.61M", "Enterprise Value 3": "212.59M", "Trailing P/E ": "N/A", "Forward P/E 1": "106.38", "PEG Ratio (5 yr expected) 1": "N/A", "Price/Sales (ttm)": "0.18", "Price/Book (mrq)": "0.73", "Enterprise Value/Revenue 3": "2.68", "Enterprise Value/EBITDA 7": "83.83"}, "4/30/2019": {"Duration": "4/30/2019", "Market Cap (intraday) 5": "84.80M", "Enterprise Value 3": "66.91M", "Trailing P/E ": "N/A", "Forward P/E 1": "N/A", "PEG Ratio (5 yr expected) 1": "N/A", "Price/Sales (ttm)": "0.24", "Price/Book (mrq)": "0.90", "Enterprise Value/Revenue 3": "0.79", "Enterprise Value/EBITDA 7": "11.26"}, "1/31/2019": {"Duration": "1/31/2019", "Market Cap (intraday) 5": "70.74M", "Enterprise Value 3": "69.36M", "Trailing P/E ": "9.46", "Forward P/E 1": "N/A", "PEG Ratio (5 yr expected) 1": "N/A", "Price/Sales (ttm)": "0.21", "Price/Book (mrq)": "0.68", "Enterprise Value/Revenue 3": "0.68", "Enterprise Value/EBITDA 7": "-25.88"}, "10/31/2018": {"Duration": "10/31/2018", "Market Cap (intraday) 5": "128.16M", "Enterprise Value 3": "107.76M", "Trailing P/E ": "17.12", "Forward P/E 1": "N/A", "PEG Ratio (5 yr expected) 1": "N/A", "Price/Sales (ttm)": "0.38", "Price/Book (mrq)": "1.17", "Enterprise Value/Revenue 3": "1.57", "Enterprise Value/EBITDA 7": "-18.08"}, "7/31/2018": {"Duration": "7/31/2018", "Market Cap (intraday) 5": "121.68M", "Enterprise Value 3": "102.80M", "Trailing P/E ": "16.20", "Forward P/E 1": "N/A", "PEG Ratio (5 yr expected) 1": "N/A", "Price/Sales (ttm)": "0.36", "Price/Book (mrq)": "1.09", "Enterprise Value/Revenue 3": "1.24", "Enterprise Value/EBITDA 7": "68.81"}, "4/30/2018": {"Duration": "4/30/2018", "Market Cap (intraday) 5": "136.67M", "Enterprise Value 3": "106.23M", "Trailing P/E ": "18.20", "Forward P/E 1": "N/A", "PEG Ratio (5 yr expected) 1": "N/A", "Price/Sales (ttm)": "0.40", "Price/Book (mrq)": "1.27", "Enterprise Value/Revenue 3": "1.28", "Enterprise Value/EBITDA 7": "22.29"}, "12/31/2017": {"Duration": "12/31/2017", "Market Cap (intraday) 5": "146.44M", "Enterprise Value 3": "135.52M", "Trailing P/E ": "48.42", "Forward P/E 1": "N/A", "PEG Ratio (5 yr expected) 1": "N/A", "Price/Sales (ttm)": "0.40", "Price/Book (mrq)": "1.36", "Enterprise Value/Revenue 3": "1.26", "Enterprise Value/EBITDA 7": "9.84"}, "9/30/2017": {"Duration": "9/30/2017", "Market Cap (intraday) 5": "146.71M", "Enterprise Value 3": "134.14M", "Trailing P/E ": "41.59", "Forward P/E 1": "N/A", "PEG Ratio (5 yr expected) 1": "N/A", "Price/Sales (ttm)": "0.40", "Price/Book (mrq)": "1.41", "Enterprise Value/Revenue 3": "1.63", "Enterprise Value/EBITDA 7": "21.07"}, "6/30/2017": {"Duration": "6/30/2017", "Market Cap (intraday) 5": "167.22M", "Enterprise Value 3": "131.59M", "Trailing P/E ": "261.25", "Forward P/E 1": "N/A", "PEG Ratio (5 yr expected) 1": "N/A", "Price/Sales (ttm)": "0.45", "Price/Book (mrq)": "1.61", "Enterprise Value/Revenue 3": "1.70", "Enterprise Value/EBITDA 7": "98.65"}, "3/31/2017": {"Duration": "3/31/2017", "Market Cap (intraday) 5": "141.63M", "Enterprise Value 3": "109.14M", "Trailing P/E ": "98.33", "Forward P/E 1": "N/A", "PEG Ratio (5 yr expected) 1": "N/A", "Price/Sales (ttm)": "0.38", "Price/Book (mrq)": "1.43", "Enterprise Value/Revenue 3": "1.20", "Enterprise Value/EBITDA 7": "12.82"}, "12/31/2016": {"Duration": "12/31/2016", "Market Cap (intraday) 5": "217.95M", "Enterprise Value 3": "206.17M", "Trailing P/E ": "11.09", "Forward P/E 1": "N/A", "PEG Ratio (5 yr expected) 1": "N/A", "Price/Sales (ttm)": "0.58", "Price/Book (mrq)": "2.21", "Enterprise Value/Revenue 3": "1.87", "Enterprise Value/EBITDA 7": "25.31"}, "9/30/2016": {"Duration": "9/30/2016", "Market Cap (intraday) 5": "164.25M", "Enterprise Value 3": "154.10M", "Trailing P/E ": "8.71", "Forward P/E 1": "N/A", "PEG Ratio (5 yr expected) 1": "N/A", "Price/Sales (ttm)": "0.44", "Price/Book (mrq)": "1.70", "Enterprise Value/Revenue 3": "1.84", "Enterprise Value/EBITDA 7": "22.89"}, "6/30/2016": {"Duration": "6/30/2016", "Market Cap (intraday) 5": "212.27M", "Enterprise Value 3": "181.48M", "Trailing P/E ": "9.52", "Forward P/E 1": "N/A", "PEG Ratio (5 yr expected) 1": "N/A", "Price/Sales (ttm)": "0.59", "Price/Book (mrq)": "2.10", "Enterprise Value/Revenue 3": "2.42", "Enterprise Value/EBITDA 7": "-74.20"}, "3/31/2016": {"Duration": "3/31/2016", "Market Cap (intraday) 5": "205.35M", "Enterprise Value 3": "158.70M", "Trailing P/E ": "8.17", "Forward P/E 1": "N/A", "PEG Ratio (5 yr expected) 1": "N/A", "Price/Sales (ttm)": "0.58", "Price/Book (mrq)": "2.07", "Enterprise Value/Revenue 3": "1.67", "Enterprise Value/EBITDA 7": "17.52"}, "12/31/2015": {"Duration": "12/31/2015", "Market Cap (intraday) 5": "200.56M", "Enterprise Value 3": "161.90M", "Trailing P/E ": "11.23", "Forward P/E 1": "N/A", "PEG Ratio (5 yr expected) 1": "N/A", "Price/Sales (ttm)": "0.53", "Price/Book (mrq)": "2.13", "Enterprise Value/Revenue 3": "1.38", "Enterprise Value/EBITDA 7": "11.50"}, "9/30/2015": {"Duration": "9/30/2015", "Market Cap (intraday) 5": "320.02M", "Enterprise Value 3": "277.31M", "Trailing P/E ": "16.87", "Forward P/E 1": "N/A", "PEG Ratio (5 yr expected) 1": "N/A", "Price/Sales (ttm)": "0.83", "Price/Book (mrq)": "3.36", "Enterprise Value/Revenue 3": "3.24", "Enterprise Value/EBITDA 7": "51.92"}, "6/30/2015": {"Duration": "6/30/2015", "Market Cap (intraday) 5": "275.02M", "Enterprise Value 3": "219.35M", "Trailing P/E ": "17.38", "Forward P/E 1": "N/A", "PEG Ratio (5 yr expected) 1": "N/A", "Price/Sales (ttm)": "0.70", "Price/Book (mrq)": "2.74", "Enterprise Value/Revenue 3": "2.71", "Enterprise Value/EBITDA 7": "62.05"}, "3/31/2015": {"Duration": "3/31/2015", "Market Cap (intraday) 5": "342.40M", "Enterprise Value 3": "275.89M", "Trailing P/E ": "24.26", "Forward P/E 1": "13.83", "PEG Ratio (5 yr expected) 1": "0.46", "Price/Sales (ttm)": "0.86", "Price/Book (mrq)": "3.51", "Enterprise Value/Revenue 3": "2.95", "Enterprise Value/EBITDA 7": "24.59"}, "12/31/2014": {"Duration": "12/31/2014", "Market Cap (intraday) 5": "349.65M", "Enterprise Value 3": "309.20M", "Trailing P/E ": "42.77", "Forward P/E 1": "31.95", "PEG Ratio (5 yr expected) 1": "1.06", "Price/Sales (ttm)": "0.93", "Price/Book (mrq)": "4.05", "Enterprise Value/Revenue 3": "2.35", "Enterprise Value/EBITDA 7": "17.72"}, "9/30/2014": {"Duration": "9/30/2014", "Market Cap (intraday) 5": "227.38M", "Enterprise Value 3": "185.61M", "Trailing P/E ": "45.10", "Forward P/E 1": "22.17", "PEG Ratio (5 yr expected) 1": "0.74", "Price/Sales (ttm)": "0.60", "Price/Book (mrq)": "2.60", "Enterprise Value/Revenue 3": "2.14", "Enterprise Value/EBITDA 7": "28.88"}, "6/30/2014": {"Duration": "6/30/2014", "Market Cap (intraday) 5": "235.37M", "Enterprise Value 3": "193.46M", "Trailing P/E ": "83.89", "Forward P/E 1": "23.58", "PEG Ratio (5 yr expected) 1": "0.79", "Price/Sales (ttm)": "0.60", "Price/Book (mrq)": "2.62", "Enterprise Value/Revenue 3": "2.54", "Enterprise Value/EBITDA 7": "337.04"}, "3/31/2014": {"Duration": "3/31/2014", "Market Cap (intraday) 5": "168.98M", "Enterprise Value 3": "124.32M", "Trailing P/E ": "N/A", "Forward P/E 1": "18.76", "PEG Ratio (5 yr expected) 1": "N/A", "Price/Sales (ttm)": "0.42", "Price/Book (mrq)": "2.00", "Enterprise Value/Revenue 3": "1.27", "Enterprise Value/EBITDA 7": "12.75"}, "12/31/2013": {"Duration": "12/31/2013", "Market Cap (intraday) 5": "131.27M", "Enterprise Value 3": "117.47M", "Trailing P/E ": "N/A", "Forward P/E 1": "34.13", "PEG Ratio (5 yr expected) 1": "N/A", "Price/Sales (ttm)": "0.32", "Price/Book (mrq)": "1.69", "Enterprise Value/Revenue 3": "1.09", "Enterprise Value/EBITDA 7": "12.04"}, "9/30/2013": {"Duration": "9/30/2013", "Market Cap (intraday) 5": "121.21M", "Enterprise Value 3": "93.15M", "Trailing P/E ": "N/A", "Forward P/E 1": "79.37", "PEG Ratio (5 yr expected) 1": "N/A", "Price/Sales (ttm)": "0.29", "Price/Book (mrq)": "1.58", "Enterprise Value/Revenue 3": "1.10", "Enterprise Value/EBITDA 7": "26.48"}, "6/30/2013": {"Duration": "6/30/2013", "Market Cap (intraday) 5": "103.68M", "Enterprise Value 3": "62.85M", "Trailing P/E ": "N/A", "Forward P/E 1": "769.23", "PEG Ratio (5 yr expected) 1": "N/A", "Price/Sales (ttm)": "0.26", "Price/Book (mrq)": "1.28", "Enterprise Value/Revenue 3": "0.77", "Enterprise Value/EBITDA 7": "-44.67"}, "3/31/2013": {"Duration": "3/31/2013", "Market Cap (intraday) 5": "92.10M", "Enterprise Value 3": "46.93M", "Trailing P/E ": "N/A", "Forward P/E 1": "N/A", "PEG Ratio (5 yr expected) 1": "N/A", "Price/Sales (ttm)": "0.23", "Price/Book (mrq)": "1.11", "Enterprise Value/Revenue 3": "0.45", "Enterprise Value/EBITDA 7": "9.43"}, "12/31/2012": {"Duration": "12/31/2012", "Market Cap (intraday) 5": "65.20M", "Enterprise Value 3": "20.03M", "Trailing P/E ": "N/A", "Forward P/E 1": "N/A", "PEG Ratio (5 yr expected) 1": "N/A", "Price/Sales (ttm)": "0.16", "Price/Book (mrq)": "0.78", "Enterprise Value/Revenue 3": "0.17", "Enterprise Value/EBITDA 7": "4.08"}, "9/30/2012": {"Duration": "9/30/2012", "Market Cap (intraday) 5": "67.79M", "Enterprise Value 3": "41.34M", "Trailing P/E ": "N/A", "Forward P/E 1": "N/A", "PEG Ratio (5 yr expected) 1": "N/A", "Price/Sales (ttm)": "0.16", "Price/Book (mrq)": "0.55", "Enterprise Value/Revenue 3": "0.48", "Enterprise Value/EBITDA 7": "58.48"}, "6/30/2012": {"Duration": "6/30/2012", "Market Cap (intraday) 5": "83.14M", "Enterprise Value 3": "49.64M", "Trailing P/E ": "N/A", "Forward P/E 1": "37.31", "PEG Ratio (5 yr expected) 1": "N/A", "Price/Sales (ttm)": "0.20", "Price/Book (mrq)": "0.64", "Enterprise Value/Revenue 3": "0.62", "Enterprise Value/EBITDA 7": "-16.04"}, "3/31/2012": {"Duration": "3/31/2012", "Market Cap (intraday) 5": "91.33M", "Enterprise Value 3": "44.96M", "Trailing P/E ": "N/A", "Forward P/E 1": "16.16", "PEG Ratio (5 yr expected) 1": "N/A", "Price/Sales (ttm)": "0.23", "Price/Book (mrq)": "0.71", "Enterprise Value/Revenue 3": "0.47", "Enterprise Value/EBITDA 7": "10.85"}, "12/31/2011": {"Duration": "12/31/2011", "Market Cap (intraday) 5": "147.89M", "Enterprise Value 3": "122.79M", "Trailing P/E ": "N/A", "Forward P/E 1": "28.17", "PEG Ratio (5 yr expected) 1": "N/A", "Price/Sales (ttm)": "0.39", "Price/Book (mrq)": "1.03", "Enterprise Value/Revenue 3": "1.03", "Enterprise Value/EBITDA 7": "7.99"}, "9/30/2011": {"Duration": "9/30/2011", "Market Cap (intraday) 5": "97.29M", "Enterprise Value 3": "72.18M", "Trailing P/E ": "N/A", "Forward P/E 1": "20.66", "PEG Ratio (5 yr expected) 1": "N/A", "Price/Sales (ttm)": "0.23", "Price/Book (mrq)": "0.68", "Enterprise Value/Revenue 3": "0.74", "Enterprise Value/EBITDA 7": "9.36"}, "6/30/2011": {"Duration": "6/30/2011", "Market Cap (intraday) 5": "127.52M", "Enterprise Value 3": "92.78M", "Trailing P/E ": "N/A", "Forward P/E 1": "30.03", "PEG Ratio (5 yr expected) 1": "N/A", "Price/Sales (ttm)": "0.30", "Price/Book (mrq)": "0.86", "Enterprise Value/Revenue 3": "1.13", "Enterprise Value/EBITDA 7": "-20.33"}, "3/31/2011": {"Duration": "3/31/2011", "Market Cap (intraday) 5": "118.60M", "Enterprise Value 3": "73.47M", "Trailing P/E ": "N/A", "Forward P/E 1": "32.26", "PEG Ratio (5 yr expected) 1": "N/A", "Price/Sales (ttm)": "0.29", "Price/Book (mrq)": "0.76", "Enterprise Value/Revenue 3": "0.77", "Enterprise Value/EBITDA 7": "24.67"}, "12/31/2010": {"Duration": "12/31/2010", "Market Cap (intraday) 5": "149.39M", "Enterprise Value 3": "90.64M", "Trailing P/E ": "764.00", "Forward P/E 1": "39.68", "PEG Ratio (5 yr expected) 1": "N/A", "Price/Sales (ttm)": "0.36", "Price/Book (mrq)": "0.95", "Enterprise Value/Revenue 3": "0.72", "Enterprise Value/EBITDA 7": "5.74"}, "9/30/2010": {"Duration": "9/30/2010", "Market Cap (intraday) 5": "121.86M", "Enterprise Value 3": "97.20M", "Trailing P/E ": "N/A", "Forward P/E 1": "N/A", "PEG Ratio (5 yr expected) 1": "N/A", "Price/Sales (ttm)": "0.29", "Price/Book (mrq)": "0.81", "Enterprise Value/Revenue 3": "0.97", "Enterprise Value/EBITDA 7": "20.58"}, "6/30/2010": {"Duration": "6/30/2010", "Market Cap (intraday) 5": "138.86M", "Enterprise Value 3": "107.69M", "Trailing P/E ": "N/A", "Forward P/E 1": "N/A", "PEG Ratio (5 yr expected) 1": "N/A", "Price/Sales (ttm)": "0.33", "Price/Book (mrq)": "0.92", "Enterprise Value/Revenue 3": "1.45", "Enterprise Value/EBITDA 7": "-18.19"}, "3/31/2010": {"Duration": "3/31/2010", "Market Cap (intraday) 5": "146.21M", "Enterprise Value 3": "92.97M", "Trailing P/E ": "N/A", "Forward P/E 1": "N/A", "PEG Ratio (5 yr expected) 1": "N/A", "Price/Sales (ttm)": "0.34", "Price/Book (mrq)": "0.91", "Enterprise Value/Revenue 3": "0.92", "Enterprise Value/EBITDA 7": "9.63"}, "12/31/2009": {"Duration": "12/31/2009", "Market Cap (intraday) 5": "99.57M", "Enterprise Value 3": "39.17M", "Trailing P/E ": "N/A", "Forward P/E 1": "N/A", "PEG Ratio (5 yr expected) 1": "N/A", "Price/Sales (ttm)": "0.23", "Price/Book (mrq)": "0.60", "Enterprise Value/Revenue 3": "0.32", "Enterprise Value/EBITDA 7": "8.81"}, "9/30/2009": {"Duration": "9/30/2009", "Market Cap (intraday) 5": "99.08M", "Enterprise Value 3": "72.04M", "Trailing P/E ": "N/A", "Forward P/E 1": "N/A", "PEG Ratio (5 yr expected) 1": "N/A", "Price/Sales (ttm)": "0.22", "Price/Book (mrq)": "0.61", "Enterprise Value/Revenue 3": "0.79", "Enterprise Value/EBITDA 7": "-29.66"}, "6/30/2009": {"Duration": "6/30/2009", "Market Cap (intraday) 5": "88.95M", "Enterprise Value 3": "58.24M", "Trailing P/E ": "N/A", "Forward P/E 1": "N/A", "PEG Ratio (5 yr expected) 1": "N/A", "Price/Sales (ttm)": "0.20", "Price/Book (mrq)": "0.53", "Enterprise Value/Revenue 3": "0.71", "Enterprise Value/EBITDA 7": "-17.02"}, "3/31/2009": {"Duration": "3/31/2009", "Market Cap (intraday) 5": "118.08M", "Enterprise Value 3": "84.23M", "Trailing P/E ": "N/A", "Forward P/E 1": "N/A", "PEG Ratio (5 yr expected) 1": "N/A", "Price/Sales (ttm)": "0.26", "Price/Book (mrq)": "0.71", "Enterprise Value/Revenue 3": "0.87", "Enterprise Value/EBITDA 7": "14.25"}, "12/31/2008": {"Duration": "12/31/2008", "Market Cap (intraday) 5": "94.06M", "Enterprise Value 3": "47.06M", "Trailing P/E ": "20.25", "Forward P/E 1": "N/A", "PEG Ratio (5 yr expected) 1": "N/A", "Price/Sales (ttm)": "0.20", "Price/Book (mrq)": "0.56", "Enterprise Value/Revenue 3": "0.33", "Enterprise Value/EBITDA 7": "3.88"}, "9/30/2008": {"Duration": "9/30/2008", "Market Cap (intraday) 5": "141.43M", "Enterprise Value 3": "114.11M", "Trailing P/E ": "15.83", "Forward P/E 1": "N/A", "PEG Ratio (5 yr expected) 1": "N/A", "Price/Sales (ttm)": "0.30", "Price/Book (mrq)": "0.80", "Enterprise Value/Revenue 3": "1.06", "Enterprise Value/EBITDA 7": "16.79"}, "6/30/2008": {"Duration": "6/30/2008", "Market Cap (intraday) 5": "141.74M", "Enterprise Value 3": "126.12M", "Trailing P/E ": "10.24", "Forward P/E 1": "N/A", "PEG Ratio (5 yr expected) 1": "N/A", "Price/Sales (ttm)": "0.31", "Price/Book (mrq)": "0.77", "Enterprise Value/Revenue 3": "1.33", "Enterprise Value/EBITDA 7": "-434.89"}, "3/31/2008": {"Duration": "3/31/2008", "Market Cap (intraday) 5": "181.90M", "Enterprise Value 3": "140.72M", "Trailing P/E ": "8.83", "Forward P/E 1": "N/A", "PEG Ratio (5 yr expected) 1": "N/A", "Price/Sales (ttm)": "0.38", "Price/Book (mrq)": "0.95", "Enterprise Value/Revenue 3": "1.14", "Enterprise Value/EBITDA 7": "8.43"}, "12/31/2007": {"Duration": "12/31/2007", "Market Cap (intraday) 5": "288.44M", "Enterprise Value 3": "222.17M", "Trailing P/E ": "12.68", "Forward P/E 1": "N/A", "PEG Ratio (5 yr expected) 1": "N/A", "Price/Sales (ttm)": "0.60", "Price/Book (mrq)": "1.49", "Enterprise Value/Revenue 3": "1.51", "Enterprise Value/EBITDA 7": "10.26"}, "9/30/2007": {"Duration": "9/30/2007", "Market Cap (intraday) 5": "366.50M", "Enterprise Value 3": "349.30M", "Trailing P/E ": "13.16", "Forward P/E 1": "N/A", "PEG Ratio (5 yr expected) 1": "N/A", "Price/Sales (ttm)": "0.79", "Price/Book (mrq)": "2.05", "Enterprise Value/Revenue 3": "3.18", "Enterprise Value/EBITDA 7": "36.22"}, "6/30/2007": {"Duration": "6/30/2007", "Market Cap (intraday) 5": "540.37M", "Enterprise Value 3": "497.99M", "Trailing P/E ": "18.44", "Forward P/E 1": "N/A", "PEG Ratio (5 yr expected) 1": "N/A", "Price/Sales (ttm)": "1.18", "Price/Book (mrq)": "3.23", "Enterprise Value/Revenue 3": "4.96", "Enterprise Value/EBITDA 7": "50.88"}, "3/31/2007": {"Duration": "3/31/2007", "Market Cap (intraday) 5": "565.74M", "Enterprise Value 3": "512.63M", "Trailing P/E ": "19.08", "Forward P/E 1": "N/A", "PEG Ratio (5 yr expected) 1": "N/A", "Price/Sales (ttm)": "1.29", "Price/Book (mrq)": "3.44", "Enterprise Value/Revenue 3": "4.39", "Enterprise Value/EBITDA 7": "27.41"}, "12/31/2006": {"Duration": "12/31/2006", "Market Cap (intraday) 5": "575.46M", "Enterprise Value 3": "565.62M", "Trailing P/E ": "23.16", "Forward P/E 1": "N/A", "PEG Ratio (5 yr expected) 1": "N/A", "Price/Sales (ttm)": "1.39", "Price/Book (mrq)": "3.87", "Enterprise Value/Revenue 3": "3.95", "Enterprise Value/EBITDA 7": "18.10"}, "9/30/2006": {"Duration": "9/30/2006", "Market Cap (intraday) 5": "445.19M", "Enterprise Value 3": "434.64M", "Trailing P/E ": "16.99", "Forward P/E 1": "N/A", "PEG Ratio (5 yr expected) 1": "N/A", "Price/Sales (ttm)": "1.18", "Price/Book (mrq)": "3.23", "Enterprise Value/Revenue 3": "4.28", "Enterprise Value/EBITDA 7": "46.39"}, "6/30/2006": {"Duration": "6/30/2006", "Market Cap (intraday) 5": "420.56M", "Enterprise Value 3": "410.00M", "Trailing P/E ": "16.05", "Forward P/E 1": "N/A", "PEG Ratio (5 yr expected) 1": "N/A", "Price/Sales (ttm)": "1.11", "Price/Book (mrq)": "3.04", "Enterprise Value/Revenue 3": "4.38", "Enterprise Value/EBITDA 7": "36.64"}, "3/31/2006": {"Duration": "3/31/2006", "Market Cap (intraday) 5": "599.26M", "Enterprise Value 3": "555.86M", "Trailing P/E ": "22.54", "Forward P/E 1": "N/A", "PEG Ratio (5 yr expected) 1": "N/A", "Price/Sales (ttm)": "1.66", "Price/Book (mrq)": "4.41", "Enterprise Value/Revenue 3": "5.64", "Enterprise Value/EBITDA 7": "31.79"}, "12/31/2005": {"Duration": "12/31/2005", "Market Cap (intraday) 5": "579.51M", "Enterprise Value 3": "527.95M", "Trailing P/E ": "26.00", "Forward P/E 1": "N/A", "PEG Ratio (5 yr expected) 1": "N/A", "Price/Sales (ttm)": "1.74", "Price/Book (mrq)": "5.06", "Enterprise Value/Revenue 3": "4.47", "Enterprise Value/EBITDA 7": "24.59"}, "9/30/2005": {"Duration": "9/30/2005", "Market Cap (intraday) 5": "436.00M", "Enterprise Value 3": "384.44M", "Trailing P/E ": "19.56", "Forward P/E 1": "N/A", "PEG Ratio (5 yr expected) 1": "N/A", "Price/Sales (ttm)": "1.31", "Price/Book (mrq)": "3.77", "Enterprise Value/Revenue 3": "4.58", "Enterprise Value/EBITDA 7": "30.97"}, "6/30/2005": {"Duration": "6/30/2005", "Market Cap (intraday) 5": "458.49M", "Enterprise Value 3": "410.53M", "Trailing P/E ": "21.92", "Forward P/E 1": "N/A", "PEG Ratio (5 yr expected) 1": "N/A", "Price/Sales (ttm)": "1.42", "Price/Book (mrq)": "4.18", "Enterprise Value/Revenue 3": "5.57", "Enterprise Value/EBITDA 7": "42.69"}, "3/31/2005": {"Duration": "3/31/2005", "Market Cap (intraday) 5": "599.26M", "Enterprise Value 3": "528.65M", "Trailing P/E ": "26.20", "Forward P/E 1": "N/A", "PEG Ratio (5 yr expected) 1": "N/A", "Price/Sales (ttm)": "1.85", "Price/Book (mrq)": "5.60", "Enterprise Value/Revenue 3": "6.14", "Enterprise Value/EBITDA 7": "31.48"}, "12/31/2004": {"Duration": "12/31/2004", "Market Cap (intraday) 5": "687.24M", "Enterprise Value 3": "619.91M", "Trailing P/E ": "32.85", "Forward P/E 1": "N/A", "PEG Ratio (5 yr expected) 1": "N/A", "Price/Sales (ttm)": "2.17", "Price/Book (mrq)": "7.20", "Enterprise Value/Revenue 3": "6.23", "Enterprise Value/EBITDA 7": "38.41"}}, "inside": {"Date": ["INSIDER NAME", "TITLE", "DATE", "TRANSATION", "SHARE", "PRICE", "AMOUNT"], "2021-03-16 18:18:44": ["FENCL ERIC R", "CAO, GEN. COUNSEL & SECRETARY", "2021-03-15", "OPTION EXERCISE", "10,568", "6.21", "65,627"], "2020-09-22 17:27:27": ["KANEN DAVID", " 10% OWNER", "2020-09-18", "SELL", "590,231", "3.40", "2,004,106"]}}}]