[{"AVA": {"quote": {"05/08/2021": {"value": "46.97", "Market Cap": "3.256B", "Beta (5Y Monthly)": "0.61", "PE Ratio (TTM)": "21.64", "EPS (TTM)": "2.17", "Earnings Date": "Aug 03, 2021 - Aug 09, 2021", "Forward Dividend & Yield": "1.69 (3.60%)", "Ex-Dividend Date": "Feb 18, 2021", "1y Target Est": "44.00"}}, "fin": {"TTM": {"Duration": "TTM", "Total Revenue": "1,321,891", "Cost of Revenue": "398,509", "Gross Profit": "923,382", "Operating Expense": "690,682", "Operating Income": "232,700", "Net Non Operating Interest Income Expense": "-97,804", "Other Income Expense": "1,643", "Pretax Income": "136,539", "Tax Provision": "7,051", "Net Income Common Stockholders": "129,488", "Diluted NI Available to Com Stockholders": "129,488", "Basic EPS": "-", "Diluted EPS": "-", "Basic Average Shares": "-", "Diluted Average Shares": "-", "Total Operating Income as Reported": "232,700", "Total Expenses": "1,089,191", "Interest Income": "3,174", "Interest Expense": "100,978", "Net Interest Income": "-97,804", "Net Income from Continuing & Discontinued Operation": "129,488", "Normalized Income": "122,023", "EBIT": "237,517", "EBITDA": "461,740", "Reconciled Cost of Revenue": "398,509", "Reconciled Depreciation": "224,223", "Net Income from Continuing Operation Net Minority Interest": "129,488", "Total Unusual Items Excluding Goodwill": "7,875", "Total Unusual Items": "7,875", "Normalized EBITDA": "453,865", "Tax Rate for Calcs": "0", "Tax Effect of Unusual Items": "409.5"}, "12/31/2020": {"Duration": "12/31/2020", "Total Revenue": "1,321,891", "Cost of Revenue": "398,509", "Gross Profit": "923,382", "Operating Expense": "690,682", "Operating Income": "232,700", "Net Non Operating Interest Income Expense": "-97,804", "Other Income Expense": "1,643", "Pretax Income": "136,539", "Tax Provision": "7,051", "Net Income Common Stockholders": "129,488", "Diluted NI Available to Com Stockholders": "129,488", "Basic EPS": "1.91", "Diluted EPS": "1.90", "Basic Average Shares": "67,962", "Diluted Average Shares": "68,102", "Total Operating Income as Reported": "232,700", "Total Expenses": "1,089,191", "Interest Income": "3,174", "Interest Expense": "100,978", "Net Interest Income": "-97,804", "Net Income from Continuing & Discontinued Operation": "129,488", "Normalized Income": "122,023", "EBIT": "237,517", "EBITDA": "-", "Reconciled Cost of Revenue": "398,509", "Reconciled Depreciation": "224,223", "Net Income from Continuing Operation Net Minority Interest": "129,488", "Total Unusual Items Excluding Goodwill": "7,875", "Total Unusual Items": "7,875", "Normalized EBITDA": "453,865", "Tax Rate for Calcs": "0", "Tax Effect of Unusual Items": "409.5"}, "12/31/2019": {"Duration": "12/31/2019", "Total Revenue": "1,345,622", "Cost of Revenue": "439,817", "Gross Profit": "905,805", "Operating Expense": "675,741", "Operating Income": "230,064", "Net Non Operating Interest Income Expense": "-96,133", "Other Income Expense": "94,206", "Pretax Income": "228,137", "Tax Provision": "31,374", "Net Income Common Stockholders": "196,979", "Diluted NI Available to Com Stockholders": "196,979", "Basic EPS": "2.98", "Diluted EPS": "2.97", "Basic Average Shares": "66,205", "Diluted Average Shares": "66,329", "Total Operating Income as Reported": "210,389", "Total Expenses": "1,115,558", "Interest Income": "4,047", "Interest Expense": "100,180", "Net Interest Income": "-96,133", "Net Income from Continuing & Discontinued Operation": "196,979", "Normalized Income": "107,151", "EBIT": "328,317", "EBITDA": "-", "Reconciled Cost of Revenue": "439,817", "Reconciled Depreciation": "205,994", "Net Income from Continuing Operation Net Minority Interest": "196,979", "Total Unusual Items Excluding Goodwill": "104,209", "Total Unusual Items": "104,209", "Normalized EBITDA": "430,102", "Tax Rate for Calcs": "0", "Tax Effect of Unusual Items": "14,381"}, "12/31/2018": {"Duration": "12/31/2018", "Total Revenue": "1,396,893", "Cost of Revenue": "494,736", "Gross Profit": "902,157", "Operating Expense": "637,326", "Operating Income": "264,831", "Net Non Operating Interest Income Expense": "-93,297", "Other Income Expense": "-8,876", "Pretax Income": "162,658", "Tax Provision": "26,060", "Net Income Common Stockholders": "136,429", "Diluted NI Available to Com Stockholders": "136,429", "Basic EPS": "2.08", "Diluted EPS": "2.07", "Basic Average Shares": "65,673", "Diluted Average Shares": "65,946", "Total Operating Income as Reported": "261,113", "Total Expenses": "1,132,062", "Interest Income": "3,700", "Interest Expense": "96,997", "Net Interest Income": "-93,297", "Net Income from Continuing & Discontinued Operation": "136,429", "Normalized Income": "138,557", "EBIT": "259,655", "EBITDA": "-", "Reconciled Cost of Revenue": "491,094", "Reconciled Depreciation": "187,318", "Net Income from Continuing Operation Net Minority Interest": "136,429", "Total Unusual Items Excluding Goodwill": "-2,533", "Total Unusual Items": "-2,533", "Normalized EBITDA": "449,506", "Tax Rate for Calcs": "0", "Tax Effect of Unusual Items": "-405.28"}}, "bs": {"12/31/2020": {"Duration": "12/31/2020", "Total Assets": "6,402,097", "Total Liabilities Net Minority Interest": "4,372,371", "Total Equity Gross Minority Interest": "2,029,726", "Total Capitalization": "4,089,807", "Common Stock Equity": "2,029,726", "Capital Lease Obligations": "123,715", "Net Tangible Assets": "1,977,300", "Working Capital": "-161,902", "Invested Capital": "4,292,807", "Tangible Book Value": "1,977,300", "Total Debt": "2,386,796", "Net Debt": "2,248,885", "Share Issued": "69,239", "Ordinary Shares Number": "69,239"}, "12/31/2019": {"Duration": "12/31/2019", "Total Assets": "6,082,456", "Total Liabilities Net Minority Interest": "4,143,172", "Total Equity Gross Minority Interest": "1,939,284", "Total Capitalization": "3,834,599", "Common Stock Equity": "1,939,284", "Capital Lease Obligations": "117,315", "Net Tangible Assets": "1,886,858", "Working Capital": "-225,584", "Invested Capital": "4,072,399", "Tangible Book Value": "1,886,858", "Total Debt": "2,250,430", "Net Debt": "2,123,219", "Share Issued": "67,177", "Ordinary Shares Number": "67,177"}, "12/31/2018": {"Duration": "12/31/2018", "Total Assets": "5,782,576", "Total Liabilities Net Minority Interest": "4,008,531", "Total Equity Gross Minority Interest": "1,774,045", "Total Capitalization": "3,580,296", "Common Stock Equity": "1,773,220", "Capital Lease Obligations": "-", "Net Tangible Assets": "1,715,548", "Working Capital": "-292,661", "Invested Capital": "3,877,941", "Tangible Book Value": "1,715,548", "Total Debt": "2,104,721", "Net Debt": "2,090,065", "Share Issued": "65,688", "Ordinary Shares Number": "65,688"}}, "cf": {"TTM": {"Duration": "TTM", "Operating Cash Flow": "331,004", "Investing Cash Flow": "-410,743", "Financing Cash Flow": "84,039", "End Cash Position": "14,196", "Income Tax Paid Supplemental Data": "1,901", "Interest Paid Supplemental Data": "97,717", "Capital Expenditure": "-404,306", "Issuance of Capital Stock": "72,200", "Issuance of Debt": "165,000", "Repayment of Debt": "-54,800", "Free Cash Flow": "-73,302"}, "12/31/2020": {"Duration": "12/31/2020", "Operating Cash Flow": "331,004", "Investing Cash Flow": "-410,743", "Financing Cash Flow": "84,039", "End Cash Position": "14,196", "Income Tax Paid Supplemental Data": "1,901", "Interest Paid Supplemental Data": "97,717", "Capital Expenditure": "-404,306", "Issuance of Capital Stock": "72,200", "Issuance of Debt": "165,000", "Repayment of Debt": "-54,800", "Free Cash Flow": "-73,302"}, "12/31/2019": {"Duration": "12/31/2019", "Operating Cash Flow": "398,212", "Investing Cash Flow": "-445,511", "Financing Cash Flow": "42,539", "End Cash Position": "9,896", "Income Tax Paid Supplemental Data": "26,764", "Interest Paid Supplemental Data": "99,060", "Capital Expenditure": "-442,510", "Issuance of Capital Stock": "64,573", "Issuance of Debt": "180,000", "Repayment of Debt": "-92,660", "Free Cash Flow": "-44,298"}, "12/31/2018": {"Duration": "12/31/2018", "Operating Cash Flow": "361,885", "Investing Cash Flow": "-440,432", "Financing Cash Flow": "77,031", "End Cash Position": "14,656", "Income Tax Paid Supplemental Data": "17,801", "Interest Paid Supplemental Data": "97,437", "Capital Expenditure": "-424,350", "Issuance of Capital Stock": "1,207", "Issuance of Debt": "374,621", "Repayment of Debt": "-277,438", "Free Cash Flow": "-62,465"}}}}, {"ALE": {"quote": {"05/08/2021": {"value": "71.41", "Market Cap": "3.726B", "Beta (5Y Monthly)": "N/A", "PE Ratio (TTM)": "23.32", "EPS (TTM)": "3.06", "Earnings Date": "Aug 03, 2021 - Aug 09, 2021", "Forward Dividend & Yield": "2.52 (3.53%)", "Ex-Dividend Date": "May 13, 2021", "1y Target Est": "70.40"}}, "fin": {"TTM": {"Duration": "TTM", "Total Revenue": "1,169,100", "Cost of Revenue": "744,300", "Gross Profit": "424,800", "Operating Expense": "273,900", "Operating Income": "150,900", "Net Non Operating Interest Income Expense": "-64,000", "Other Income Expense": "35,200", "Pretax Income": "122,100", "Tax Provision": "-39,500", "Net Income Common Stockholders": "174,200", "Diluted NI Available to Com Stockholders": "174,200", "Basic EPS": "-", "Diluted EPS": "-", "Basic Average Shares": "-", "Diluted Average Shares": "-", "Total Operating Income as Reported": "150,900", "Total Expenses": "1,018,200", "Interest Income": "1,600", "Interest Expense": "65,600", "Net Interest Income": "-64,000", "Net Income from Continuing & Discontinued Operation": "174,200", "Normalized Income": "172,521", "EBIT": "187,700", "EBITDA": "415,800", "Reconciled Cost of Revenue": "734,000", "Reconciled Depreciation": "228,100", "Net Income from Continuing Operation Net Minority Interest": "174,200", "Total Unusual Items Excluding Goodwill": "2,300", "Total Unusual Items": "2,300", "Normalized EBITDA": "413,500", "Tax Rate for Calcs": "0", "Tax Effect of Unusual Items": "621"}, "12/31/2020": {"Duration": "12/31/2020", "Total Revenue": "1,169,100", "Cost of Revenue": "744,300", "Gross Profit": "424,800", "Operating Expense": "273,900", "Operating Income": "150,900", "Net Non Operating Interest Income Expense": "-64,000", "Other Income Expense": "35,200", "Pretax Income": "122,100", "Tax Provision": "-39,500", "Net Income Common Stockholders": "174,200", "Diluted NI Available to Com Stockholders": "174,200", "Basic EPS": "3.36", "Diluted EPS": "3.35", "Basic Average Shares": "51,900", "Diluted Average Shares": "51,900", "Total Operating Income as Reported": "150,900", "Total Expenses": "1,018,200", "Interest Income": "1,600", "Interest Expense": "65,600", "Net Interest Income": "-64,000", "Net Income from Continuing & Discontinued Operation": "174,200", "Normalized Income": "172,521", "EBIT": "187,700", "EBITDA": "-", "Reconciled Cost of Revenue": "734,000", "Reconciled Depreciation": "228,100", "Net Income from Continuing Operation Net Minority Interest": "174,200", "Total Unusual Items Excluding Goodwill": "2,300", "Total Unusual Items": "2,300", "Normalized EBITDA": "413,500", "Tax Rate for Calcs": "0", "Tax Effect of Unusual Items": "621"}, "12/31/2019": {"Duration": "12/31/2019", "Total Revenue": "1,240,500", "Cost of Revenue": "805,400", "Gross Profit": "435,100", "Operating Expense": "255,300", "Operating Income": "179,800", "Net Non Operating Interest Income Expense": "-60,500", "Other Income Expense": "59,600", "Pretax Income": "178,900", "Tax Provision": "-6,600", "Net Income Common Stockholders": "185,600", "Diluted NI Available to Com Stockholders": "185,600", "Basic EPS": "3.59", "Diluted EPS": "3.59", "Basic Average Shares": "51,600", "Diluted Average Shares": "51,700", "Total Operating Income as Reported": "179,800", "Total Expenses": "1,060,700", "Interest Income": "4,400", "Interest Expense": "64,900", "Net Interest Income": "-60,500", "Net Income from Continuing & Discontinued Operation": "185,600", "Normalized Income": "158,636", "EBIT": "243,800", "EBITDA": "-", "Reconciled Cost of Revenue": "793,800", "Reconciled Depreciation": "213,600", "Net Income from Continuing Operation Net Minority Interest": "185,600", "Total Unusual Items Excluding Goodwill": "28,000", "Total Unusual Items": "28,000", "Normalized EBITDA": "429,400", "Tax Rate for Calcs": "0", "Tax Effect of Unusual Items": "1,036"}, "12/31/2018": {"Duration": "12/31/2018", "Total Revenue": "1,498,600", "Cost of Revenue": "1,035,900", "Gross Profit": "462,700", "Operating Expense": "263,500", "Operating Income": "199,200", "Net Non Operating Interest Income Expense": "-67,900", "Other Income Expense": "27,300", "Pretax Income": "158,600", "Tax Provision": "-15,500", "Net Income Common Stockholders": "174,100", "Diluted NI Available to Com Stockholders": "174,100", "Basic EPS": "3.39", "Diluted EPS": "3.38", "Basic Average Shares": "51,300", "Diluted Average Shares": "51,500", "Total Operating Income as Reported": "201,200", "Total Expenses": "1,299,400", "Interest Income": "-", "Interest Expense": "67,900", "Net Interest Income": "-67,900", "Net Income from Continuing & Discontinued Operation": "174,100", "Normalized Income": "172,640", "EBIT": "226,500", "EBITDA": "-", "Reconciled Cost of Revenue": "1,031,000", "Reconciled Depreciation": "210,500", "Net Income from Continuing Operation Net Minority Interest": "174,100", "Total Unusual Items Excluding Goodwill": "2,000", "Total Unusual Items": "2,000", "Normalized EBITDA": "435,000", "Tax Rate for Calcs": "0", "Tax Effect of Unusual Items": "540"}}, "bs": {"12/31/2020": {"Duration": "12/31/2020", "Total Assets": "6,084,600", "Total Liabilities Net Minority Interest": "3,284,400", "Total Equity Gross Minority Interest": "2,800,200", "Total Capitalization": "3,887,800", "Common Stock Equity": "2,294,600", "Capital Lease Obligations": "22,400", "Net Tangible Assets": "2,294,600", "Working Capital": "-204,700", "Invested Capital": "4,091,500", "Tangible Book Value": "2,294,600", "Total Debt": "1,819,300", "Net Debt": "1,752,600", "Share Issued": "52,100", "Ordinary Shares Number": "52,100"}, "12/31/2019": {"Duration": "12/31/2019", "Total Assets": "5,482,800", "Total Liabilities Net Minority Interest": "3,147,200", "Total Equity Gross Minority Interest": "2,335,600", "Total Capitalization": "3,632,800", "Common Stock Equity": "2,231,900", "Capital Lease Obligations": "28,700", "Net Tangible Assets": "2,230,900", "Working Capital": "-237,900", "Invested Capital": "3,845,700", "Tangible Book Value": "2,230,900", "Total Debt": "1,642,500", "Net Debt": "1,544,500", "Share Issued": "51,679", "Ordinary Shares Number": "51,679"}, "12/31/2018": {"Duration": "12/31/2018", "Total Assets": "5,165,000", "Total Liabilities Net Minority Interest": "3,009,200", "Total Equity Gross Minority Interest": "2,155,800", "Total Capitalization": "3,584,300", "Common Stock Equity": "2,155,800", "Capital Lease Obligations": "-", "Net Tangible Assets": "1,932,500", "Working Capital": "-70,800", "Invested Capital": "3,641,800", "Tangible Book Value": "1,932,500", "Total Debt": "1,486,000", "Net Debt": "1,416,900", "Share Issued": "51,500", "Ordinary Shares Number": "51,500"}}, "cf": {"TTM": {"Duration": "TTM", "Operating Cash Flow": "299,800", "Investing Cash Flow": "-812,800", "Financing Cash Flow": "485,700", "End Cash Position": "65,200", "Capital Expenditure": "-717,800", "Issuance of Capital Stock": "18,100", "Issuance of Debt": "672,400", "Repayment of Debt": "-488,600", "Free Cash Flow": "-418,000"}, "12/31/2020": {"Duration": "12/31/2020", "Operating Cash Flow": "299,800", "Investing Cash Flow": "-812,800", "Financing Cash Flow": "485,700", "End Cash Position": "65,200", "Capital Expenditure": "-717,800", "Issuance of Capital Stock": "18,100", "Issuance of Debt": "672,400", "Repayment of Debt": "-488,600", "Free Cash Flow": "-418,000"}, "12/31/2019": {"Duration": "12/31/2019", "Operating Cash Flow": "249,500", "Investing Cash Flow": "-345,300", "Financing Cash Flow": "109,300", "End Cash Position": "92,500", "Capital Expenditure": "-597,100", "Issuance of Capital Stock": "1,900", "Issuance of Debt": "201,900", "Repayment of Debt": "-72,200", "Free Cash Flow": "-347,600"}, "12/31/2018": {"Duration": "12/31/2018", "Operating Cash Flow": "433,100", "Investing Cash Flow": "-349,000", "Financing Cash Flow": "-115,200", "End Cash Position": "79,000", "Capital Expenditure": "-312,400", "Issuance of Capital Stock": "20,300", "Issuance of Debt": "75,600", "Repayment of Debt": "-95,500", "Free Cash Flow": "120,700"}}}}, {"BIP": {"quote": {"05/08/2021": {"value": "53.52", "Market Cap": "15.622B", "Beta (5Y Monthly)": "N/A", "PE Ratio (TTM)": "93.89", "EPS (TTM)": "0.57", "Earnings Date": "Aug 03, 2021 - Aug 09, 2021", "Forward Dividend & Yield": "2.04 (3.81%)", "Ex-Dividend Date": "Feb 25, 2021", "1y Target Est": "58.50"}}, "fin": {"TTM": {"Duration": "TTM", "Total Revenue": "8,885,000", "Cost of Revenue": "4,843,000", "Gross Profit": "4,042,000", "Operating Expense": "2,017,000", "Operating Income": "2,025,000", "Net Non Operating Interest Income Expense": "-1,179,000", "Other Income Expense": "349,000", "Pretax Income": "1,195,000", "Tax Provision": "291,000", "Net Income Common Stockholders": "141,000", "Diluted NI Available to Com Stockholders": "141,000", "Basic EPS": "-", "Diluted EPS": "-", "Basic Average Shares": "-", "Diluted Average Shares": "-", "Total Operating Income as Reported": "-", "Total Expenses": "6,860,000", "Interest Expense": "1,039,000", "Net Interest Income": "-1,179,000", "Net Income from Continuing & Discontinued Operation": "324,000", "Normalized Income": "336,104", "EBIT": "2,234,000", "EBITDA": "3,939,000", "Reconciled Cost of Revenue": "4,843,000", "Reconciled Depreciation": "1,705,000", "Net Income from Continuing Operation Net Minority Interest": "324,000", "Total Unusual Items Excluding Goodwill": "-16,000", "Total Unusual Items": "-16,000", "Normalized EBITDA": "3,955,000", "Tax Rate for Calcs": "0", "Tax Effect of Unusual Items": "-3,896"}, "12/31/2020": {"Duration": "12/31/2020", "Total Revenue": "8,885,000", "Cost of Revenue": "4,843,000", "Gross Profit": "4,042,000", "Operating Expense": "2,017,000", "Operating Income": "2,025,000", "Net Non Operating Interest Income Expense": "-1,179,000", "Other Income Expense": "349,000", "Pretax Income": "1,195,000", "Tax Provision": "291,000", "Net Income Common Stockholders": "141,000", "Diluted NI Available to Com Stockholders": "141,000", "Basic EPS": "-", "Diluted EPS": "-", "Basic Average Shares": "-", "Diluted Average Shares": "-", "Total Operating Income as Reported": "-", "Total Expenses": "6,860,000", "Interest Expense": "1,039,000", "Net Interest Income": "-1,179,000", "Net Income from Continuing & Discontinued Operation": "324,000", "Normalized Income": "336,104", "EBIT": "2,234,000", "EBITDA": "-", "Reconciled Cost of Revenue": "4,843,000", "Reconciled Depreciation": "1,705,000", "Net Income from Continuing Operation Net Minority Interest": "324,000", "Total Unusual Items Excluding Goodwill": "-16,000", "Total Unusual Items": "-16,000", "Normalized EBITDA": "3,955,000", "Tax Rate for Calcs": "0", "Tax Effect of Unusual Items": "-3,896"}, "12/31/2019": {"Duration": "12/31/2019", "Total Revenue": "6,597,000", "Cost of Revenue": "3,395,000", "Gross Profit": "3,202,000", "Operating Expense": "1,493,000", "Operating Income": "1,709,000", "Net Non Operating Interest Income Expense": "-904,000", "Other Income Expense": "123,000", "Pretax Income": "928,000", "Tax Provision": "278,000", "Net Income Common Stockholders": "52,000", "Diluted NI Available to Com Stockholders": "52,000", "Basic EPS": "0.07", "Diluted EPS": "0.07", "Basic Average Shares": "285,600", "Diluted Average Shares": "285,600", "Total Operating Income as Reported": "-", "Total Expenses": "4,888,000", "Interest Expense": "821,000", "Net Interest Income": "-904,000", "Net Income from Continuing & Discontinued Operation": "211,000", "Normalized Income": "171,075", "EBIT": "1,749,000", "EBITDA": "-", "Reconciled Cost of Revenue": "3,395,000", "Reconciled Depreciation": "1,214,000", "Net Income from Continuing Operation Net Minority Interest": "211,000", "Total Unusual Items Excluding Goodwill": "57,000", "Total Unusual Items": "57,000", "Normalized EBITDA": "2,906,000", "Tax Rate for Calcs": "0", "Tax Effect of Unusual Items": "17,075"}, "12/31/2018": {"Duration": "12/31/2018", "Total Revenue": "4,652,000", "Cost of Revenue": "2,208,000", "Gross Profit": "2,444,000", "Operating Expense": "1,024,000", "Operating Income": "1,420,000", "Net Non Operating Interest Income Expense": "-555,000", "Other Income Expense": "305,000", "Pretax Income": "1,170,000", "Tax Provision": "364,000", "Net Income Common Stockholders": "192,000", "Diluted NI Available to Com Stockholders": "192,000", "Basic EPS": "0.59", "Diluted EPS": "0.59", "Basic Average Shares": "276,900", "Diluted Average Shares": "276,900", "Total Operating Income as Reported": "-", "Total Expenses": "3,232,000", "Interest Expense": "543,000", "Net Interest Income": "-555,000", "Net Income from Continuing & Discontinued Operation": "329,000", "Normalized Income": "1,778", "EBIT": "1,713,000", "EBITDA": "-", "Reconciled Cost of Revenue": "2,208,000", "Reconciled Depreciation": "801,000", "Net Income from Continuing Operation Net Minority Interest": "329,000", "Total Unusual Items Excluding Goodwill": "475,000", "Total Unusual Items": "475,000", "Normalized EBITDA": "2,039,000", "Tax Rate for Calcs": "0", "Tax Effect of Unusual Items": "147,778"}}, "bs": {"12/31/2020": {"Duration": "12/31/2020", "Total Assets": "61,331,000", "Total Liabilities Net Minority Interest": "39,658,000", "Total Equity Gross Minority Interest": "21,673,000", "Total Capitalization": "27,093,000", "Common Stock Equity": "5,382,000", "Capital Lease Obligations": "3,803,000", "Net Tangible Assets": "-18,401,000", "Working Capital": "-1,813,000", "Invested Capital": "28,778,000", "Tangible Book Value": "-13,019,000", "Total Debt": "27,199,000", "Net Debt": "22,654,000", "Share Issued": "295,430", "Ordinary Shares Number": "295,430", "Preferred Shares Number": "57,868"}, "12/31/2019": {"Duration": "12/31/2019", "Total Assets": "56,308,000", "Total Liabilities Net Minority Interest": "34,131,000", "Total Equity Gross Minority Interest": "22,177,000", "Total Capitalization": "25,645,000", "Common Stock Equity": "6,007,000", "Capital Lease Obligations": "1,803,000", "Net Tangible Assets": "-20,939,000", "Working Capital": "402,000", "Invested Capital": "27,026,000", "Tangible Book Value": "-14,932,000", "Total Debt": "22,822,000", "Net Debt": "20,320,000", "Share Issued": "293,529", "Ordinary Shares Number": "293,529", "Preferred Shares Number": "49,868"}, "12/31/2018": {"Duration": "12/31/2018", "Total Assets": "36,580,000", "Total Liabilities Net Minority Interest": "21,912,000", "Total Equity Gross Minority Interest": "14,668,000", "Total Capitalization": "19,592,000", "Common Stock Equity": "5,471,000", "Capital Lease Obligations": "-", "Net Tangible Assets": "-15,494,000", "Working Capital": "-141,000", "Invested Capital": "20,577,000", "Tangible Book Value": "-10,023,000", "Total Debt": "15,106,000", "Net Debt": "14,716,000", "Share Issued": "277,348", "Ordinary Shares Number": "277,348", "Preferred Shares Number": "49,930"}}, "cf": {"TTM": {"Duration": "TTM", "Operating Cash Flow": "2,530,000", "Investing Cash Flow": "-4,609,000", "Financing Cash Flow": "2,126,000", "End Cash Position": "867,000", "Capital Expenditure": "-1,472,000", "Issuance of Capital Stock": "204,000", "Issuance of Debt": "9,036,000", "Repayment of Debt": "-7,528,000", "Repurchase of Capital Stock": "-", "Free Cash Flow": "1,058,000"}, "12/31/2020": {"Duration": "12/31/2020", "Operating Cash Flow": "2,530,000", "Investing Cash Flow": "-4,609,000", "Financing Cash Flow": "2,126,000", "End Cash Position": "867,000", "Capital Expenditure": "-1,472,000", "Issuance of Capital Stock": "204,000", "Issuance of Debt": "9,036,000", "Repayment of Debt": "-7,528,000", "Repurchase of Capital Stock": "-", "Free Cash Flow": "1,058,000"}, "12/31/2019": {"Duration": "12/31/2019", "Operating Cash Flow": "2,143,000", "Investing Cash Flow": "-11,372,000", "Financing Cash Flow": "9,542,000", "End Cash Position": "827,000", "Capital Expenditure": "-1,182,000", "Issuance of Capital Stock": "853,000", "Issuance of Debt": "13,652,000", "Repayment of Debt": "-9,787,000", "Repurchase of Capital Stock": "-", "Free Cash Flow": "961,000"}, "12/31/2018": {"Duration": "12/31/2018", "Operating Cash Flow": "1,362,000", "Investing Cash Flow": "-5,564,000", "Financing Cash Flow": "4,418,000", "End Cash Position": "540,000", "Capital Expenditure": "-839,000", "Issuance of Capital Stock": "355,000", "Issuance of Debt": "7,281,000", "Repayment of Debt": "-3,326,000", "Repurchase of Capital Stock": "-30,000", "Free Cash Flow": "523,000"}}}}, {"BEP": {"quote": {"05/08/2021": {"value": "37.05", "Market Cap": "10.17B", "Beta (5Y Monthly)": "0.67", "PE Ratio (TTM)": "N/A", "EPS (TTM)": "-0.85", "Earnings Date": "N/A", "Forward Dividend & Yield": "1.19 (3.20%)", "Ex-Dividend Date": "May 27, 2021", "1y Target Est": "35.63"}}, "fin": {"TTM": {"Duration": "TTM", "Total Revenue": "3,781,000", "Cost of Revenue": "1,339,000", "Gross Profit": "2,442,000", "Operating Expense": "1,905,000", "Operating Income": "537,000", "Net Non Operating Interest Income Expense": "-923,000", "Other Income Expense": "-10,000", "Pretax Income": "-396,000", "Tax Provision": "-207,000", "Net Income Common Stockholders": "-252,000", "Diluted NI Available to Com Stockholders": "-252,000", "Basic EPS": "-", "Diluted EPS": "-", "Basic Average Shares": "-", "Diluted Average Shares": "-", "Total Expenses": "3,244,000", "Interest Income": "-", "Interest Expense": "970,000", "Net Interest Income": "-923,000", "Net Income from Continuing & Discontinued Operation": "-196,000", "Normalized Income": "-250,000", "EBIT": "574,000", "EBITDA": "1,972,000", "Reconciled Cost of Revenue": "1,339,000", "Reconciled Depreciation": "1,398,000", "Net Income from Continuing Operation Net Minority Interest": "-196,000", "Total Unusual Items Excluding Goodwill": "90,000", "Total Unusual Items": "90,000", "Normalized EBITDA": "1,882,000", "Tax Rate for Calcs": "0", "Tax Effect of Unusual Items": "36,000"}, "12/31/2020": {"Duration": "12/31/2020", "Total Revenue": "3,810,000", "Cost of Revenue": "1,274,000", "Gross Profit": "2,536,000", "Operating Expense": "1,833,000", "Operating Income": "703,000", "Net Non Operating Interest Income Expense": "-929,000", "Other Income Expense": "34,000", "Pretax Income": "-192,000", "Tax Provision": "-147,000", "Net Income Common Stockholders": "-184,000", "Diluted NI Available to Com Stockholders": "-184,000", "Basic EPS": "-", "Diluted EPS": "-", "Basic Average Shares": "-", "Diluted Average Shares": "-", "Total Expenses": "3,107,000", "Interest Income": "47,000", "Interest Expense": "976,000", "Net Interest Income": "-929,000", "Net Income from Continuing & Discontinued Operation": "-130,000", "Normalized Income": "-175,260", "EBIT": "784,000", "EBITDA": "-", "Reconciled Cost of Revenue": "1,274,000", "Reconciled Depreciation": "1,367,000", "Net Income from Continuing Operation Net Minority Interest": "-130,000", "Total Unusual Items Excluding Goodwill": "62,000", "Total Unusual Items": "62,000", "Normalized EBITDA": "2,089,000", "Tax Rate for Calcs": "0", "Tax Effect of Unusual Items": "16,740"}, "12/31/2019": {"Duration": "12/31/2019", "Total Revenue": "2,980,000", "Cost of Revenue": "1,012,000", "Gross Profit": "1,968,000", "Operating Expense": "892,000", "Operating Income": "1,076,000", "Net Non Operating Interest Income Expense": "-653,000", "Other Income Expense": "-99,000", "Pretax Income": "324,000", "Tax Provision": "51,000", "Net Income Common Stockholders": "-34,000", "Diluted NI Available to Com Stockholders": "-34,000", "Basic EPS": "-0.40", "Diluted EPS": "-0.40", "Basic Average Shares": "220,000", "Diluted Average Shares": "220,000", "Total Expenses": "1,904,000", "Interest Income": "29,000", "Interest Expense": "682,000", "Net Interest Income": "-653,000", "Net Income from Continuing & Discontinued Operation": "10,000", "Normalized Income": "56,343", "EBIT": "1,006,000", "EBITDA": "-", "Reconciled Cost of Revenue": "1,012,000", "Reconciled Depreciation": "798,000", "Net Income from Continuing Operation Net Minority Interest": "10,000", "Total Unusual Items Excluding Goodwill": "-55,000", "Total Unusual Items": "-55,000", "Normalized EBITDA": "1,859,000", "Tax Rate for Calcs": "0", "Tax Effect of Unusual Items": "-8,657"}, "12/31/2018": {"Duration": "12/31/2018", "Total Revenue": "2,982,000", "Cost of Revenue": "1,036,000", "Gross Profit": "1,946,000", "Operating Expense": "899,000", "Operating Income": "1,047,000", "Net Non Operating Interest Income Expense": "-683,000", "Other Income Expense": "-20,000", "Pretax Income": "344,000", "Tax Provision": "-59,000", "Net Income Common Stockholders": "24,000", "Diluted NI Available to Com Stockholders": "24,000", "Basic EPS": "0.09", "Diluted EPS": "0.09", "Basic Average Shares": "268,232", "Diluted Average Shares": "268,232", "Total Expenses": "1,935,000", "Interest Income": "22,000", "Interest Expense": "705,000", "Net Interest Income": "-683,000", "Net Income from Continuing & Discontinued Operation": "62,000", "Normalized Income": "99,960", "EBIT": "1,049,000", "EBITDA": "-", "Reconciled Cost of Revenue": "1,036,000", "Reconciled Depreciation": "819,000", "Net Income from Continuing Operation Net Minority Interest": "62,000", "Total Unusual Items Excluding Goodwill": "-52,000", "Total Unusual Items": "-52,000", "Normalized EBITDA": "1,920,000", "Tax Rate for Calcs": "0", "Tax Effect of Unusual Items": "-14,040"}}, "bs": {"12/31/2020": {"Duration": "12/31/2020", "Total Assets": "49,722,000", "Total Liabilities Net Minority Interest": "27,955,000", "Total Equity Gross Minority Interest": "21,767,000", "Total Capitalization": "21,811,000", "Common Stock Equity": "4,873,000", "Capital Lease Obligations": "438,000", "Net Tangible Assets": "-1,202,000", "Working Capital": "-1,134,000", "Invested Capital": "22,955,000", "Tangible Book Value": "3,671,000", "Total Debt": "18,520,000", "Net Debt": "17,651,000", "Share Issued": "274,838", "Ordinary Shares Number": "274,838", "Preferred Shares Number": "52,890"}, "12/31/2019": {"Duration": "12/31/2019", "Total Assets": "35,691,000", "Total Liabilities Net Minority Interest": "17,560,000", "Total Equity Gross Minority Interest": "18,131,000", "Total Capitalization": "15,728,000", "Common Stock Equity": "5,409,000", "Capital Lease Obligations": "133,000", "Net Tangible Assets": "-831,000", "Working Capital": "-204,000", "Invested Capital": "16,413,000", "Tangible Book Value": "4,578,000", "Total Debt": "11,137,000", "Net Debt": "10,889,000", "Share Issued": "268,467", "Ordinary Shares Number": "268,467", "Preferred Shares Number": "44,890"}, "12/31/2018": {"Duration": "12/31/2018", "Total Assets": "34,103,000", "Total Liabilities Net Minority Interest": "16,897,000", "Total Equity Gross Minority Interest": "17,206,000", "Total Capitalization": "15,414,000", "Common Stock Equity": "5,191,000", "Capital Lease Obligations": "-", "Net Tangible Assets": "-839,000", "Working Capital": "272,000", "Invested Capital": "15,909,000", "Tangible Book Value": "4,352,000", "Total Debt": "10,718,000", "Net Debt": "10,545,000", "Share Issued": "268,232", "Ordinary Shares Number": "268,232", "Preferred Shares Number": "37,890"}}, "cf": {"TTM": {"Duration": "TTM", "Operating Cash Flow": "1,188,000", "Investing Cash Flow": "-2,051,000", "Financing Cash Flow": "686,000", "End Cash Position": "372,000", "Income Tax Paid Supplemental Data": "60,000", "Interest Paid Supplemental Data": "876,000", "Capital Expenditure": "-671,000", "Issuance of Capital Stock": "0", "Issuance of Debt": "4,927,000", "Repayment of Debt": "-3,910,000", "Repurchase of Capital Stock": "-", "Free Cash Flow": "517,000"}, "12/31/2020": {"Duration": "12/31/2020", "Operating Cash Flow": "1,296,000", "Investing Cash Flow": "-426,000", "Financing Cash Flow": "-792,000", "End Cash Position": "431,000", "Income Tax Paid Supplemental Data": "70,000", "Interest Paid Supplemental Data": "872,000", "Capital Expenditure": "-447,000", "Issuance of Capital Stock": "195,000", "Issuance of Debt": "4,095,000", "Repayment of Debt": "-4,008,000", "Repurchase of Capital Stock": "0", "Free Cash Flow": "849,000"}, "12/31/2019": {"Duration": "12/31/2019", "Operating Cash Flow": "1,212,000", "Investing Cash Flow": "-251,000", "Financing Cash Flow": "-1,010,000", "End Cash Position": "115,000", "Income Tax Paid Supplemental Data": "70,000", "Interest Paid Supplemental Data": "636,000", "Capital Expenditure": "-195,000", "Issuance of Capital Stock": "126,000", "Issuance of Debt": "3,144,000", "Repayment of Debt": "-3,119,000", "Repurchase of Capital Stock": "-1,000", "Free Cash Flow": "1,017,000"}, "12/31/2018": {"Duration": "12/31/2018", "Operating Cash Flow": "1,103,000", "Investing Cash Flow": "-624,000", "Financing Cash Flow": "-1,080,000", "End Cash Position": "173,000", "Income Tax Paid Supplemental Data": "68,000", "Interest Paid Supplemental Data": "665,000", "Capital Expenditure": "-235,000", "Issuance of Capital Stock": "196,000", "Issuance of Debt": "3,461,000", "Repayment of Debt": "-3,727,000", "Repurchase of Capital Stock": "-51,000", "Free Cash Flow": "868,000"}}}}, {"EXC": {"quote": {"05/08/2021": {"value": "44.68", "Market Cap": "43.66B", "Beta (5Y Monthly)": "0.43", "PE Ratio (TTM)": "40.25", "EPS (TTM)": "1.11", "Earnings Date": "Aug 02, 2021 - Aug 06, 2021", "Forward Dividend & Yield": "1.53 (3.42%)", "Ex-Dividend Date": "May 13, 2021", "1y Target Est": "49.58"}}, "fin": {"TTM": {"Duration": "TTM", "Total Revenue": "34,182,000", "Cost of Revenue": "25,388,000", "Gross Profit": "8,794,000", "Operating Expense": "7,405,000", "Operating Income": "1,389,000", "Net Non Operating Interest Income Expense": "-1,611,000", "Other Income Expense": "2,188,000", "Pretax Income": "1,966,000", "Tax Provision": "648,000", "Earnings from Equity Interest Net of Tax": "-4,000", "Net Income Common Stockholders": "1,092,000", "Diluted NI Available to Com Stockholders": "1,092,000", "Basic EPS": "-", "Diluted EPS": "-", "Basic Average Shares": "-", "Diluted Average Shares": "-", "Total Operating Income as Reported": "1,482,000", "Total Expenses": "32,793,000", "Interest Expense": "1,611,000", "Net Interest Income": "-1,611,000", "Net Income from Continuing & Discontinued Operation": "1,092,000", "Normalized Income": "1,029,653", "EBIT": "3,577,000", "EBITDA": "10,830,000", "Reconciled Cost of Revenue": "23,825,000", "Reconciled Depreciation": "7,253,000", "Net Income from Continuing Operation Net Minority Interest": "1,092,000", "Total Unusual Items Excluding Goodwill": "93,000", "Total Unusual Items": "93,000", "Normalized EBITDA": "10,737,000", "Tax Rate for Calcs": "0", "Tax Effect of Unusual Items": "30,653"}, "12/31/2020": {"Duration": "12/31/2020", "Total Revenue": "33,039,000", "Cost of Revenue": "23,512,000", "Gross Profit": "9,527,000", "Operating Expense": "6,728,000", "Operating Income": "2,799,000", "Net Non Operating Interest Income Expense": "-1,635,000", "Other Income Expense": "1,169,000", "Pretax Income": "2,333,000", "Tax Provision": "373,000", "Earnings from Equity Interest Net of Tax": "-6,000", "Net Income Common Stockholders": "1,963,000", "Diluted NI Available to Com Stockholders": "1,963,000", "Basic EPS": "-", "Diluted EPS": "-", "Basic Average Shares": "-", "Diluted Average Shares": "-", "Total Operating Income as Reported": "2,823,000", "Total Expenses": "30,240,000", "Interest Expense": "1,635,000", "Net Interest Income": "-1,635,000", "Net Income from Continuing & Discontinued Operation": "1,963,000", "Normalized Income": "1,942,837", "EBIT": "3,968,000", "EBITDA": "-", "Reconciled Cost of Revenue": "21,999,000", "Reconciled Depreciation": "6,527,000", "Net Income from Continuing Operation Net Minority Interest": "1,963,000", "Total Unusual Items Excluding Goodwill": "24,000", "Total Unusual Items": "24,000", "Normalized EBITDA": "10,471,000", "Tax Rate for Calcs": "0", "Tax Effect of Unusual Items": "3,837"}, "12/31/2019": {"Duration": "12/31/2019", "Total Revenue": "34,438,000", "Cost of Revenue": "24,112,000", "Gross Profit": "10,326,000", "Operating Expense": "5,984,000", "Operating Income": "4,342,000", "Net Non Operating Interest Income Expense": "-1,616,000", "Other Income Expense": "1,259,000", "Pretax Income": "3,985,000", "Tax Provision": "774,000", "Earnings from Equity Interest Net of Tax": "-183,000", "Net Income Common Stockholders": "2,936,000", "Diluted NI Available to Com Stockholders": "2,936,000", "Basic EPS": "3.02", "Diluted EPS": "3.01", "Basic Average Shares": "973,000", "Diluted Average Shares": "974,000", "Total Operating Income as Reported": "4,374,000", "Total Expenses": "30,096,000", "Interest Expense": "1,616,000", "Net Interest Income": "-1,616,000", "Net Income from Continuing & Discontinued Operation": "2,936,000", "Normalized Income": "2,910,215", "EBIT": "5,601,000", "EBITDA": "-", "Reconciled Cost of Revenue": "22,584,000", "Reconciled Depreciation": "5,780,000", "Net Income from Continuing Operation Net Minority Interest": "2,936,000", "Total Unusual Items Excluding Goodwill": "32,000", "Total Unusual Items": "32,000", "Normalized EBITDA": "11,349,000", "Tax Rate for Calcs": "0", "Tax Effect of Unusual Items": "6,215"}, "12/31/2018": {"Duration": "12/31/2018", "Total Revenue": "35,985,000", "Cost of Revenue": "26,007,000", "Gross Profit": "9,978,000", "Operating Expense": "6,136,000", "Operating Income": "3,842,000", "Net Non Operating Interest Income Expense": "-1,554,000", "Other Income Expense": "-56,000", "Pretax Income": "2,232,000", "Tax Provision": "120,000", "Earnings from Equity Interest Net of Tax": "-28,000", "Net Income Common Stockholders": "2,010,000", "Diluted NI Available to Com Stockholders": "2,010,000", "Basic EPS": "2.08", "Diluted EPS": "2.07", "Basic Average Shares": "967,000", "Diluted Average Shares": "969,000", "Total Operating Income as Reported": "3,898,000", "Total Expenses": "32,143,000", "Interest Expense": "1,554,000", "Net Interest Income": "-1,554,000", "Net Income from Continuing & Discontinued Operation": "2,010,000", "Normalized Income": "1,957,011", "EBIT": "3,786,000", "EBITDA": "-", "Reconciled Cost of Revenue": "24,389,000", "Reconciled Depreciation": "5,971,000", "Net Income from Continuing Operation Net Minority Interest": "2,010,000", "Total Unusual Items Excluding Goodwill": "56,000", "Total Unusual Items": "56,000", "Normalized EBITDA": "9,701,000", "Tax Rate for Calcs": "0", "Tax Effect of Unusual Items": "3,011"}}, "bs": {"12/31/2020": {"Duration": "12/31/2020", "Total Assets": "129,317,000", "Total Liabilities Net Minority Interest": "94,449,000", "Total Equity Gross Minority Interest": "34,868,000", "Total Capitalization": "68,068,000", "Common Stock Equity": "32,585,000", "Net Tangible Assets": "25,908,000", "Working Capital": "-209,000", "Invested Capital": "71,918,000", "Tangible Book Value": "25,908,000", "Total Debt": "39,333,000", "Net Debt": "38,670,000", "Share Issued": "978,000", "Ordinary Shares Number": "976,000", "Treasury Shares Number": "2,000"}, "12/31/2019": {"Duration": "12/31/2019", "Total Assets": "124,977,000", "Total Liabilities Net Minority Interest": "90,404,000", "Total Equity Gross Minority Interest": "34,573,000", "Total Capitalization": "63,943,000", "Common Stock Equity": "32,224,000", "Net Tangible Assets": "25,373,000", "Working Capital": "-2,148,000", "Invested Capital": "70,023,000", "Tangible Book Value": "25,373,000", "Total Debt": "37,799,000", "Net Debt": "37,212,000", "Share Issued": "975,000", "Ordinary Shares Number": "973,000", "Treasury Shares Number": "2,000"}, "12/31/2018": {"Duration": "12/31/2018", "Total Assets": "119,666,000", "Total Liabilities Net Minority Interest": "86,596,000", "Total Equity Gross Minority Interest": "33,070,000", "Total Capitalization": "65,229,000", "Common Stock Equity": "30,764,000", "Net Tangible Assets": "23,969,000", "Working Capital": "1,956,000", "Invested Capital": "67,292,000", "Tangible Book Value": "23,969,000", "Total Debt": "36,528,000", "Net Debt": "34,932,000", "Share Issued": "970,000", "Ordinary Shares Number": "968,000", "Treasury Shares Number": "2,000"}}, "cf": {"TTM": {"Duration": "TTM", "Operating Cash Flow": "1,894,000", "Investing Cash Flow": "-2,166,000", "Financing Cash Flow": "614,000", "End Cash Position": "2,334,000", "Capital Expenditure": "-8,172,000", "Issuance of Capital Stock": "-", "Issuance of Debt": "7,709,000", "Repayment of Debt": "-5,487,000", "Repurchase of Capital Stock": "-", "Free Cash Flow": "-6,278,000"}, "12/31/2020": {"Duration": "12/31/2020", "Operating Cash Flow": "4,235,000", "Investing Cash Flow": "-4,336,000", "Financing Cash Flow": "145,000", "End Cash Position": "1,166,000", "Capital Expenditure": "-8,048,000", "Issuance of Capital Stock": "-", "Issuance of Debt": "8,168,000", "Repayment of Debt": "-6,440,000", "Repurchase of Capital Stock": "-", "Free Cash Flow": "-3,813,000"}, "12/31/2019": {"Duration": "12/31/2019", "Operating Cash Flow": "6,659,000", "Investing Cash Flow": "-7,260,000", "Financing Cash Flow": "-58,000", "End Cash Position": "1,122,000", "Capital Expenditure": "-7,248,000", "Issuance of Capital Stock": "0", "Issuance of Debt": "2,732,000", "Repayment of Debt": "-1,412,000", "Repurchase of Capital Stock": "-", "Free Cash Flow": "-589,000"}, "12/31/2018": {"Duration": "12/31/2018", "Operating Cash Flow": "8,644,000", "Investing Cash Flow": "-7,834,000", "Financing Cash Flow": "-219,000", "End Cash Position": "1,781,000", "Capital Expenditure": "-7,594,000", "Issuance of Capital Stock": "0", "Issuance of Debt": "3,241,000", "Repayment of Debt": "-2,125,000", "Repurchase of Capital Stock": "0", "Free Cash Flow": "1,050,000"}}}}, {"FCEL": {"quote": {"05/08/2021": {"value": "8.18", "Market Cap": "2.637B", "Beta (5Y Monthly)": "5.02", "PE Ratio (TTM)": "N/A", "EPS (TTM)": "-0.40", "Earnings Date": "Jun 10, 2021 - Jun 14, 2021", "Forward Dividend & Yield": "N/A (N/A)", "Ex-Dividend Date": "N/A", "1y Target Est": "11.96"}}, "fin": {"TTM": {"Duration": "TTM", "Total Revenue": "69,484", "Cost of Revenue": "84,108", "Gross Profit": "-14,624", "Operating Expense": "35,775", "Operating Income": "-50,399", "Net Non Operating Interest Income Expense": "-14,562", "Other Income Expense": "-29,929", "Pretax Income": "-94,890", "Tax Provision": "26", "Net Income Common Stockholders": "-98,116", "Diluted NI Available to Com Stockholders": "-98,116", "Basic EPS": "-", "Diluted EPS": "-", "Basic Average Shares": "-", "Diluted Average Shares": "-", "Total Operating Income as Reported": "-50,399", "Total Expenses": "119,883", "Net Income from Continuing & Discontinued Operation": "-94,916", "Normalized Income": "-77,454", "Interest Expense": "14,562", "Net Interest Income": "-14,562", "EBIT": "-80,328", "EBITDA": "-59,977", "Reconciled Cost of Revenue": "84,108", "Reconciled Depreciation": "20,351", "Net Income from Continuing Operation Net Minority Interest": "-94,916", "Total Unusual Items Excluding Goodwill": "-29,104", "Total Unusual Items": "-29,104", "Normalized EBITDA": "-30,873", "Tax Rate for Calcs": "0", "Tax Effect of Unusual Items": "-11,642"}, "10/31/2020": {"Duration": "10/31/2020", "Total Revenue": "70,871", "Cost of Revenue": "78,596", "Gross Profit": "-7,725", "Operating Expense": "31,441", "Operating Income": "-39,166", "Net Non Operating Interest Income Expense": "-15,294", "Other Income Expense": "-34,601", "Pretax Income": "-89,061", "Tax Provision": "46", "Net Income Common Stockholders": "-92,438", "Diluted NI Available to Com Stockholders": "-92,438", "Basic EPS": "-0.42", "Diluted EPS": "-0.42", "Basic Average Shares": "221,960", "Diluted Average Shares": "221,960", "Total Operating Income as Reported": "-39,166", "Total Expenses": "110,037", "Net Income from Continuing & Discontinued Operation": "-89,107", "Normalized Income": "-63,349", "Interest Expense": "15,294", "Net Interest Income": "-15,294", "EBIT": "-73,767", "EBITDA": "-", "Reconciled Cost of Revenue": "78,596", "Reconciled Depreciation": "19,377", "Net Income from Continuing Operation Net Minority Interest": "-89,107", "Total Unusual Items Excluding Goodwill": "-35,285", "Total Unusual Items": "-35,285", "Normalized EBITDA": "-19,105", "Tax Rate for Calcs": "0", "Tax Effect of Unusual Items": "-9,527"}, "10/31/2019": {"Duration": "10/31/2019", "Total Revenue": "60,752", "Cost of Revenue": "82,021", "Gross Profit": "-21,269", "Operating Expense": "45,660", "Operating Income": "-66,929", "Net Non Operating Interest Income Expense": "-10,623", "Other Income Expense": "93", "Pretax Income": "-77,459", "Tax Provision": "109", "Net Income Common Stockholders": "-100,245", "Diluted NI Available to Com Stockholders": "-100,245", "Basic EPS": "-1.82", "Diluted EPS": "-1.82", "Basic Average Shares": "55,081", "Diluted Average Shares": "55,081", "Total Operating Income as Reported": "-66,929", "Total Expenses": "127,681", "Net Income from Continuing & Discontinued Operation": "-77,568", "Normalized Income": "-77,568", "Interest Expense": "10,623", "Net Interest Income": "-10,623", "EBIT": "-66,836", "EBITDA": "-", "Reconciled Cost of Revenue": "82,021", "Reconciled Depreciation": "12,353", "Net Income from Continuing Operation Net Minority Interest": "-77,568", "Total Unusual Items Excluding Goodwill": "0", "Total Unusual Items": "0", "Normalized EBITDA": "-54,483", "Tax Rate for Calcs": "0", "Tax Effect of Unusual Items": "0"}, "10/31/2018": {"Duration": "10/31/2018", "Total Revenue": "89,437", "Cost of Revenue": "86,344", "Gross Profit": "3,093", "Operating Expense": "47,725", "Operating Income": "-44,632", "Net Non Operating Interest Income Expense": "-9,055", "Other Income Expense": "3,338", "Pretax Income": "-50,349", "Tax Provision": "-3,015", "Net Income Common Stockholders": "-62,168", "Diluted NI Available to Com Stockholders": "-62,168", "Basic EPS": "-9.00", "Diluted EPS": "-9.00", "Basic Average Shares": "6,896", "Diluted Average Shares": "6,896", "Total Operating Income as Reported": "-44,632", "Total Expenses": "134,069", "Net Income from Continuing & Discontinued Operation": "-47,334", "Normalized Income": "-47,334", "Interest Expense": "9,055", "Net Interest Income": "-9,055", "EBIT": "-41,294", "EBITDA": "-", "Reconciled Cost of Revenue": "86,344", "Reconciled Depreciation": "8,648", "Net Income from Continuing Operation Net Minority Interest": "-47,334", "Total Unusual Items Excluding Goodwill": "0", "Total Unusual Items": "0", "Normalized EBITDA": "-32,646", "Tax Rate for Calcs": "0", "Tax Effect of Unusual Items": "0"}}, "bs": {"10/31/2020": {"Duration": "10/31/2020", "Total Assets": "523,538", "Total Liabilities Net Minority Interest": "328,990", "Total Equity Gross Minority Interest": "194,548", "Total Capitalization": "345,199", "Preferred Stock Equity": "59,857", "Common Stock Equity": "194,548", "Capital Lease Obligations": "10,756", "Net Tangible Assets": "170,506", "Working Capital": "175,082", "Invested Capital": "366,565", "Tangible Book Value": "170,506", "Total Debt": "182,773", "Net Debt": "22,150", "Share Issued": "294,763", "Ordinary Shares Number": "294,707", "Treasury Shares Number": "56.411"}, "10/31/2019": {"Duration": "10/31/2019", "Total Assets": "333,446", "Total Liabilities Net Minority Interest": "257,709", "Total Equity Gross Minority Interest": "75,737", "Total Capitalization": "165,877", "Preferred Stock Equity": "59,857", "Common Stock Equity": "75,737", "Capital Lease Obligations": "-", "Net Tangible Assets": "50,398", "Working Capital": "21,587", "Invested Capital": "187,793", "Tangible Book Value": "50,398", "Total Debt": "112,056", "Net Debt": "102,622", "Share Issued": "193,651", "Ordinary Shares Number": "193,609", "Treasury Shares Number": "42.496"}, "10/31/2018": {"Duration": "10/31/2018", "Total Assets": "340,421", "Total Liabilities Net Minority Interest": "223,355", "Total Equity Gross Minority Interest": "117,066", "Total Capitalization": "188,685", "Preferred Stock Equity": "34,872", "Common Stock Equity": "82,194", "Capital Lease Obligations": "-", "Net Tangible Assets": "103,399", "Working Capital": "70,182", "Invested Capital": "171,409", "Tangible Book Value": "68,527", "Total Debt": "89,215", "Net Debt": "49,924", "Share Issued": "7,986", "Ordinary Shares Number": "7,973", "Treasury Shares Number": "13.042"}}, "cf": {"TTM": {"Duration": "TTM", "Operating Cash Flow": "-60,592", "Investing Cash Flow": "-28,812", "Financing Cash Flow": "225,070", "End Cash Position": "209,579", "Capital Expenditure": "-522", "Issuance of Capital Stock": "326,714", "Issuance of Debt": "20,895", "Repayment of Debt": "-96,874", "Free Cash Flow": "-61,114"}, "10/31/2020": {"Duration": "10/31/2020", "Operating Cash Flow": "-36,781", "Investing Cash Flow": "-32,520", "Financing Cash Flow": "221,667", "End Cash Position": "192,052", "Capital Expenditure": "-382", "Issuance of Capital Stock": "173,199", "Issuance of Debt": "87,757", "Repayment of Debt": "-30,117", "Free Cash Flow": "-37,163"}, "10/31/2019": {"Duration": "10/31/2019", "Operating Cash Flow": "-30,572", "Investing Cash Flow": "-69,300", "Financing Cash Flow": "59,655", "End Cash Position": "39,778", "Capital Expenditure": "-2,151", "Issuance of Capital Stock": "43,596", "Issuance of Debt": "69,596", "Repayment of Debt": "-48,395", "Free Cash Flow": "-32,723"}, "10/31/2018": {"Duration": "10/31/2018", "Operating Cash Flow": "16,322", "Investing Cash Flow": "-51,260", "Financing Cash Flow": "27,717", "End Cash Position": "80,239", "Capital Expenditure": "-10,028", "Issuance of Capital Stock": "35,772", "Issuance of Debt": "13,091", "Repayment of Debt": "-16,616", "Free Cash Flow": "6,294"}}}}, {"NRG": {"quote": {"05/08/2021": {"value": "34.76", "Market Cap": "8.508B", "Beta (5Y Monthly)": "0.82", "PE Ratio (TTM)": "27.81", "EPS (TTM)": "1.25", "Earnings Date": "Aug 04, 2021 - Aug 09, 2021", "Forward Dividend & Yield": "1.30 (3.74%)", "Ex-Dividend Date": "Apr 30, 2021", "1y Target Est": "45.00"}}, "fin": {"TTM": {"Duration": "TTM", "Total Revenue": "9,093,000", "Cost of Revenue": "6,540,000", "Gross Profit": "2,553,000", "Operating Expense": "1,376,000", "Operating Income": "1,177,000", "Net Non Operating Interest Income Expense": "-401,000", "Other Income Expense": "-15,000", "Pretax Income": "761,000", "Tax Provision": "251,000", "Net Income Common Stockholders": "510,000", "Diluted NI Available to Com Stockholders": "510,000", "Basic EPS": "-", "Diluted EPS": "-", "Basic Average Shares": "-", "Diluted Average Shares": "-", "Total Operating Income as Reported": "1,105,000", "Total Expenses": "7,916,000", "Interest Expense": "401,000", "Net Interest Income": "-401,000", "Net Income from Continuing & Discontinued Operation": "510,000", "Normalized Income": "576,330", "EBIT": "1,162,000", "EBITDA": "1,651,000", "Reconciled Cost of Revenue": "6,486,000", "Reconciled Depreciation": "489,000", "Net Income from Continuing Operation Net Minority Interest": "510,000", "Total Unusual Items Excluding Goodwill": "-99,000", "Total Unusual Items": "-99,000", "Normalized EBITDA": "1,750,000", "Tax Rate for Calcs": "0", "Tax Effect of Unusual Items": "-32,670"}, "12/31/2020": {"Duration": "12/31/2020", "Total Revenue": "9,093,000", "Cost of Revenue": "6,540,000", "Gross Profit": "2,553,000", "Operating Expense": "1,376,000", "Operating Income": "1,177,000", "Net Non Operating Interest Income Expense": "-401,000", "Other Income Expense": "-15,000", "Pretax Income": "761,000", "Tax Provision": "251,000", "Net Income Common Stockholders": "510,000", "Diluted NI Available to Com Stockholders": "510,000", "Basic EPS": "2.08", "Diluted EPS": "2.07", "Basic Average Shares": "245,000", "Diluted Average Shares": "246,000", "Total Operating Income as Reported": "1,105,000", "Total Expenses": "7,916,000", "Interest Expense": "401,000", "Net Interest Income": "-401,000", "Net Income from Continuing & Discontinued Operation": "510,000", "Normalized Income": "576,330", "EBIT": "1,162,000", "EBITDA": "-", "Reconciled Cost of Revenue": "6,486,000", "Reconciled Depreciation": "489,000", "Net Income from Continuing Operation Net Minority Interest": "510,000", "Total Unusual Items Excluding Goodwill": "-99,000", "Total Unusual Items": "-99,000", "Normalized EBITDA": "1,750,000", "Tax Rate for Calcs": "0", "Tax Effect of Unusual Items": "-32,670"}, "12/31/2019": {"Duration": "12/31/2019", "Total Revenue": "9,821,000", "Cost of Revenue": "7,303,000", "Gross Profit": "2,518,000", "Operating Expense": "1,207,000", "Operating Income": "1,311,000", "Net Non Operating Interest Income Expense": "-413,000", "Other Income Expense": "-112,000", "Pretax Income": "786,000", "Tax Provision": "-3,334,000", "Net Income Common Stockholders": "4,438,000", "Diluted NI Available to Com Stockholders": "4,438,000", "Basic EPS": "16.94", "Diluted EPS": "16.81", "Basic Average Shares": "262,000", "Diluted Average Shares": "264,000", "Total Operating Income as Reported": "1,290,000", "Total Expenses": "8,510,000", "Interest Expense": "413,000", "Net Interest Income": "-413,000", "Net Income from Continuing & Discontinued Operation": "4,438,000", "Normalized Income": "4,248,400", "EBIT": "1,199,000", "EBITDA": "-", "Reconciled Cost of Revenue": "7,251,000", "Reconciled Depreciation": "425,000", "Net Income from Continuing Operation Net Minority Interest": "4,117,000", "Total Unusual Items Excluding Goodwill": "-180,000", "Total Unusual Items": "-180,000", "Normalized EBITDA": "1,804,000", "Tax Rate for Calcs": "0", "Tax Effect of Unusual Items": "-48,600"}, "12/31/2018": {"Duration": "12/31/2018", "Total Revenue": "9,478,000", "Cost of Revenue": "7,108,000", "Gross Profit": "2,370,000", "Operating Expense": "1,231,000", "Operating Income": "1,139,000", "Net Non Operating Interest Income Expense": "-483,000", "Other Income Expense": "-189,000", "Pretax Income": "467,000", "Tax Provision": "7,000", "Net Income Common Stockholders": "268,000", "Diluted NI Available to Com Stockholders": "268,000", "Basic EPS": "0.88", "Diluted EPS": "0.87", "Basic Average Shares": "304,000", "Diluted Average Shares": "308,000", "Total Operating Income as Reported": "982,000", "Total Expenses": "8,339,000", "Interest Expense": "483,000", "Net Interest Income": "-483,000", "Net Income from Continuing & Discontinued Operation": "268,000", "Normalized Income": "672,760", "EBIT": "950,000", "EBITDA": "-", "Reconciled Cost of Revenue": "6,977,000", "Reconciled Depreciation": "552,000", "Net Income from Continuing Operation Net Minority Interest": "460,000", "Total Unusual Items Excluding Goodwill": "-216,000", "Total Unusual Items": "-216,000", "Normalized EBITDA": "1,718,000", "Tax Rate for Calcs": "0", "Tax Effect of Unusual Items": "-3,240"}}, "bs": {"12/31/2020": {"Duration": "12/31/2020", "Total Assets": "14,902,000", "Total Liabilities Net Minority Interest": "13,222,000", "Total Equity Gross Minority Interest": "1,680,000", "Total Capitalization": "10,371,000", "Common Stock Equity": "1,680,000", "Capital Lease Obligations": "347,000", "Net Tangible Assets": "433,000", "Working Capital": "4,113,000", "Invested Capital": "10,372,000", "Tangible Book Value": "433,000", "Total Debt": "9,039,000", "Net Debt": "4,787,000", "Share Issued": "423,058", "Ordinary Shares Number": "244,232", "Treasury Shares Number": "178,826"}, "12/31/2019": {"Duration": "12/31/2019", "Total Assets": "12,531,000", "Total Liabilities Net Minority Interest": "10,873,000", "Total Equity Gross Minority Interest": "1,658,000", "Total Capitalization": "7,461,000", "Common Stock Equity": "1,658,000", "Capital Lease Obligations": "556,000", "Net Tangible Assets": "290,000", "Working Capital": "729,000", "Invested Capital": "7,549,000", "Tangible Book Value": "290,000", "Total Debt": "6,447,000", "Net Debt": "5,546,000", "Share Issued": "421,891", "Ordinary Shares Number": "248,996", "Treasury Shares Number": "172,895"}, "12/31/2018": {"Duration": "12/31/2018", "Total Assets": "10,628,000", "Total Liabilities Net Minority Interest": "11,862,000", "Total Equity Gross Minority Interest": "-1,234,000", "Total Capitalization": "5,215,000", "Common Stock Equity": "-1,234,000", "Capital Lease Obligations": "-", "Net Tangible Assets": "-2,398,000", "Working Capital": "1,202,000", "Invested Capital": "5,287,000", "Tangible Book Value": "-2,398,000", "Total Debt": "6,521,000", "Net Debt": "5,958,000", "Share Issued": "420,289", "Ordinary Shares Number": "283,650", "Treasury Shares Number": "136,639"}}, "cf": {"TTM": {"Duration": "TTM", "Operating Cash Flow": "1,837,000", "Investing Cash Flow": "-494,000", "Financing Cash Flow": "2,204,000", "Cash Flow from Discontinued Operation": "0", "End Cash Position": "3,930,000", "Capital Expenditure": "-230,000", "Issuance of Capital Stock": "1,000", "Issuance of Debt": "3,151,000", "Repayment of Debt": "-335,000", "Repurchase of Capital Stock": "-229,000", "Free Cash Flow": "1,607,000"}, "12/31/2020": {"Duration": "12/31/2020", "Operating Cash Flow": "1,837,000", "Investing Cash Flow": "-494,000", "Financing Cash Flow": "2,204,000", "Cash Flow from Discontinued Operation": "0", "End Cash Position": "3,930,000", "Capital Expenditure": "-230,000", "Issuance of Capital Stock": "1,000", "Issuance of Debt": "3,151,000", "Repayment of Debt": "-335,000", "Repurchase of Capital Stock": "-229,000", "Free Cash Flow": "1,607,000"}, "12/31/2019": {"Duration": "12/31/2019", "Operating Cash Flow": "1,413,000", "Investing Cash Flow": "556,000", "Financing Cash Flow": "-2,148,000", "Cash Flow from Discontinued Operation": "-49,000", "End Cash Position": "385,000", "Capital Expenditure": "-228,000", "Issuance of Capital Stock": "-", "Issuance of Debt": "1,916,000", "Repayment of Debt": "-2,571,000", "Repurchase of Capital Stock": "-1,437,000", "Free Cash Flow": "1,185,000"}, "12/31/2018": {"Duration": "12/31/2018", "Operating Cash Flow": "1,377,000", "Investing Cash Flow": "-205,000", "Financing Cash Flow": "-1,526,000", "Cash Flow from Discontinued Operation": "-120,000", "End Cash Position": "613,000", "Capital Expenditure": "-388,000", "Issuance of Capital Stock": "21,000", "Issuance of Debt": "1,100,000", "Repayment of Debt": "-1,734,000", "Repurchase of Capital Stock": "-1,250,000", "Free Cash Flow": "989,000"}}}}, {"PEG": {"quote": {"05/08/2021": {"value": "63.15", "Market Cap": "31.921B", "Beta (5Y Monthly)": "0.56", "PE Ratio (TTM)": "15.18", "EPS (TTM)": "4.16", "Earnings Date": "Jul 29, 2021 - Aug 02, 2021", "Forward Dividend & Yield": "2.04 (3.23%)", "Ex-Dividend Date": "Jun 07, 2021", "1y Target Est": "67.10"}}, "fin": {"TTM": {"Duration": "TTM", "Total Revenue": "9,711,000", "Cost of Revenue": "6,318,000", "Gross Profit": "3,393,000", "Operating Expense": "1,319,000", "Operating Income": "2,074,000", "Net Non Operating Interest Income Expense": "-577,000", "Other Income Expense": "1,077,000", "Pretax Income": "2,574,000", "Tax Provision": "469,000", "Net Income Common Stockholders": "2,105,000", "Diluted NI Available to Com Stockholders": "2,105,000", "Basic EPS": "-", "Diluted EPS": "-", "Basic Average Shares": "-", "Diluted Average Shares": "-", "Total Operating Income as Reported": "2,214,000", "Total Expenses": "7,637,000", "Interest Income": "14,000", "Interest Expense": "591,000", "Net Interest Income": "-577,000", "Net Income from Continuing & Discontinued Operation": "2,105,000", "Normalized Income": "1,456,490", "EBIT": "3,165,000", "EBITDA": "4,653,000", "Reconciled Cost of Revenue": "6,132,000", "Reconciled Depreciation": "1,488,000", "Net Income from Continuing Operation Net Minority Interest": "2,105,000", "Total Unusual Items Excluding Goodwill": "793,000", "Total Unusual Items": "793,000", "Normalized EBITDA": "3,860,000", "Tax Rate for Calcs": "0", "Tax Effect of Unusual Items": "144,490"}, "12/31/2020": {"Duration": "12/31/2020", "Total Revenue": "9,603,000", "Cost of Revenue": "6,171,000", "Gross Profit": "3,432,000", "Operating Expense": "1,321,000", "Operating Income": "2,111,000", "Net Non Operating Interest Income Expense": "-585,000", "Other Income Expense": "775,000", "Pretax Income": "2,301,000", "Tax Provision": "396,000", "Net Income Common Stockholders": "1,905,000", "Diluted NI Available to Com Stockholders": "1,905,000", "Basic EPS": "-", "Diluted EPS": "-", "Basic Average Shares": "-", "Diluted Average Shares": "-", "Total Operating Income as Reported": "2,270,000", "Total Expenses": "7,492,000", "Interest Income": "15,000", "Interest Expense": "600,000", "Net Interest Income": "-585,000", "Net Income from Continuing & Discontinued Operation": "1,905,000", "Normalized Income": "1,481,064", "EBIT": "2,901,000", "EBITDA": "-", "Reconciled Cost of Revenue": "5,987,000", "Reconciled Depreciation": "1,469,000", "Net Income from Continuing Operation Net Minority Interest": "1,905,000", "Total Unusual Items Excluding Goodwill": "512,000", "Total Unusual Items": "512,000", "Normalized EBITDA": "3,858,000", "Tax Rate for Calcs": "0", "Tax Effect of Unusual Items": "88,064"}, "12/31/2019": {"Duration": "12/31/2019", "Total Revenue": "10,076,000", "Cost of Revenue": "6,483,000", "Gross Profit": "3,593,000", "Operating Expense": "1,248,000", "Operating Income": "2,345,000", "Net Non Operating Interest Income Expense": "-553,000", "Other Income Expense": "158,000", "Pretax Income": "1,950,000", "Tax Provision": "257,000", "Net Income Common Stockholders": "1,693,000", "Diluted NI Available to Com Stockholders": "1,693,000", "Basic EPS": "3.33", "Diluted EPS": "3.33", "Basic Average Shares": "504,000", "Diluted Average Shares": "507,000", "Total Operating Income as Reported": "1,943,000", "Total Expenses": "7,731,000", "Interest Income": "16,000", "Interest Expense": "569,000", "Net Interest Income": "-553,000", "Net Income from Continuing & Discontinued Operation": "1,693,000", "Normalized Income": "1,725,124", "EBIT": "2,519,000", "EBITDA": "-", "Reconciled Cost of Revenue": "6,305,000", "Reconciled Depreciation": "1,426,000", "Net Income from Continuing Operation Net Minority Interest": "1,693,000", "Total Unusual Items Excluding Goodwill": "-37,000", "Total Unusual Items": "-37,000", "Normalized EBITDA": "3,982,000", "Tax Rate for Calcs": "0", "Tax Effect of Unusual Items": "-4,876"}, "12/31/2018": {"Duration": "12/31/2018", "Total Revenue": "9,696,000", "Cost of Revenue": "6,240,000", "Gross Profit": "3,456,000", "Operating Expense": "1,158,000", "Operating Income": "2,298,000", "Net Non Operating Interest Income Expense": "-458,000", "Other Income Expense": "15,000", "Pretax Income": "1,855,000", "Tax Provision": "417,000", "Net Income Common Stockholders": "1,438,000", "Diluted NI Available to Com Stockholders": "1,438,000", "Basic EPS": "2.83", "Diluted EPS": "2.83", "Basic Average Shares": "504,000", "Diluted Average Shares": "507,000", "Total Operating Income as Reported": "2,298,000", "Total Expenses": "7,398,000", "Interest Income": "18,000", "Interest Expense": "476,000", "Net Interest Income": "-458,000", "Net Income from Continuing & Discontinued Operation": "1,438,000", "Normalized Income": "1,479,850", "EBIT": "2,331,000", "EBITDA": "-", "Reconciled Cost of Revenue": "6,053,000", "Reconciled Depreciation": "1,345,000", "Net Income from Continuing Operation Net Minority Interest": "1,438,000", "Total Unusual Items Excluding Goodwill": "-54,000", "Total Unusual Items": "-54,000", "Normalized EBITDA": "3,730,000", "Tax Rate for Calcs": "0", "Tax Effect of Unusual Items": "-12,150"}}, "bs": {"12/31/2020": {"Duration": "12/31/2020", "Total Assets": "50,050,000", "Total Liabilities Net Minority Interest": "34,066,000", "Total Equity Gross Minority Interest": "15,984,000", "Total Capitalization": "30,480,000", "Common Stock Equity": "15,984,000", "Capital Lease Obligations": "252,000", "Net Tangible Assets": "15,826,000", "Working Capital": "-1,892,000", "Invested Capital": "33,227,000", "Tangible Book Value": "15,826,000", "Total Debt": "17,495,000", "Net Debt": "16,700,000", "Share Issued": "534,000", "Ordinary Shares Number": "504,000", "Treasury Shares Number": "30,000"}, "12/31/2019": {"Duration": "12/31/2019", "Total Assets": "47,730,000", "Total Liabilities Net Minority Interest": "32,641,000", "Total Equity Gross Minority Interest": "15,089,000", "Total Capitalization": "28,832,000", "Common Stock Equity": "15,089,000", "Capital Lease Obligations": "273,000", "Net Tangible Assets": "14,940,000", "Working Capital": "-1,816,000", "Invested Capital": "31,312,000", "Tangible Book Value": "14,940,000", "Total Debt": "16,496,000", "Net Debt": "16,076,000", "Share Issued": "534,000", "Ordinary Shares Number": "504,000", "Treasury Shares Number": "30,000"}, "12/31/2018": {"Duration": "12/31/2018", "Total Assets": "45,326,000", "Total Liabilities Net Minority Interest": "30,949,000", "Total Equity Gross Minority Interest": "14,377,000", "Total Capitalization": "27,545,000", "Common Stock Equity": "14,377,000", "Capital Lease Obligations": "-", "Net Tangible Assets": "14,218,000", "Working Capital": "-1,428,000", "Invested Capital": "29,855,000", "Tangible Book Value": "14,218,000", "Total Debt": "15,478,000", "Net Debt": "15,301,000", "Share Issued": "534,000", "Ordinary Shares Number": "504,000", "Treasury Shares Number": "30,000"}}, "cf": {"TTM": {"Duration": "TTM", "Operating Cash Flow": "2,976,000", "Investing Cash Flow": "-2,576,000", "Financing Cash Flow": "-401,000", "End Cash Position": "841,000", "Income Tax Paid Supplemental Data": "-", "Interest Paid Supplemental Data": "572,000", "Capital Expenditure": "-2,930,000", "Issuance of Debt": "3,750,000", "Repayment of Debt": "-3,062,000", "Free Cash Flow": "46,000"}, "12/31/2020": {"Duration": "12/31/2020", "Operating Cash Flow": "3,102,000", "Investing Cash Flow": "-2,676,000", "Financing Cash Flow": "-30,000", "End Cash Position": "572,000", "Income Tax Paid Supplemental Data": "297,000", "Interest Paid Supplemental Data": "568,000", "Capital Expenditure": "-3,034,000", "Issuance of Debt": "3,250,000", "Repayment of Debt": "-2,217,000", "Free Cash Flow": "68,000"}, "12/31/2019": {"Duration": "12/31/2019", "Operating Cash Flow": "3,379,000", "Investing Cash Flow": "-3,145,000", "Financing Cash Flow": "-257,000", "End Cash Position": "176,000", "Income Tax Paid Supplemental Data": "41,000", "Interest Paid Supplemental Data": "539,000", "Capital Expenditure": "-3,264,000", "Issuance of Debt": "1,900,000", "Repayment of Debt": "-1,250,000", "Free Cash Flow": "115,000"}, "12/31/2018": {"Duration": "12/31/2018", "Operating Cash Flow": "2,913,000", "Investing Cash Flow": "-3,916,000", "Financing Cash Flow": "887,000", "End Cash Position": "199,000", "Income Tax Paid Supplemental Data": "99,000", "Interest Paid Supplemental Data": "454,000", "Capital Expenditure": "-4,058,000", "Issuance of Debt": "2,750,000", "Repayment of Debt": "-1,350,000", "Free Cash Flow": "-1,145,000"}}}}, {"SRE": {"quote": {"05/08/2021": {"value": "137.82", "Market Cap": "41.727B", "Beta (5Y Monthly)": "0.65", "PE Ratio (TTM)": "10.49", "EPS (TTM)": "13.14", "Earnings Date": "Aug 03, 2021 - Aug 09, 2021", "Forward Dividend & Yield": "4.40 (3.19%)", "Ex-Dividend Date": "Mar 24, 2021", "1y Target Est": "150.09"}}, "fin": {"TTM": {"Duration": "TTM", "Total Revenue": "11,600,000", "Cost of Revenue": "6,543,000", "Gross Profit": "5,057,000", "Operating Expense": "2,255,000", "Operating Income": "2,802,000", "Net Non Operating Interest Income Expense": "-959,000", "Other Income Expense": "17,000", "Pretax Income": "1,860,000", "Tax Provision": "614,000", "Earnings from Equity Interest Net of Tax": "1,070,000", "Net Income Common Stockholders": "3,878,000", "Diluted NI Available to Com Stockholders": "3,852,000", "Basic EPS": "-", "Diluted EPS": "-", "Basic Average Shares": "-", "Diluted Average Shares": "-", "Total Expenses": "8,798,000", "Interest Income": "101,000", "Interest Expense": "1,060,000", "Net Interest Income": "-959,000", "Net Income from Continuing & Discontinued Operation": "4,032,000", "Normalized Income": "2,168,215", "EBIT": "2,920,000", "EBITDA": "4,616,000", "Reconciled Cost of Revenue": "6,543,000", "Reconciled Depreciation": "1,696,000", "Net Income from Continuing Operation Net Minority Interest": "2,262,000", "Total Unusual Items Excluding Goodwill": "140,000", "Total Unusual Items": "140,000", "Normalized EBITDA": "4,476,000", "Tax Rate for Calcs": "0", "Tax Effect of Unusual Items": "46,215"}, "12/31/2020": {"Duration": "12/31/2020", "Total Revenue": "11,370,000", "Cost of Revenue": "6,328,000", "Gross Profit": "5,042,000", "Operating Expense": "2,209,000", "Operating Income": "2,833,000", "Net Non Operating Interest Income Expense": "-971,000", "Other Income Expense": "-373,000", "Pretax Income": "1,489,000", "Tax Provision": "249,000", "Earnings from Equity Interest Net of Tax": "1,015,000", "Net Income Common Stockholders": "3,764,000", "Diluted NI Available to Com Stockholders": "3,764,000", "Basic EPS": "-", "Diluted EPS": "-", "Basic Average Shares": "-", "Diluted Average Shares": "-", "Total Expenses": "8,537,000", "Interest Income": "110,000", "Interest Expense": "1,081,000", "Net Interest Income": "-971,000", "Net Income from Continuing & Discontinued Operation": "3,933,000", "Normalized Income": "2,289,400", "EBIT": "2,570,000", "EBITDA": "-", "Reconciled Cost of Revenue": "6,328,000", "Reconciled Depreciation": "1,666,000", "Net Income from Continuing Operation Net Minority Interest": "2,083,000", "Total Unusual Items Excluding Goodwill": "-240,000", "Total Unusual Items": "-240,000", "Normalized EBITDA": "4,476,000", "Tax Rate for Calcs": "0", "Tax Effect of Unusual Items": "-33,600"}, "12/31/2019": {"Duration": "12/31/2019", "Total Revenue": "10,829,000", "Cost of Revenue": "6,137,000", "Gross Profit": "4,692,000", "Operating Expense": "2,065,000", "Operating Income": "2,627,000", "Net Non Operating Interest Income Expense": "-976,000", "Other Income Expense": "83,000", "Pretax Income": "1,734,000", "Tax Provision": "315,000", "Earnings from Equity Interest Net of Tax": "580,000", "Net Income Common Stockholders": "2,055,000", "Diluted NI Available to Com Stockholders": "2,055,000", "Basic EPS": "7.40", "Diluted EPS": "7.29", "Basic Average Shares": "277,904", "Diluted Average Shares": "282,033", "Total Expenses": "8,202,000", "Interest Income": "101,000", "Interest Expense": "1,077,000", "Net Interest Income": "-976,000", "Net Income from Continuing & Discontinued Operation": "2,198,000", "Normalized Income": "1,652,960", "EBIT": "2,811,000", "EBITDA": "-", "Reconciled Cost of Revenue": "6,137,000", "Reconciled Depreciation": "1,569,000", "Net Income from Continuing Operation Net Minority Interest": "1,835,000", "Total Unusual Items Excluding Goodwill": "222,000", "Total Unusual Items": "222,000", "Normalized EBITDA": "4,158,000", "Tax Rate for Calcs": "0", "Tax Effect of Unusual Items": "39,960"}, "12/31/2018": {"Duration": "12/31/2018", "Total Revenue": "11,687,000", "Cost of Revenue": "7,273,000", "Gross Profit": "4,414,000", "Operating Expense": "2,021,000", "Operating Income": "2,393,000", "Net Non Operating Interest Income Expense": "-819,000", "Other Income Expense": "-528,000", "Pretax Income": "1,046,000", "Tax Provision": "96,000", "Earnings from Equity Interest Net of Tax": "176,000", "Net Income Common Stockholders": "924,000", "Diluted NI Available to Com Stockholders": "924,000", "Basic EPS": "3.45", "Diluted EPS": "3.42", "Basic Average Shares": "268,072", "Diluted Average Shares": "269,852", "Total Expenses": "9,294,000", "Interest Income": "106,000", "Interest Expense": "925,000", "Net Interest Income": "-819,000", "Net Income from Continuing & Discontinued Operation": "1,050,000", "Normalized Income": "1,507,744", "EBIT": "1,971,000", "EBITDA": "-", "Reconciled Cost of Revenue": "7,273,000", "Reconciled Depreciation": "1,549,000", "Net Income from Continuing Operation Net Minority Interest": "1,050,000", "Total Unusual Items Excluding Goodwill": "-504,000", "Total Unusual Items": "-504,000", "Normalized EBITDA": "4,024,000", "Tax Rate for Calcs": "0", "Tax Effect of Unusual Items": "-46,256"}}, "bs": {"12/31/2020": {"Duration": "12/31/2020", "Total Assets": "66,623,000", "Total Liabilities Net Minority Interest": "41,689,000", "Total Equity Gross Minority Interest": "24,934,000", "Total Capitalization": "45,174,000", "Preferred Stock Equity": "3,147,000", "Common Stock Equity": "20,246,000", "Net Tangible Assets": "21,589,000", "Working Capital": "-2,328,000", "Invested Capital": "44,452,000", "Tangible Book Value": "18,442,000", "Total Debt": "24,206,000", "Net Debt": "23,246,000", "Share Issued": "288,470", "Ordinary Shares Number": "288,470", "Preferred Shares Number": "5,750"}, "12/31/2019": {"Duration": "12/31/2019", "Total Assets": "65,665,000", "Total Liabilities Net Minority Interest": "43,860,000", "Total Equity Gross Minority Interest": "21,805,000", "Total Capitalization": "40,734,000", "Preferred Stock Equity": "2,258,000", "Common Stock Equity": "17,691,000", "Net Tangible Assets": "18,134,000", "Working Capital": "-5,811,000", "Invested Capital": "43,507,000", "Tangible Book Value": "15,876,000", "Total Debt": "25,816,000", "Net Debt": "25,708,000", "Share Issued": "292,000", "Ordinary Shares Number": "292,000", "Preferred Shares Number": "23,000"}, "12/31/2018": {"Duration": "12/31/2018", "Total Assets": "60,638,000", "Total Liabilities Net Minority Interest": "41,390,000", "Total Equity Gross Minority Interest": "19,248,000", "Total Capitalization": "38,769,000", "Preferred Stock Equity": "2,258,000", "Common Stock Equity": "14,900,000", "Net Tangible Assets": "14,513,000", "Working Capital": "-3,878,000", "Invested Capital": "40,263,000", "Tangible Book Value": "12,255,000", "Total Debt": "25,363,000", "Net Debt": "25,173,000", "Share Issued": "274,000", "Ordinary Shares Number": "274,000", "Preferred Shares Number": "23,000"}}, "cf": {"TTM": {"Duration": "TTM", "Operating Cash Flow": "2,775,000", "Investing Cash Flow": "433,000", "Financing Cash Flow": "-4,894,000", "End Cash Position": "768,000", "Income Tax Paid Supplemental Data": "1,347,000", "Interest Paid Supplemental Data": "1,008,000", "Capital Expenditure": "-4,847,000", "Issuance of Capital Stock": "891,000", "Issuance of Debt": "3,339,000", "Repayment of Debt": "-5,524,000", "Repurchase of Capital Stock": "-546,000", "Free Cash Flow": "-2,072,000"}, "12/31/2020": {"Duration": "12/31/2020", "Operating Cash Flow": "2,591,000", "Investing Cash Flow": "553,000", "Financing Cash Flow": "-2,373,000", "End Cash Position": "985,000", "Income Tax Paid Supplemental Data": "1,385,000", "Interest Paid Supplemental Data": "1,046,000", "Capital Expenditure": "-4,676,000", "Issuance of Capital Stock": "902,000", "Issuance of Debt": "6,051,000", "Repayment of Debt": "-5,864,000", "Repurchase of Capital Stock": "-566,000", "Free Cash Flow": "-2,085,000"}, "12/31/2019": {"Duration": "12/31/2019", "Operating Cash Flow": "3,088,000", "Investing Cash Flow": "-4,593,000", "Financing Cash Flow": "1,475,000", "End Cash Position": "217,000", "Income Tax Paid Supplemental Data": "254,000", "Interest Paid Supplemental Data": "1,051,000", "Capital Expenditure": "-3,708,000", "Issuance of Capital Stock": "1,830,000", "Issuance of Debt": "4,296,000", "Repayment of Debt": "-3,667,000", "Repurchase of Capital Stock": "-26,000", "Free Cash Flow": "-620,000"}, "12/31/2018": {"Duration": "12/31/2018", "Operating Cash Flow": "3,447,000", "Investing Cash Flow": "-12,557,000", "Financing Cash Flow": "9,006,000", "End Cash Position": "246,000", "Income Tax Paid Supplemental Data": "174,000", "Interest Paid Supplemental Data": "812,000", "Capital Expenditure": "-3,784,000", "Issuance of Capital Stock": "4,530,000", "Issuance of Debt": "9,174,000", "Repayment of Debt": "-3,510,000", "Repurchase of Capital Stock": "-21,000", "Free Cash Flow": "-337,000"}}}}, {"WR": {"quote": {"05/08/2021": {"value": "", "Net Assets": "N/A", "Beta (5Y Monthly)": "N/A", "Yield": "N/A", "5y Average Return": "N/A", "Holdings Turnover": "N/A", "Last Dividend": "N/A", "Average for Category": "N/A", "Inception Date": "N/A"}}, "fin": {}, "bs": {}, "cf": {}}}, {"MGEE": {"quote": {"05/08/2021": {"value": "74.79", "Market Cap": "2.705B", "Beta (5Y Monthly)": "N/A", "PE Ratio (TTM)": "26.57", "EPS (TTM)": "2.82", "Earnings Date": "Aug 04, 2021 - Aug 09, 2021", "Forward Dividend & Yield": "1.48 (1.98%)", "Ex-Dividend Date": "Feb 26, 2021", "1y Target Est": "70.50"}}, "fin": {"TTM": {"Duration": "TTM", "Total Revenue": "538,633", "Cost of Revenue": "334,694", "Gross Profit": "203,939", "Operating Expense": "93,942", "Operating Income": "109,997", "Net Non Operating Interest Income Expense": "-23,521", "Other Income Expense": "25,365", "Pretax Income": "111,841", "Tax Provision": "19,423", "Net Income Common Stockholders": "92,418", "Diluted NI Available to Com Stockholders": "92,418", "Basic EPS": "-", "Diluted EPS": "-", "Basic Average Shares": "-", "Diluted Average Shares": "-", "Total Operating Income as Reported": "109,997", "Total Expenses": "428,636", "Interest Expense": "23,521", "Net Interest Income": "-23,521", "Net Income from Continuing & Discontinued Operation": "92,418", "Normalized Income": "92,418", "EBIT": "135,362", "EBITDA": "209,550", "Reconciled Cost of Revenue": "334,694", "Reconciled Depreciation": "74,188", "Net Income from Continuing Operation Net Minority Interest": "92,418", "Normalized EBITDA": "209,550", "Tax Rate for Calcs": "0", "Tax Effect of Unusual Items": "0"}, "12/31/2020": {"Duration": "12/31/2020", "Total Revenue": "538,633", "Cost of Revenue": "334,694", "Gross Profit": "203,939", "Operating Expense": "93,942", "Operating Income": "109,997", "Net Non Operating Interest Income Expense": "-23,521", "Other Income Expense": "25,365", "Pretax Income": "111,841", "Tax Provision": "19,423", "Net Income Common Stockholders": "92,418", "Diluted NI Available to Com Stockholders": "92,418", "Basic EPS": "-", "Diluted EPS": "-", "Basic Average Shares": "-", "Diluted Average Shares": "-", "Total Operating Income as Reported": "109,997", "Total Expenses": "428,636", "Interest Expense": "23,521", "Net Interest Income": "-23,521", "Net Income from Continuing & Discontinued Operation": "92,418", "Normalized Income": "92,418", "EBIT": "135,362", "EBITDA": "-", "Reconciled Cost of Revenue": "334,694", "Reconciled Depreciation": "74,188", "Net Income from Continuing Operation Net Minority Interest": "92,418", "Normalized EBITDA": "209,550", "Tax Rate for Calcs": "0", "Tax Effect of Unusual Items": "0"}, "12/31/2019": {"Duration": "12/31/2019", "Total Revenue": "568,855", "Cost of Revenue": "365,643", "Gross Profit": "203,212", "Operating Expense": "91,420", "Operating Income": "111,792", "Net Non Operating Interest Income Expense": "-24,298", "Other Income Expense": "10,703", "Pretax Income": "98,197", "Tax Provision": "17,418", "Net Income Common Stockholders": "58,430", "Diluted NI Available to Com Stockholders": "58,430", "Basic EPS": "2.51", "Diluted EPS": "2.51", "Basic Average Shares": "34,668", "Diluted Average Shares": "34,668", "Total Operating Income as Reported": "111,792", "Total Expenses": "457,063", "Interest Expense": "24,298", "Net Interest Income": "-24,298", "Net Income from Continuing & Discontinued Operation": "58,430", "Normalized Income": "58,430", "EBIT": "122,495", "EBITDA": "-", "Reconciled Cost of Revenue": "365,643", "Reconciled Depreciation": "71,562", "Net Income from Continuing Operation Net Minority Interest": "58,430", "Normalized EBITDA": "194,057", "Tax Rate for Calcs": "0", "Tax Effect of Unusual Items": "0"}, "12/31/2018": {"Duration": "12/31/2018", "Total Revenue": "559,768", "Cost of Revenue": "369,739", "Gross Profit": "190,029", "Operating Expense": "75,822", "Operating Income": "114,207", "Net Non Operating Interest Income Expense": "-19,609", "Other Income Expense": "17,055", "Pretax Income": "111,653", "Tax Provision": "27,434", "Net Income Common Stockholders": "84,219", "Diluted NI Available to Com Stockholders": "84,219", "Basic EPS": "2.43", "Diluted EPS": "2.43", "Basic Average Shares": "34,668", "Diluted Average Shares": "34,668", "Total Operating Income as Reported": "114,207", "Total Expenses": "445,561", "Interest Expense": "19,609", "Net Interest Income": "-19,609", "Net Income from Continuing & Discontinued Operation": "84,219", "Normalized Income": "84,219", "EBIT": "131,262", "EBITDA": "-", "Reconciled Cost of Revenue": "369,739", "Reconciled Depreciation": "56,412", "Net Income from Continuing Operation Net Minority Interest": "84,219", "Normalized EBITDA": "187,674", "Tax Rate for Calcs": "0", "Tax Effect of Unusual Items": "0"}}, "bs": {"12/31/2020": {"Duration": "12/31/2020", "Total Assets": "2,253,651", "Total Liabilities Net Minority Interest": "1,277,651", "Total Equity Gross Minority Interest": "976,000", "Total Capitalization": "1,495,303", "Common Stock Equity": "976,000", "Capital Lease Obligations": "17,532", "Net Tangible Assets": "976,000", "Working Capital": "18,593", "Invested Capital": "1,552,574", "Tangible Book Value": "976,000", "Total Debt": "594,106", "Net Debt": "531,836", "Share Issued": "36,163", "Ordinary Shares Number": "36,163"}, "12/31/2019": {"Duration": "12/31/2019", "Total Assets": "2,081,664", "Total Liabilities Net Minority Interest": "1,225,988", "Total Equity Gross Minority Interest": "855,676", "Total Capitalization": "1,379,417", "Common Stock Equity": "855,676", "Capital Lease Obligations": "17,379", "Net Tangible Assets": "855,676", "Working Capital": "52,821", "Invested Capital": "1,399,076", "Tangible Book Value": "855,676", "Total Debt": "560,779", "Net Debt": "519,919", "Share Issued": "34,668", "Ordinary Shares Number": "34,668"}, "12/31/2018": {"Duration": "12/31/2018", "Total Assets": "1,988,618", "Total Liabilities Net Minority Interest": "1,171,974", "Total Equity Gross Minority Interest": "816,644", "Total Capitalization": "1,309,987", "Common Stock Equity": "816,644", "Capital Lease Obligations": "-", "Net Tangible Assets": "816,644", "Working Capital": "119,932", "Invested Capital": "1,327,540", "Tangible Book Value": "816,644", "Total Debt": "510,896", "Net Debt": "427,794", "Share Issued": "34,668", "Ordinary Shares Number": "34,668"}}, "cf": {"TTM": {"Duration": "TTM", "Operating Cash Flow": "172,443", "Investing Cash Flow": "-210,412", "Financing Cash Flow": "59,194", "End Cash Position": "47,039", "Income Tax Paid Supplemental Data": "8,127", "Interest Paid Supplemental Data": "23,898", "Capital Expenditure": "-203,139", "Issuance of Capital Stock": "79,635", "Issuance of Debt": "19,300", "Repayment of Debt": "-38,959", "Free Cash Flow": "-30,696"}, "12/31/2020": {"Duration": "12/31/2020", "Operating Cash Flow": "172,443", "Investing Cash Flow": "-210,412", "Financing Cash Flow": "59,194", "End Cash Position": "47,039", "Income Tax Paid Supplemental Data": "8,127", "Interest Paid Supplemental Data": "23,898", "Capital Expenditure": "-203,139", "Issuance of Capital Stock": "79,635", "Issuance of Debt": "19,300", "Repayment of Debt": "-38,959", "Free Cash Flow": "-30,696"}, "12/31/2019": {"Duration": "12/31/2019", "Operating Cash Flow": "130,475", "Investing Cash Flow": "-172,357", "Financing Cash Flow": "-17,233", "End Cash Position": "25,814", "Income Tax Paid Supplemental Data": "14,617", "Interest Paid Supplemental Data": "23,171", "Capital Expenditure": "-164,036", "Issuance of Capital Stock": "-", "Issuance of Debt": "50,000", "Repayment of Debt": "-4,553", "Free Cash Flow": "-33,561"}, "12/31/2018": {"Duration": "12/31/2018", "Operating Cash Flow": "153,040", "Investing Cash Flow": "-218,328", "Financing Cash Flow": "38,123", "End Cash Position": "84,929", "Income Tax Paid Supplemental Data": "12,597", "Interest Paid Supplemental Data": "20,018", "Capital Expenditure": "-212,197", "Issuance of Capital Stock": "-", "Issuance of Debt": "109,000", "Repayment of Debt": "-24,453", "Free Cash Flow": "-59,157"}}}}, {"ES": {"quote": {"05/08/2021": {"value": "84.07", "Market Cap": "28.863B", "Beta (5Y Monthly)": "0.30", "PE Ratio (TTM)": "23.68", "EPS (TTM)": "3.55", "Earnings Date": "May 09, 2021", "Forward Dividend & Yield": "2.41 (2.87%)", "Ex-Dividend Date": "Mar 03, 2021", "1y Target Est": "92.06"}}, "fin": {"TTM": {"Duration": "TTM", "Total Revenue": "8,904,430", "Cost of Revenue": "4,468,092", "Gross Profit": "4,436,338", "Operating Expense": "2,447,604", "Operating Income": "1,988,734", "Net Non Operating Interest Income Expense": "-538,452", "Other Income Expense": "108,590", "Pretax Income": "1,558,872", "Tax Provision": "346,186", "Net Income Common Stockholders": "1,205,167", "Diluted NI Available to Com Stockholders": "1,205,167", "Basic EPS": "-", "Diluted EPS": "-", "Basic Average Shares": "-", "Diluted Average Shares": "-", "Total Operating Income as Reported": "1,988,734", "Total Expenses": "6,915,696", "Interest Expense": "538,452", "Net Interest Income": "-538,452", "Net Income from Continuing & Discontinued Operation": "1,205,167", "Normalized Income": "1,205,167", "EBIT": "2,097,324", "EBITDA": "3,256,383", "Reconciled Cost of Revenue": "4,468,092", "Reconciled Depreciation": "1,159,059", "Net Income from Continuing Operation Net Minority Interest": "1,205,167", "Total Unusual Items Excluding Goodwill": "0", "Total Unusual Items": "0", "Normalized EBITDA": "3,256,383", "Tax Rate for Calcs": "0", "Tax Effect of Unusual Items": "0"}, "12/31/2020": {"Duration": "12/31/2020", "Total Revenue": "8,904,430", "Cost of Revenue": "4,468,092", "Gross Profit": "4,436,338", "Operating Expense": "2,447,604", "Operating Income": "1,988,734", "Net Non Operating Interest Income Expense": "-538,452", "Other Income Expense": "108,590", "Pretax Income": "1,558,872", "Tax Provision": "346,186", "Net Income Common Stockholders": "1,205,167", "Diluted NI Available to Com Stockholders": "1,205,167", "Basic EPS": "-", "Diluted EPS": "-", "Basic Average Shares": "-", "Diluted Average Shares": "-", "Total Operating Income as Reported": "1,988,734", "Total Expenses": "6,915,696", "Interest Expense": "538,452", "Net Interest Income": "-538,452", "Net Income from Continuing & Discontinued Operation": "1,205,167", "Normalized Income": "1,205,167", "EBIT": "2,097,324", "EBITDA": "-", "Reconciled Cost of Revenue": "4,468,092", "Reconciled Depreciation": "1,159,059", "Net Income from Continuing Operation Net Minority Interest": "1,205,167", "Total Unusual Items Excluding Goodwill": "0", "Total Unusual Items": "0", "Normalized EBITDA": "3,256,383", "Tax Rate for Calcs": "0", "Tax Effect of Unusual Items": "0"}, "12/31/2019": {"Duration": "12/31/2019", "Total Revenue": "8,526,500", "Cost of Revenue": "4,403,273", "Gross Profit": "4,123,227", "Operating Expense": "2,293,062", "Operating Income": "1,830,165", "Net Non Operating Interest Income Expense": "-533,197", "Other Income Expense": "-106,867", "Pretax Income": "1,190,071", "Tax Provision": "273,499", "Net Income Common Stockholders": "909,053", "Diluted NI Available to Com Stockholders": "909,053", "Basic EPS": "2.83", "Diluted EPS": "2.81", "Basic Average Shares": "321,416", "Diluted Average Shares": "322,942", "Total Operating Income as Reported": "1,590,491", "Total Expenses": "6,696,335", "Interest Expense": "533,197", "Net Interest Income": "-533,197", "Net Income from Continuing & Discontinued Operation": "909,053", "Normalized Income": "1,093,623", "EBIT": "1,723,268", "EBITDA": "-", "Reconciled Cost of Revenue": "4,403,273", "Reconciled Depreciation": "1,080,658", "Net Income from Continuing Operation Net Minority Interest": "909,053", "Total Unusual Items Excluding Goodwill": "-239,644", "Total Unusual Items": "-239,644", "Normalized EBITDA": "3,043,570", "Tax Rate for Calcs": "0", "Tax Effect of Unusual Items": "-55,074"}, "12/31/2018": {"Duration": "12/31/2018", "Total Revenue": "8,448,200", "Cost of Revenue": "4,474,182", "Gross Profit": "3,974,018", "Operating Expense": "2,274,089", "Operating Income": "1,699,929", "Net Non Operating Interest Income Expense": "-498,805", "Other Income Expense": "128,366", "Pretax Income": "1,329,491", "Tax Provision": "288,972", "Net Income Common Stockholders": "1,033,000", "Diluted NI Available to Com Stockholders": "1,033,000", "Basic EPS": "3.25", "Diluted EPS": "3.25", "Basic Average Shares": "317,370", "Diluted Average Shares": "317,994", "Total Operating Income as Reported": "1,699,930", "Total Expenses": "6,748,271", "Interest Expense": "498,805", "Net Interest Income": "-498,805", "Net Income from Continuing & Discontinued Operation": "1,033,000", "Normalized Income": "1,033,000", "EBIT": "1,828,296", "EBITDA": "-", "Reconciled Cost of Revenue": "4,474,182", "Reconciled Depreciation": "1,071,956", "Net Income from Continuing Operation Net Minority Interest": "1,033,000", "Total Unusual Items Excluding Goodwill": "-", "Total Unusual Items": "-", "Normalized EBITDA": "2,900,252", "Tax Rate for Calcs": "0", "Tax Effect of Unusual Items": "0"}}, "bs": {"12/31/2020": {"Duration": "12/31/2020", "Total Assets": "46,099,598", "Total Liabilities Net Minority Interest": "32,036,032", "Total Equity Gross Minority Interest": "14,063,566", "Total Capitalization": "29,686,354", "Common Stock Equity": "14,063,566", "Net Tangible Assets": "9,617,578", "Working Capital": "-1,784,869", "Invested Capital": "32,032,075", "Tangible Book Value": "9,617,578", "Total Debt": "17,968,509", "Net Debt": "17,861,910", "Share Issued": "357,818", "Ordinary Shares Number": "342,954", "Treasury Shares Number": "14,864"}, "12/31/2019": {"Duration": "12/31/2019", "Total Assets": "41,123,915", "Total Liabilities Net Minority Interest": "28,493,921", "Total Equity Gross Minority Interest": "12,629,994", "Total Capitalization": "26,940,944", "Common Stock Equity": "12,629,994", "Net Tangible Assets": "8,202,728", "Working Capital": "-1,191,024", "Invested Capital": "28,200,649", "Tangible Book Value": "8,202,728", "Total Debt": "15,570,655", "Net Debt": "15,555,223", "Share Issued": "345,858", "Ordinary Shares Number": "329,881", "Treasury Shares Number": "15,978"}, "12/31/2018": {"Duration": "12/31/2018", "Total Assets": "38,241,256", "Total Liabilities Net Minority Interest": "26,754,439", "Total Equity Gross Minority Interest": "11,486,817", "Total Capitalization": "24,318,891", "Common Stock Equity": "11,486,817", "Net Tangible Assets": "7,059,551", "Working Capital": "-1,820,658", "Invested Capital": "26,118,542", "Tangible Book Value": "7,059,551", "Total Debt": "14,631,725", "Net Debt": "14,523,657", "Share Issued": "333,878", "Ordinary Shares Number": "316,886", "Treasury Shares Number": "16,993"}}, "cf": {"TTM": {"Duration": "TTM", "Operating Cash Flow": "1,682,572", "Investing Cash Flow": "-4,129,275", "Financing Cash Flow": "2,594,590", "End Cash Position": "264,950", "Capital Expenditure": "-2,942,996", "Issuance of Capital Stock": "928,992", "Issuance of Debt": "2,760,000", "Repayment of Debt": "-370,446", "Free Cash Flow": "-1,260,424"}, "12/31/2020": {"Duration": "12/31/2020", "Operating Cash Flow": "1,682,572", "Investing Cash Flow": "-4,129,275", "Financing Cash Flow": "2,594,590", "End Cash Position": "264,950", "Capital Expenditure": "-2,942,996", "Issuance of Capital Stock": "928,992", "Issuance of Debt": "2,760,000", "Repayment of Debt": "-370,446", "Free Cash Flow": "-1,260,424"}, "12/31/2019": {"Duration": "12/31/2019", "Operating Cash Flow": "2,009,577", "Investing Cash Flow": "-3,274,288", "Financing Cash Flow": "1,172,450", "End Cash Position": "117,063", "Capital Expenditure": "-2,911,489", "Issuance of Capital Stock": "852,254", "Issuance of Debt": "1,467,668", "Repayment of Debt": "-475,708", "Free Cash Flow": "-901,912"}, "12/31/2018": {"Duration": "12/31/2018", "Operating Cash Flow": "1,783,978", "Investing Cash Flow": "-2,390,481", "Financing Cash Flow": "729,937", "End Cash Position": "209,324", "Capital Expenditure": "-2,523,371", "Issuance of Capital Stock": "-", "Issuance of Debt": "2,835,663", "Repayment of Debt": "-1,429,640", "Free Cash Flow": "-739,393"}}}}, {"JE": {"quote": {"05/08/2021": {"value": "1.7450", "Market Cap": "188.875M", "Beta (5Y Monthly)": "N/A", "PE Ratio (TTM)": "0.99", "EPS (TTM)": "N/A", "Earnings Date": "N/A", "Forward Dividend & Yield": "N/A (N/A)", "Ex-Dividend Date": "N/A", "1y Target Est": "7.88"}}, "fin": {"TTM": {"Duration": "TTM", "Total Revenue": "2,458,486", "Cost of Revenue": "1,500,685", "Gross Profit": "957,801", "Operating Expense": "338,119", "Operating Income": "619,682", "Net Non Operating Interest Income Expense": "-96,044", "Other Income Expense": "-673,827", "Pretax Income": "-150,189", "Tax Provision": "8,407", "Net Income Common Stockholders": "-180,514", "Average Dilution Earnings": "-", "Diluted NI Available to Com Stockholders": "-180,514", "Basic EPS": "-", "Diluted EPS": "-", "Basic Average Shares": "-", "Diluted Average Shares": "-", "Total Operating Income as Reported": "-", "Total Expenses": "1,838,804", "Interest Expense": "96,044", "Net Interest Income": "-96,044", "Net Income from Continuing & Discontinued Operation": "-169,871", "Normalized Income": "335,670", "EBIT": "-54,145", "EBITDA": "-21,362", "Reconciled Cost of Revenue": "1,502,581", "Reconciled Depreciation": "30,887", "Net Income from Continuing Operation Net Minority Interest": "-158,445", "Total Unusual Items Excluding Goodwill": "-672,265", "Total Unusual Items": "-672,265", "Normalized EBITDA": "650,903", "Tax Rate for Calcs": "0", "Tax Effect of Unusual Items": "-178,150"}, "3/31/2020": {"Duration": "3/31/2020", "Total Revenue": "2,772,809", "Cost of Revenue": "2,136,456", "Gross Profit": "636,353", "Operating Expense": "442,654", "Operating Income": "193,699", "Net Non Operating Interest Income Expense": "-106,945", "Other Income Expense": "-377,594", "Pretax Income": "-290,840", "Tax Provision": "7,393", "Net Income Common Stockholders": "-320,229", "Average Dilution Earnings": "-", "Diluted NI Available to Com Stockholders": "-320,229", "Basic EPS": "-69.97", "Diluted EPS": "-69.97", "Basic Average Shares": "4,577", "Diluted Average Shares": "5,866", "Total Operating Income as Reported": "-", "Total Expenses": "2,579,110", "Interest Expense": "106,945", "Net Interest Income": "-106,945", "Net Income from Continuing & Discontinued Operation": "-309,586", "Normalized Income": "3,377", "EBIT": "-183,895", "EBITDA": "-", "Reconciled Cost of Revenue": "2,136,862", "Reconciled Depreciation": "41,242", "Net Income from Continuing Operation Net Minority Interest": "-298,160", "Total Unusual Items Excluding Goodwill": "-410,254", "Total Unusual Items": "-410,254", "Normalized EBITDA": "268,007", "Tax Rate for Calcs": "0", "Tax Effect of Unusual Items": "-108,717"}, "3/31/2019": {"Duration": "3/31/2019", "Total Revenue": "3,812,470", "Cost of Revenue": "3,100,255", "Gross Profit": "712,215", "Operating Expense": "472,829", "Operating Income": "239,386", "Net Non Operating Interest Income Expense": "-88,072", "Other Income Expense": "-248,976", "Pretax Income": "-97,662", "Tax Provision": "2,829", "Net Income Common Stockholders": "-131,637", "Average Dilution Earnings": "0", "Diluted NI Available to Com Stockholders": "-131,637", "Basic EPS": "-29.04", "Diluted EPS": "-29.04", "Basic Average Shares": "4,519", "Diluted Average Shares": "5,796", "Total Operating Income as Reported": "142,271", "Total Expenses": "3,573,084", "Interest Expense": "88,072", "Net Interest Income": "-88,072", "Net Income from Continuing & Discontinued Operation": "-122,678", "Normalized Income": "83,702", "EBIT": "-9,590", "EBITDA": "-", "Reconciled Cost of Revenue": "3,100,255", "Reconciled Depreciation": "27,426", "Net Income from Continuing Operation Net Minority Interest": "-100,299", "Total Unusual Items Excluding Goodwill": "-250,341", "Total Unusual Items": "-250,341", "Normalized EBITDA": "268,177", "Tax Rate for Calcs": "0", "Tax Effect of Unusual Items": "-66,340"}}, "bs": {"3/31/2020": {"Duration": "3/31/2020", "Total Assets": "1,215,833", "Total Liabilities Net Minority Interest": "1,711,121", "Total Equity Gross Minority Interest": "-495,288", "Total Capitalization": "33,644", "Preferred Stock Equity": "146,965", "Common Stock Equity": "-641,839", "Net Tangible Assets": "-865,832", "Working Capital": "-374,001", "Invested Capital": "140,164", "Tangible Book Value": "-1,012,797", "Total Debt": "782,003", "Net Debt": "755,910", "Share Issued": "4,594", "Ordinary Shares Number": "4,594", "Preferred Shares Number": "4,662"}, "3/31/2019": {"Duration": "3/31/2019", "Total Assets": "1,746,068", "Total Liabilities Net Minority Interest": "1,715,518", "Total Equity Gross Minority Interest": "30,550", "Total Capitalization": "718,892", "Preferred Stock Equity": "-", "Common Stock Equity": "30,949", "Net Tangible Assets": "-441,707", "Working Capital": "240,169", "Invested Capital": "756,321", "Tangible Book Value": "-441,707", "Total Debt": "725,372", "Net Debt": "715,445", "Share Issued": "4,533", "Ordinary Shares Number": "4,533", "Preferred Shares Number": "4,662"}}, "cf": {"TTM": {"Duration": "TTM", "Operating Cash Flow": "21,972", "Investing Cash Flow": "-7,170", "Financing Cash Flow": "39,509", "End Cash Position": "72,299", "Interest Paid Supplemental Data": "71,084", "Capital Expenditure": "-11,788", "Issuance of Capital Stock": "100,969", "Issuance of Debt": "-", "Repayment of Debt": "-31,608", "Repurchase of Capital Stock": "-", "Free Cash Flow": "10,184"}, "3/31/2020": {"Duration": "3/31/2020", "Operating Cash Flow": "41,137", "Investing Cash Flow": "-20,882", "Financing Cash Flow": "-5,076", "End Cash Position": "26,093", "Interest Paid Supplemental Data": "78,749", "Capital Expenditure": "-16,541", "Issuance of Capital Stock": "0", "Issuance of Debt": "51,975", "Repayment of Debt": "-31,059", "Repurchase of Capital Stock": "-", "Free Cash Flow": "24,596"}, "3/31/2019": {"Duration": "3/31/2019", "Operating Cash Flow": "-44,455", "Investing Cash Flow": "-47,823", "Financing Cash Flow": "53,342", "End Cash Position": "9,927", "Interest Paid Supplemental Data": "52,836", "Capital Expenditure": "-43,542", "Issuance of Capital Stock": "10,447", "Issuance of Debt": "332,704", "Repayment of Debt": "-173,366", "Repurchase of Capital Stock": "0", "Free Cash Flow": "-87,997"}}}}, {"NEP": {"quote": {"05/08/2021": {"value": "68.19", "Market Cap": "5.175B", "Beta (5Y Monthly)": "0.72", "PE Ratio (TTM)": "13.13", "EPS (TTM)": "5.19", "Earnings Date": "Jul 22, 2021 - Jul 26, 2021", "Forward Dividend & Yield": "2.55 (3.74%)", "Ex-Dividend Date": "May 05, 2021", "1y Target Est": "83.72"}}, "fin": {"TTM": {"Duration": "TTM", "Total Revenue": "951,000", "Cost of Revenue": "363,000", "Gross Profit": "588,000", "Operating Expense": "306,000", "Operating Income": "282,000", "Net Non Operating Interest Income Expense": "723,000", "Other Income Expense": "174,000", "Pretax Income": "1,179,000", "Tax Provision": "126,000", "Net Income Common Stockholders": "369,000", "Average Dilution Earnings": "-", "Diluted NI Available to Com Stockholders": "369,000", "Basic EPS": "-", "Diluted EPS": "-", "Basic Average Shares": "-", "Diluted Average Shares": "-", "Total Operating Income as Reported": "282,000", "Total Expenses": "669,000", "Interest Expense": "-", "Net Interest Income": "723,000", "Net Income from Continuing & Discontinued Operation": "372,000", "Normalized Income": "372,000", "EBIT": "397,000", "EBITDA": "772,000", "Reconciled Cost of Revenue": "260,000", "Reconciled Depreciation": "375,000", "Net Income from Continuing Operation Net Minority Interest": "372,000", "Total Unusual Items Excluding Goodwill": "0", "Total Unusual Items": "0", "Normalized EBITDA": "772,000", "Tax Rate for Calcs": "0", "Tax Effect of Unusual Items": "0"}, "12/31/2020": {"Duration": "12/31/2020", "Total Revenue": "917,000", "Cost of Revenue": "363,000", "Gross Profit": "554,000", "Operating Expense": "301,000", "Operating Income": "253,000", "Net Non Operating Interest Income Expense": "-620,000", "Other Income Expense": "110,000", "Pretax Income": "-257,000", "Tax Provision": "-19,000", "Net Income Common Stockholders": "-55,000", "Average Dilution Earnings": "0", "Diluted NI Available to Com Stockholders": "-55,000", "Basic EPS": "-0.81", "Diluted EPS": "-0.81", "Basic Average Shares": "67,901", "Diluted Average Shares": "67,901", "Total Operating Income as Reported": "253,000", "Total Expenses": "664,000", "Interest Expense": "620,000", "Net Interest Income": "-620,000", "Net Income from Continuing & Discontinued Operation": "-50,000", "Normalized Income": "-50,000", "EBIT": "363,000", "EBITDA": "-", "Reconciled Cost of Revenue": "260,000", "Reconciled Depreciation": "374,000", "Net Income from Continuing Operation Net Minority Interest": "-50,000", "Total Unusual Items Excluding Goodwill": "0", "Total Unusual Items": "0", "Normalized EBITDA": "737,000", "Tax Rate for Calcs": "0", "Tax Effect of Unusual Items": "0"}, "12/31/2019": {"Duration": "12/31/2019", "Total Revenue": "855,000", "Cost of Revenue": "336,000", "Gross Profit": "519,000", "Operating Expense": "286,000", "Operating Income": "233,000", "Net Non Operating Interest Income Expense": "-702,000", "Other Income Expense": "39,000", "Pretax Income": "-430,000", "Tax Provision": "-26,000", "Net Income Common Stockholders": "-88,000", "Average Dilution Earnings": "0", "Diluted NI Available to Com Stockholders": "-88,000", "Basic EPS": "-1.51", "Diluted EPS": "-1.51", "Basic Average Shares": "58,800", "Diluted Average Shares": "75,800", "Total Operating Income as Reported": "233,000", "Total Expenses": "622,000", "Interest Expense": "702,000", "Net Interest Income": "-702,000", "Net Income from Continuing & Discontinued Operation": "-71,000", "Normalized Income": "-71,000", "EBIT": "272,000", "EBITDA": "-", "Reconciled Cost of Revenue": "264,000", "Reconciled Depreciation": "331,000", "Net Income from Continuing Operation Net Minority Interest": "-71,000", "Total Unusual Items Excluding Goodwill": "0", "Total Unusual Items": "0", "Normalized EBITDA": "603,000", "Tax Rate for Calcs": "0", "Tax Effect of Unusual Items": "0"}, "12/31/2018": {"Duration": "12/31/2018", "Total Revenue": "771,000", "Cost of Revenue": "257,000", "Gross Profit": "514,000", "Operating Expense": "224,000", "Operating Income": "290,000", "Net Non Operating Interest Income Expense": "-248,000", "Other Income Expense": "231,000", "Pretax Income": "273,000", "Tax Provision": "6,000", "Net Income Common Stockholders": "167,000", "Average Dilution Earnings": "50,000", "Diluted NI Available to Com Stockholders": "217,000", "Basic EPS": "3.05", "Diluted EPS": "2.91", "Basic Average Shares": "54,900", "Diluted Average Shares": "74,600", "Total Operating Income as Reported": "443,000", "Total Expenses": "481,000", "Interest Expense": "248,000", "Net Interest Income": "-248,000", "Net Income from Continuing & Discontinued Operation": "192,000", "Normalized Income": "42,060", "EBIT": "521,000", "EBITDA": "-", "Reconciled Cost of Revenue": "257,000", "Reconciled Depreciation": "203,000", "Net Income from Continuing Operation Net Minority Interest": "192,000", "Total Unusual Items Excluding Goodwill": "153,000", "Total Unusual Items": "153,000", "Normalized EBITDA": "571,000", "Tax Rate for Calcs": "0", "Tax Effect of Unusual Items": "3,060"}}, "bs": {"12/31/2020": {"Duration": "12/31/2020", "Total Assets": "12,562,000", "Total Liabilities Net Minority Interest": "4,855,000", "Total Equity Gross Minority Interest": "7,707,000", "Total Capitalization": "5,730,000", "Common Stock Equity": "2,354,000", "Net Tangible Assets": "-2,791,000", "Working Capital": "64,000", "Invested Capital": "5,742,000", "Tangible Book Value": "-437,000", "Total Debt": "3,388,000", "Net Debt": "3,280,000", "Share Issued": "75,900", "Ordinary Shares Number": "75,900"}, "12/31/2019": {"Duration": "12/31/2019", "Total Assets": "12,256,000", "Total Liabilities Net Minority Interest": "5,190,000", "Total Equity Gross Minority Interest": "7,066,000", "Total Capitalization": "6,315,000", "Common Stock Equity": "2,183,000", "Net Tangible Assets": "-2,891,000", "Working Capital": "132,000", "Invested Capital": "6,327,000", "Tangible Book Value": "-708,000", "Total Debt": "4,144,000", "Net Debt": "4,016,000", "Share Issued": "65,500", "Ordinary Shares Number": "65,500"}, "12/31/2018": {"Duration": "12/31/2018", "Total Assets": "9,405,000", "Total Liabilities Net Minority Interest": "3,867,000", "Total Equity Gross Minority Interest": "5,538,000", "Total Capitalization": "5,074,000", "Common Stock Equity": "2,346,000", "Net Tangible Assets": "-1,845,000", "Working Capital": "-519,000", "Invested Capital": "5,781,000", "Tangible Book Value": "501,000", "Total Debt": "3,435,000", "Net Debt": "3,288,000", "Share Issued": "56,100", "Ordinary Shares Number": "56,100"}}, "cf": {"TTM": {"Duration": "TTM", "Operating Cash Flow": "670,000", "Investing Cash Flow": "-700,000", "Financing Cash Flow": "20,000", "End Cash Position": "113,000", "Income Tax Paid Supplemental Data": "-", "Interest Paid Supplemental Data": "-", "Capital Expenditure": "-327,000", "Issuance of Capital Stock": "3,000", "Issuance of Debt": "740,000", "Repayment of Debt": "-1,157,000", "Free Cash Flow": "343,000"}, "12/31/2020": {"Duration": "12/31/2020", "Operating Cash Flow": "665,000", "Investing Cash Flow": "-681,000", "Financing Cash Flow": "-4,000", "End Cash Position": "112,000", "Income Tax Paid Supplemental Data": "6,000", "Interest Paid Supplemental Data": "163,000", "Capital Expenditure": "-334,000", "Issuance of Capital Stock": "2,000", "Issuance of Debt": "695,000", "Repayment of Debt": "-1,166,000", "Free Cash Flow": "331,000"}, "12/31/2019": {"Duration": "12/31/2019", "Operating Cash Flow": "346,000", "Investing Cash Flow": "-2,349,000", "Financing Cash Flow": "1,969,000", "End Cash Position": "132,000", "Income Tax Paid Supplemental Data": "1,000", "Interest Paid Supplemental Data": "162,000", "Capital Expenditure": "-93,000", "Issuance of Capital Stock": "2,000", "Issuance of Debt": "3,380,000", "Repayment of Debt": "-2,792,000", "Free Cash Flow": "253,000"}, "12/31/2018": {"Duration": "12/31/2018", "Operating Cash Flow": "362,000", "Investing Cash Flow": "-763,000", "Financing Cash Flow": "371,000", "End Cash Position": "166,000", "Income Tax Paid Supplemental Data": "5,000", "Interest Paid Supplemental Data": "171,000", "Capital Expenditure": "-25,000", "Issuance of Capital Stock": "86,000", "Issuance of Debt": "750,000", "Repayment of Debt": "-983,000", "Free Cash Flow": "337,000"}}}}, {"FNRG": {"quote": {"05/08/2021": {"value": "0.0015", "Market Cap": "4,500", "Beta (5Y Monthly)": "787.46", "PE Ratio (TTM)": "N/A", "EPS (TTM)": "-0.6150", "Earnings Date": "N/A", "Forward Dividend & Yield": "N/A (N/A)", "Ex-Dividend Date": "N/A", "1y Target Est": "7.00"}}, "fin": {}, "bs": {}, "cf": {}}}, {"GLBL": {"quote": {"05/08/2021": {"value": "9.71", "Market Cap": "418.744M", "Beta (5Y Monthly)": "N/A", "PE Ratio (TTM)": "N/A", "EPS (TTM)": "N/A", "Earnings Date": "N/A", "Forward Dividend & Yield": "N/A (N/A)", "Ex-Dividend Date": "N/A", "1y Target Est": "N/A"}}, "fin": {}, "bs": {}, "cf": {}}}, {"HTM": {"quote": {"05/08/2021": {"value": "", "Net Assets": "N/A", "Beta (5Y Monthly)": "N/A", "Yield": "N/A", "5y Average Return": "N/A", "Holdings Turnover": "N/A", "Last Dividend": "N/A", "Average for Category": "N/A", "Inception Date": "N/A"}}, "fin": {}, "bs": {}, "cf": {}}}, {"SKYS": {"quote": {"05/08/2021": {"value": "7.17", "Market Cap": "150.407M", "Beta (5Y Monthly)": "N/A", "PE Ratio (TTM)": "N/A", "EPS (TTM)": "N/A", "Earnings Date": "Dec 22, 2017 - Dec 27, 2017", "Forward Dividend & Yield": "N/A (N/A)", "Ex-Dividend Date": "N/A", "1y Target Est": "N/A"}}, "fin": {"TTM": {"Duration": "TTM", "Total Revenue": "48,948", "Cost of Revenue": "21,739", "Gross Profit": "27,209", "Operating Expense": "24,889", "Operating Income": "2,320", "Net Non Operating Interest Income Expense": "-15,222", "Other Income Expense": "-4,165", "Pretax Income": "-17,067", "Tax Provision": "24,945", "Net Income Common Stockholders": "-42,061", "Diluted NI Available to Com Stockholders": "-42,061", "Basic EPS": "-", "Diluted EPS": "-", "Basic Average Shares": "-", "Diluted Average Shares": "-", "Total Operating Income as Reported": "-331", "Total Expenses": "46,628", "Interest Income": "702", "Interest Expense": "15,924", "Net Interest Income": "-15,222", "Net Income from Continuing & Discontinued Operation": "-42,061", "Normalized Income": "-40,583", "EBIT": "-1,143", "EBITDA": "12,937", "Reconciled Cost of Revenue": "21,739", "Reconciled Depreciation": "14,080", "Net Income from Continuing Operation Net Minority Interest": "-42,061", "Total Unusual Items Excluding Goodwill": "-2,130", "Total Unusual Items": "-2,130", "Normalized EBITDA": "15,067", "Tax Rate for Calcs": "0", "Tax Effect of Unusual Items": "-652.206"}, "12/31/2019": {"Duration": "12/31/2019", "Total Revenue": "48,948", "Cost of Revenue": "21,739", "Gross Profit": "27,209", "Operating Expense": "24,889", "Operating Income": "2,320", "Net Non Operating Interest Income Expense": "-15,222", "Other Income Expense": "-4,165", "Pretax Income": "-17,067", "Tax Provision": "24,945", "Net Income Common Stockholders": "-42,061", "Diluted NI Available to Com Stockholders": "-42,061", "Basic EPS": "-", "Diluted EPS": "-", "Basic Average Shares": "-", "Diluted Average Shares": "-", "Total Operating Income as Reported": "-331", "Total Expenses": "46,628", "Interest Income": "702", "Interest Expense": "15,924", "Net Interest Income": "-15,222", "Net Income from Continuing & Discontinued Operation": "-42,061", "Normalized Income": "-40,583", "EBIT": "-1,143", "EBITDA": "-", "Reconciled Cost of Revenue": "21,739", "Reconciled Depreciation": "14,080", "Net Income from Continuing Operation Net Minority Interest": "-42,061", "Total Unusual Items Excluding Goodwill": "-2,130", "Total Unusual Items": "-2,130", "Normalized EBITDA": "15,067", "Tax Rate for Calcs": "0", "Tax Effect of Unusual Items": "-652.206"}, "12/31/2018": {"Duration": "12/31/2018", "Total Revenue": "64,669", "Cost of Revenue": "30,262", "Gross Profit": "34,407", "Operating Expense": "30,977", "Operating Income": "3,430", "Net Non Operating Interest Income Expense": "-16,939", "Other Income Expense": "-1,326", "Pretax Income": "-14,835", "Tax Provision": "7,285", "Net Income Common Stockholders": "-21,955", "Diluted NI Available to Com Stockholders": "-21,955", "Basic EPS": "-1.00", "Diluted EPS": "-1.00", "Basic Average Shares": "20,977", "Diluted Average Shares": "20,977", "Total Operating Income as Reported": "24,312", "Total Expenses": "61,239", "Interest Income": "391", "Interest Expense": "17,330", "Net Interest Income": "-16,939", "Net Income from Continuing & Discontinued Operation": "-21,955", "Normalized Income": "-37,402", "EBIT": "2,495", "EBITDA": "-", "Reconciled Cost of Revenue": "30,262", "Reconciled Depreciation": "19,670", "Net Income from Continuing Operation Net Minority Interest": "-21,955", "Total Unusual Items Excluding Goodwill": "22,341", "Total Unusual Items": "22,341", "Normalized EBITDA": "-176", "Tax Rate for Calcs": "0", "Tax Effect of Unusual Items": "6,894"}}, "bs": {"12/31/2019": {"Duration": "12/31/2019", "Total Assets": "405,354", "Total Liabilities Net Minority Interest": "368,291", "Total Equity Gross Minority Interest": "37,063", "Total Capitalization": "184,996", "Common Stock Equity": "36,999", "Capital Lease Obligations": "48,604", "Net Tangible Assets": "36,940", "Working Capital": "-33,346", "Invested Capital": "239,871", "Tangible Book Value": "36,940", "Total Debt": "251,476", "Net Debt": "191,133", "Share Issued": "419,546", "Ordinary Shares Number": "419,546"}, "12/31/2018": {"Duration": "12/31/2018", "Total Assets": "585,217", "Total Liabilities Net Minority Interest": "507,010", "Total Equity Gross Minority Interest": "78,207", "Total Capitalization": "280,243", "Common Stock Equity": "73,186", "Capital Lease Obligations": "-", "Net Tangible Assets": "73,101", "Working Capital": "-49,628", "Invested Capital": "329,943", "Tangible Book Value": "73,101", "Total Debt": "256,757", "Net Debt": "212,926", "Share Issued": "419,547", "Ordinary Shares Number": "419,547"}}, "cf": {"TTM": {"Duration": "TTM", "Operating Cash Flow": "24,391", "Investing Cash Flow": "51,713", "Financing Cash Flow": "-107,055", "End Cash Position": "11,746", "Capital Expenditure": "-48,542", "Issuance of Debt": "71,977", "Repayment of Debt": "-45,611", "Free Cash Flow": "-24,151"}, "12/31/2019": {"Duration": "12/31/2019", "Operating Cash Flow": "24,391", "Investing Cash Flow": "51,713", "Financing Cash Flow": "-107,055", "End Cash Position": "11,746", "Capital Expenditure": "-48,542", "Issuance of Debt": "71,977", "Repayment of Debt": "-45,611", "Free Cash Flow": "-24,151"}, "12/31/2018": {"Duration": "12/31/2018", "Operating Cash Flow": "28,377", "Investing Cash Flow": "-2,798", "Financing Cash Flow": "-26,824", "End Cash Position": "43,959", "Capital Expenditure": "-41,323", "Issuance of Debt": "40,806", "Repayment of Debt": "-33,628", "Free Cash Flow": "-12,946"}}}}, {"NI": {"quote": {"05/08/2021": {"value": "25.98", "Market Cap": "10.19B", "Beta (5Y Monthly)": "0.31", "PE Ratio (TTM)": "N/A", "EPS (TTM)": "-0.19", "Earnings Date": "Aug 03, 2021 - Aug 09, 2021", "Forward Dividend & Yield": "0.88 (3.39%)", "Ex-Dividend Date": "Apr 29, 2021", "1y Target Est": "27.45"}}, "fin": {"TTM": {"Duration": "TTM", "Total Revenue": "4,621,800", "Cost of Revenue": "2,626,500", "Gross Profit": "1,995,300", "Operating Expense": "1,020,900", "Operating Income": "974,400", "Net Non Operating Interest Income Expense": "-348,000", "Other Income Expense": "-", "Pretax Income": "267,100", "Tax Provision": "60,400", "Net Income Common Stockholders": "147,200", "Diluted NI Available to Com Stockholders": "147,200", "Basic EPS": "-", "Diluted EPS": "-", "Basic Average Shares": "-", "Diluted Average Shares": "-", "Total Operating Income as Reported": "835,800", "Total Expenses": "3,647,400", "Interest Income": "4,700", "Interest Expense": "343,900", "Net Interest Income": "-348,000", "Net Income from Continuing & Discontinued Operation": "202,300", "Normalized Income": "499,156", "EBIT": "611,000", "EBITDA": "1,337,600", "Reconciled Cost of Revenue": "2,626,500", "Reconciled Depreciation": "726,600", "Net Income from Continuing Operation Net Minority Interest": "202,300", "Total Unusual Items Excluding Goodwill": "-383,600", "Total Unusual Items": "-383,600", "Normalized EBITDA": "1,721,200", "Tax Rate for Calcs": "0", "Tax Effect of Unusual Items": "-86,744"}, "12/31/2020": {"Duration": "12/31/2020", "Total Revenue": "4,681,700", "Cost of Revenue": "2,695,200", "Gross Profit": "1,986,500", "Operating Expense": "1,025,100", "Operating Income": "961,400", "Net Non Operating Interest Income Expense": "-355,300", "Other Income Expense": "-637,400", "Pretax Income": "-31,300", "Tax Provision": "-17,100", "Net Income Common Stockholders": "-72,700", "Diluted NI Available to Com Stockholders": "-72,700", "Basic EPS": "-", "Diluted EPS": "-", "Basic Average Shares": "-", "Diluted Average Shares": "-", "Total Operating Income as Reported": "550,800", "Total Expenses": "3,720,300", "Interest Income": "5,500", "Interest Expense": "352,000", "Net Interest Income": "-355,300", "Net Income from Continuing & Discontinued Operation": "-17,600", "Normalized Income": "460,988", "EBIT": "320,700", "EBITDA": "-", "Reconciled Cost of Revenue": "2,695,200", "Reconciled Depreciation": "725,900", "Net Income from Continuing Operation Net Minority Interest": "-17,600", "Total Unusual Items Excluding Goodwill": "-655,600", "Total Unusual Items": "-655,600", "Normalized EBITDA": "1,702,200", "Tax Rate for Calcs": "0", "Tax Effect of Unusual Items": "-177,012"}, "12/31/2019": {"Duration": "12/31/2019", "Total Revenue": "5,208,900", "Cost of Revenue": "2,889,500", "Gross Profit": "2,319,400", "Operating Expense": "1,014,200", "Operating Income": "1,305,200", "Net Non Operating Interest Income Expense": "-363,200", "Other Income Expense": "-435,400", "Pretax Income": "506,600", "Tax Provision": "123,500", "Net Income Common Stockholders": "328,000", "Diluted NI Available to Com Stockholders": "328,000", "Basic EPS": "0.88", "Diluted EPS": "0.87", "Basic Average Shares": "374,600", "Diluted Average Shares": "376,000", "Total Operating Income as Reported": "890,700", "Total Expenses": "3,903,700", "Interest Income": "7,700", "Interest Expense": "363,000", "Net Interest Income": "-363,200", "Net Income from Continuing & Discontinued Operation": "383,100", "Normalized Income": "700,318", "EBIT": "869,600", "EBITDA": "-", "Reconciled Cost of Revenue": "2,889,500", "Reconciled Depreciation": "717,400", "Net Income from Continuing Operation Net Minority Interest": "383,100", "Total Unusual Items Excluding Goodwill": "-419,600", "Total Unusual Items": "-419,600", "Normalized EBITDA": "2,006,600", "Tax Rate for Calcs": "0", "Tax Effect of Unusual Items": "-102,382"}, "12/31/2018": {"Duration": "12/31/2018", "Total Revenue": "5,114,500", "Cost of Revenue": "4,114,200", "Gross Profit": "1,000,300", "Operating Expense": "874,400", "Operating Income": "125,900", "Net Non Operating Interest Income Expense": "-332,500", "Other Income Expense": "-24,000", "Pretax Income": "-230,600", "Tax Provision": "-180,000", "Net Income Common Stockholders": "-65,600", "Diluted NI Available to Com Stockholders": "-65,600", "Basic EPS": "-0.18", "Diluted EPS": "-0.18", "Basic Average Shares": "356,500", "Diluted Average Shares": "356,500", "Total Operating Income as Reported": "124,700", "Total Expenses": "4,988,600", "Interest Income": "6,600", "Interest Expense": "350,700", "Net Interest Income": "-332,500", "Net Income from Continuing & Discontinued Operation": "-50,600", "Normalized Income": "-17,166", "EBIT": "120,100", "EBITDA": "-", "Reconciled Cost of Revenue": "4,114,200", "Reconciled Depreciation": "599,600", "Net Income from Continuing Operation Net Minority Interest": "-50,600", "Total Unusual Items Excluding Goodwill": "-45,800", "Total Unusual Items": "-45,800", "Normalized EBITDA": "765,500", "Tax Rate for Calcs": "0", "Tax Effect of Unusual Items": "-12,366"}}, "bs": {"12/31/2020": {"Duration": "12/31/2020", "Total Assets": "22,040,500", "Total Liabilities Net Minority Interest": "16,202,700", "Total Equity Gross Minority Interest": "5,837,800", "Total Capitalization": "14,972,000", "Preferred Stock Equity": "880,000", "Common Stock Equity": "4,872,200", "Net Tangible Assets": "4,266,300", "Working Capital": "-620,000", "Invested Capital": "14,618,300", "Tangible Book Value": "3,386,300", "Total Debt": "9,746,100", "Net Debt": "9,629,600", "Share Issued": "391,760", "Ordinary Shares Number": "391,760", "Preferred Shares Number": "440,000", "Treasury Shares Number": "-"}, "12/31/2019": {"Duration": "12/31/2019", "Total Assets": "22,659,800", "Total Liabilities Net Minority Interest": "16,673,100", "Total Equity Gross Minority Interest": "5,986,700", "Total Capitalization": "13,842,900", "Preferred Stock Equity": "880,000", "Common Stock Equity": "5,106,700", "Net Tangible Assets": "4,500,800", "Working Capital": "-1,891,900", "Invested Capital": "14,749,500", "Tangible Book Value": "3,620,800", "Total Debt": "9,642,800", "Net Debt": "9,503,500", "Share Issued": "386,099", "Ordinary Shares Number": "382,136", "Preferred Shares Number": "440,000", "Treasury Shares Number": "3,963"}, "12/31/2018": {"Duration": "12/31/2018", "Total Assets": "21,804,000", "Total Liabilities Net Minority Interest": "16,053,100", "Total Equity Gross Minority Interest": "5,750,900", "Total Capitalization": "12,856,300", "Preferred Stock Equity": "880,000", "Common Stock Equity": "4,870,900", "Net Tangible Assets": "3,839,500", "Working Capital": "-1,981,400", "Invested Capital": "14,003,500", "Tangible Book Value": "2,959,500", "Total Debt": "9,132,600", "Net Debt": "9,019,800", "Share Issued": "376,327", "Ordinary Shares Number": "372,364", "Preferred Shares Number": "440,000", "Treasury Shares Number": "3,963"}}, "cf": {"TTM": {"Duration": "TTM", "Operating Cash Flow": "1,182,400", "Investing Cash Flow": "-796,300", "Financing Cash Flow": "-502,400", "End Cash Position": "96,700", "Capital Expenditure": "-1,673,000", "Issuance of Capital Stock": "210,500", "Issuance of Debt": "3,841,000", "Repayment of Debt": "-4,017,100", "Repurchase of Capital Stock": "-", "Free Cash Flow": "-490,600"}, "12/31/2020": {"Duration": "12/31/2020", "Operating Cash Flow": "1,104,000", "Investing Cash Flow": "-879,100", "Financing Cash Flow": "-247,700", "End Cash Position": "125,600", "Capital Expenditure": "-1,758,100", "Issuance of Capital Stock": "211,400", "Issuance of Debt": "4,324,000", "Repayment of Debt": "-4,242,100", "Repurchase of Capital Stock": "0", "Free Cash Flow": "-654,100"}, "12/31/2019": {"Duration": "12/31/2019", "Operating Cash Flow": "1,583,300", "Investing Cash Flow": "-1,922,400", "Financing Cash Flow": "366,400", "End Cash Position": "148,400", "Capital Expenditure": "-1,802,400", "Issuance of Capital Stock": "244,400", "Issuance of Debt": "1,350,000", "Repayment of Debt": "-855,600", "Repurchase of Capital Stock": "0", "Free Cash Flow": "-219,100"}, "12/31/2018": {"Duration": "12/31/2018", "Operating Cash Flow": "540,100", "Investing Cash Flow": "-1,926,100", "Financing Cash Flow": "1,468,700", "End Cash Position": "121,100", "Capital Expenditure": "-1,818,200", "Issuance of Capital Stock": "1,728,200", "Issuance of Debt": "1,300,000", "Repayment of Debt": "-1,224,600", "Repurchase of Capital Stock": "-4,000", "Free Cash Flow": "-1,278,100"}}}}, {"PNM": {"quote": {"05/08/2021": {"value": "49.55", "Market Cap": "4.253B", "Beta (5Y Monthly)": "0.51", "PE Ratio (TTM)": "19.78", "EPS (TTM)": "2.51", "Earnings Date": "Jul 29, 2021 - Aug 02, 2021", "Forward Dividend & Yield": "1.31 (2.64%)", "Ex-Dividend Date": "Apr 29, 2021", "1y Target Est": "49.93"}}, "fin": {"TTM": {"Duration": "TTM", "Total Revenue": "1,554,097", "Cost of Revenue": "605,182", "Gross Profit": "948,915", "Operating Expense": "667,108", "Operating Income": "281,807", "Net Non Operating Interest Income Expense": "-95,483", "Other Income Expense": "57,678", "Pretax Income": "244,002", "Tax Provision": "24,082", "Net Income Common Stockholders": "205,614", "Diluted NI Available to Com Stockholders": "205,614", "Basic EPS": "-", "Diluted EPS": "-", "Basic Average Shares": "-", "Diluted Average Shares": "-", "Total Operating Income as Reported": "280,709", "Total Expenses": "1,272,290", "Interest Income": "14,359", "Interest Expense": "109,842", "Net Interest Income": "-95,483", "Net Income from Continuing & Discontinued Operation": "206,142", "Normalized Income": "157,185", "EBIT": "353,844", "EBITDA": "669,834", "Reconciled Cost of Revenue": "565,705", "Reconciled Depreciation": "315,990", "Net Income from Continuing Operation Net Minority Interest": "206,142", "Total Unusual Items Excluding Goodwill": "54,318", "Total Unusual Items": "54,318", "Normalized EBITDA": "615,516", "Tax Rate for Calcs": "0", "Tax Effect of Unusual Items": "5,361"}, "12/31/2020": {"Duration": "12/31/2020", "Total Revenue": "1,523,012", "Cost of Revenue": "585,218", "Gross Profit": "937,794", "Operating Expense": "651,415", "Operating Income": "286,379", "Net Non Operating Interest Income Expense": "-100,169", "Other Income Expense": "21,742", "Pretax Income": "207,952", "Tax Provision": "20,636", "Net Income Common Stockholders": "172,775", "Diluted NI Available to Com Stockholders": "172,775", "Basic EPS": "-", "Diluted EPS": "-", "Basic Average Shares": "-", "Diluted Average Shares": "-", "Total Operating Income as Reported": "285,281", "Total Expenses": "1,236,633", "Interest Income": "14,223", "Interest Expense": "114,392", "Net Interest Income": "-100,169", "Net Income from Continuing & Discontinued Operation": "173,303", "Normalized Income": "154,836", "EBIT": "322,344", "EBITDA": "-", "Reconciled Cost of Revenue": "546,162", "Reconciled Depreciation": "314,668", "Net Income from Continuing Operation Net Minority Interest": "173,303", "Total Unusual Items Excluding Goodwill": "20,501", "Total Unusual Items": "20,501", "Normalized EBITDA": "616,511", "Tax Rate for Calcs": "0", "Tax Effect of Unusual Items": "2,034"}, "12/31/2019": {"Duration": "12/31/2019", "Total Revenue": "1,457,603", "Cost of Revenue": "555,357", "Gross Profit": "902,246", "Operating Expense": "606,951", "Operating Income": "295,295", "Net Non Operating Interest Income Expense": "-106,994", "Other Income Expense": "-121,452", "Pretax Income": "66,849", "Tax Provision": "-25,282", "Net Income Common Stockholders": "77,362", "Diluted NI Available to Com Stockholders": "77,362", "Basic EPS": "0.97", "Diluted EPS": "0.97", "Basic Average Shares": "79,755", "Diluted Average Shares": "79,990", "Total Operating Income as Reported": "144,200", "Total Expenses": "1,162,308", "Interest Income": "14,022", "Interest Expense": "121,016", "Net Interest Income": "-106,994", "Net Income from Continuing & Discontinued Operation": "77,890", "Normalized Income": "166,589", "EBIT": "187,865", "EBITDA": "-", "Reconciled Cost of Revenue": "522,097", "Reconciled Depreciation": "301,068", "Net Income from Continuing Operation Net Minority Interest": "77,890", "Total Unusual Items Excluding Goodwill": "-121,506", "Total Unusual Items": "-121,506", "Normalized EBITDA": "610,439", "Tax Rate for Calcs": "0", "Tax Effect of Unusual Items": "-32,807"}, "12/31/2018": {"Duration": "12/31/2018", "Total Revenue": "1,436,613", "Cost of Revenue": "549,203", "Gross Profit": "887,410", "Operating Expense": "585,765", "Operating Income": "301,645", "Net Non Operating Interest Income Expense": "-111,704", "Other Income Expense": "-80,884", "Pretax Income": "109,057", "Tax Provision": "7,775", "Net Income Common Stockholders": "85,642", "Diluted NI Available to Com Stockholders": "85,642", "Basic EPS": "1.07", "Diluted EPS": "1.07", "Basic Average Shares": "80,039", "Diluted Average Shares": "80,039", "Total Operating Income as Reported": "236,047", "Total Expenses": "1,134,968", "Interest Income": "15,540", "Interest Expense": "127,244", "Net Interest Income": "-111,704", "Net Income from Continuing & Discontinued Operation": "86,170", "Normalized Income": "163,042", "EBIT": "236,301", "EBITDA": "-", "Reconciled Cost of Revenue": "514,750", "Reconciled Depreciation": "275,641", "Net Income from Continuing Operation Net Minority Interest": "86,170", "Total Unusual Items Excluding Goodwill": "-82,774", "Total Unusual Items": "-82,774", "Normalized EBITDA": "594,716", "Tax Rate for Calcs": "0", "Tax Effect of Unusual Items": "-5,902"}}, "bs": {"12/31/2020": {"Duration": "12/31/2020", "Total Assets": "7,939,854", "Total Liabilities Net Minority Interest": "5,819,851", "Total Equity Gross Minority Interest": "2,120,003", "Total Capitalization": "4,780,626", "Preferred Stock Equity": "11,529", "Common Stock Equity": "2,049,465", "Capital Lease Obligations": "108,525", "Net Tangible Assets": "1,782,697", "Working Capital": "-600,183", "Invested Capital": "5,376,615", "Tangible Book Value": "1,771,168", "Total Debt": "3,435,675", "Net Debt": "3,279,222", "Share Issued": "85,835", "Ordinary Shares Number": "85,835"}, "12/31/2019": {"Duration": "12/31/2019", "Total Assets": "7,298,774", "Total Liabilities Net Minority Interest": "5,545,495", "Total Equity Gross Minority Interest": "1,753,279", "Total Capitalization": "4,207,676", "Preferred Stock Equity": "11,529", "Common Stock Equity": "1,678,698", "Capital Lease Obligations": "134,580", "Net Tangible Assets": "1,411,930", "Working Capital": "-673,471", "Invested Capital": "4,871,515", "Tangible Book Value": "1,400,401", "Total Debt": "3,327,397", "Net Debt": "3,188,984", "Share Issued": "79,654", "Ordinary Shares Number": "79,654"}, "12/31/2018": {"Duration": "12/31/2018", "Total Assets": "6,865,551", "Total Liabilities Net Minority Interest": "5,101,428", "Total Equity Gross Minority Interest": "1,764,123", "Total Capitalization": "4,370,022", "Preferred Stock Equity": "11,529", "Common Stock Equity": "1,688,382", "Capital Lease Obligations": "-", "Net Tangible Assets": "1,421,614", "Working Capital": "-209,929", "Invested Capital": "4,594,393", "Tangible Book Value": "1,410,085", "Total Debt": "2,906,011", "Net Debt": "2,903,889", "Share Issued": "79,654", "Ordinary Shares Number": "79,654"}}, "cf": {"TTM": {"Duration": "TTM", "Operating Cash Flow": "478,378", "Investing Cash Flow": "-755,415", "Financing Cash Flow": "268,309", "End Cash Position": "7,521", "Income Tax Paid Supplemental Data": "-", "Interest Paid Supplemental Data": "103,234", "Capital Expenditure": "-711,055", "Issuance of Capital Stock": "-", "Issuance of Debt": "1,487,845", "Repayment of Debt": "-1,277,845", "Repurchase of Capital Stock": "-", "Free Cash Flow": "-232,677"}, "12/31/2020": {"Duration": "12/31/2020", "Operating Cash Flow": "485,700", "Investing Cash Flow": "-733,799", "Financing Cash Flow": "292,194", "End Cash Position": "47,928", "Income Tax Paid Supplemental Data": "969", "Interest Paid Supplemental Data": "106,575", "Capital Expenditure": "-679,028", "Issuance of Capital Stock": "283,208", "Issuance of Debt": "1,267,845", "Repayment of Debt": "-977,845", "Repurchase of Capital Stock": "-", "Free Cash Flow": "-193,328"}, "12/31/2019": {"Duration": "12/31/2019", "Operating Cash Flow": "503,163", "Investing Cash Flow": "-673,898", "Financing Cash Flow": "172,446", "End Cash Position": "3,833", "Income Tax Paid Supplemental Data": "-", "Interest Paid Supplemental Data": "115,476", "Capital Expenditure": "-616,273", "Issuance of Capital Stock": "-", "Issuance of Debt": "745,000", "Repayment of Debt": "-407,302", "Repurchase of Capital Stock": "-", "Free Cash Flow": "-113,110"}, "12/31/2018": {"Duration": "12/31/2018", "Operating Cash Flow": "428,226", "Investing Cash Flow": "-475,724", "Financing Cash Flow": "45,646", "End Cash Position": "2,122", "Income Tax Paid Supplemental Data": "842", "Interest Paid Supplemental Data": "119,308", "Capital Expenditure": "-501,213", "Issuance of Capital Stock": "-", "Issuance of Debt": "1,034,652", "Repayment of Debt": "-869,662", "Repurchase of Capital Stock": "-12,635", "Free Cash Flow": "-72,987"}}}}, {"MMMW": {"quote": {"05/08/2021": {"value": "0.0827", "Market Cap": "146,530", "Beta (5Y Monthly)": "0.10", "PE Ratio (TTM)": "N/A", "EPS (TTM)": "-0.0080", "Earnings Date": "N/A", "Forward Dividend & Yield": "N/A (N/A)", "Ex-Dividend Date": "N/A", "1y Target Est": "N/A"}}, "fin": {}, "bs": {}, "cf": {}}}, {"PRHL": {"quote": {"05/08/2021": {"value": "0.0067", "Market Cap": "4.459M", "Beta (5Y Monthly)": "3.21", "PE Ratio (TTM)": "N/A", "EPS (TTM)": "-0.0190", "Earnings Date": "N/A", "Forward Dividend & Yield": "N/A (N/A)", "Ex-Dividend Date": "N/A", "1y Target Est": "0.69"}}, "fin": {"TTM": {"Duration": "TTM", "Total Revenue": "2,336", "Cost of Revenue": "23.706", "Gross Profit": "2,312", "Operating Expense": "6,337", "Operating Income": "-4,025", "Net Non Operating Interest Income Expense": "-594.439", "Other Income Expense": "-3,935", "Pretax Income": "-8,554", "Tax Provision": "0", "Net Income Common Stockholders": "-8,426", "Diluted NI Available to Com Stockholders": "-8,426", "Basic EPS": "-", "Diluted EPS": "-", "Basic Average Shares": "-", "Diluted Average Shares": "-", "Total Operating Income as Reported": "-8,025", "Total Expenses": "6,361", "Net Income from Continuing & Discontinued Operation": "-8,426", "Normalized Income": "-8,491", "Interest Expense": "594.439", "Net Interest Income": "-594.439", "EBIT": "-7,959", "EBITDA": "-7,909", "Reconciled Cost of Revenue": "23.706", "Reconciled Depreciation": "50.71", "Net Income from Continuing Operation Net Minority Interest": "-8,426", "Total Unusual Items Excluding Goodwill": "65.4", "Total Unusual Items": "65.4", "Normalized EBITDA": "-7,974", "Tax Rate for Calcs": "0", "Tax Effect of Unusual Items": "0"}}, "bs": {}, "cf": {"TTM": {"Duration": "TTM", "Operating Cash Flow": "-3,171", "Investing Cash Flow": "-102.662", "Financing Cash Flow": "1,847", "End Cash Position": "130.043", "Income Tax Paid Supplemental Data": "0", "Interest Paid Supplemental Data": "194.036", "Capital Expenditure": "-", "Issuance of Capital Stock": "1,537", "Issuance of Debt": "287.205", "Repayment of Debt": "-88.674", "Free Cash Flow": "-3,273"}}}}, {"PEGI": {"fin": {}, "bs": {}, "cf": {}}}, {"TERP": {"fin": {}, "bs": {}, "cf": {}}}]