[{"AEP": {"quote": {"05/12/2021": {"value": "84.98", "Market Cap": "42.469B", "Beta (5Y Monthly)": "0.25", "PE Ratio (TTM)": "18.60", "EPS (TTM)": "4.57", "Earnings Date": "Aug 04, 2021 - Aug 09, 2021", "Forward Dividend & Yield": "2.96 (3.43%)", "Ex-Dividend Date": "May 07, 2021", "1y Target Est": "96.47"}}, "fin": {"TTM": {"Duration": "TTM", "Total Revenue": "15,452,100", "Cost of Revenue": "5,815,200", "Gross Profit": "9,636,900", "Operating Expense": "6,590,500", "Operating Income": "3,046,400", "Net Non Operating Interest Income Expense": "-1,163,800", "Other Income Expense": "352,100", "Pretax Income": "2,234,700", "Tax Provision": "48,500", "Earnings from Equity Interest Net of Tax": "90,000", "Net Income Common Stockholders": "2,279,900", "Diluted NI Available to Com Stockholders": "2,279,900", "Basic EPS": "-", "Diluted EPS": "-", "Basic Average Shares": "-", "Diluted Average Shares": "-", "Total Operating Income as Reported": "3,046,400", "Total Expenses": "12,405,700", "Interest Income": "-", "Interest Expense": "1,163,800", "Net Interest Income": "-1,163,800", "Net Income from Continuing & Discontinued Operation": "2,279,900", "Normalized Income": "2,133,058", "EBIT": "3,398,500", "EBITDA": "6,327,400", "Reconciled Cost of Revenue": "5,593,200", "Reconciled Depreciation": "2,928,900", "Net Income from Continuing Operation Net Minority Interest": "2,279,900", "Total Unusual Items Excluding Goodwill": "150,100", "Total Unusual Items": "150,100", "Normalized EBITDA": "6,177,300", "Tax Rate for Calcs": "0", "Tax Effect of Unusual Items": "3,258"}, "12/31/2020": {"Duration": "12/31/2020", "Total Revenue": "14,918,500", "Cost of Revenue": "5,380,100", "Gross Profit": "9,538,400", "Operating Expense": "6,550,700", "Operating Income": "2,987,700", "Net Non Operating Interest Income Expense": "-1,165,700", "Other Income Expense": "324,100", "Pretax Income": "2,146,100", "Tax Provision": "40,500", "Earnings from Equity Interest Net of Tax": "91,100", "Net Income Common Stockholders": "2,200,100", "Diluted NI Available to Com Stockholders": "2,200,100", "Basic EPS": "4.44", "Diluted EPS": "4.42", "Basic Average Shares": "495,718", "Diluted Average Shares": "497,227", "Total Operating Income as Reported": "2,987,700", "Total Expenses": "11,930,800", "Interest Income": "-", "Interest Expense": "1,165,700", "Net Interest Income": "-1,165,700", "Net Income from Continuing & Discontinued Operation": "2,200,100", "Normalized Income": "2,054,795", "EBIT": "3,311,800", "EBITDA": "-", "Reconciled Cost of Revenue": "5,156,100", "Reconciled Depreciation": "2,906,800", "Net Income from Continuing Operation Net Minority Interest": "2,200,100", "Total Unusual Items Excluding Goodwill": "148,100", "Total Unusual Items": "148,100", "Normalized EBITDA": "6,070,500", "Tax Rate for Calcs": "0", "Tax Effect of Unusual Items": "2,795"}, "12/31/2019": {"Duration": "12/31/2019", "Total Revenue": "15,561,400", "Cost of Revenue": "6,320,000", "Gross Profit": "9,241,400", "Operating Expense": "6,492,700", "Operating Income": "2,748,700", "Net Non Operating Interest Income Expense": "-1,072,500", "Other Income Expense": "158,600", "Pretax Income": "1,834,800", "Tax Provision": "-12,900", "Earnings from Equity Interest Net of Tax": "72,100", "Net Income Common Stockholders": "1,921,100", "Diluted NI Available to Com Stockholders": "1,921,100", "Basic EPS": "3.89", "Diluted EPS": "3.88", "Basic Average Shares": "493,694", "Diluted Average Shares": "495,306", "Total Operating Income as Reported": "2,592,300", "Total Expenses": "12,812,700", "Interest Income": "-", "Interest Expense": "1,072,500", "Net Interest Income": "-1,072,500", "Net Income from Continuing & Discontinued Operation": "1,921,100", "Normalized Income": "1,912,340", "EBIT": "2,907,300", "EBITDA": "-", "Reconciled Cost of Revenue": "6,094,400", "Reconciled Depreciation": "2,740,100", "Net Income from Continuing Operation Net Minority Interest": "1,921,100", "Total Unusual Items Excluding Goodwill": "12,000", "Total Unusual Items": "12,000", "Normalized EBITDA": "5,635,400", "Tax Rate for Calcs": "0", "Tax Effect of Unusual Items": "3,240"}, "12/31/2018": {"Duration": "12/31/2018", "Total Revenue": "16,195,700", "Cost of Revenue": "7,033,900", "Gross Profit": "9,161,800", "Operating Expense": "6,408,500", "Operating Income": "2,753,300", "Net Non Operating Interest Income Expense": "-972,800", "Other Income Expense": "193,000", "Pretax Income": "1,973,500", "Tax Provision": "115,300", "Earnings from Equity Interest Net of Tax": "73,100", "Net Income Common Stockholders": "1,923,800", "Diluted NI Available to Com Stockholders": "1,923,800", "Basic EPS": "3.90", "Diluted EPS": "3.90", "Basic Average Shares": "492,775", "Diluted Average Shares": "493,758", "Total Operating Income as Reported": "2,682,700", "Total Expenses": "13,442,400", "Interest Income": "11,600", "Interest Expense": "984,400", "Net Interest Income": "-972,800", "Net Income from Continuing & Discontinued Operation": "1,923,800", "Normalized Income": "1,859,302", "EBIT": "2,957,900", "EBITDA": "-", "Reconciled Cost of Revenue": "6,920,100", "Reconciled Depreciation": "2,400,400", "Net Income from Continuing Operation Net Minority Interest": "1,923,800", "Total Unusual Items Excluding Goodwill": "68,500", "Total Unusual Items": "68,500", "Normalized EBITDA": "5,289,800", "Tax Rate for Calcs": "0", "Tax Effect of Unusual Items": "4,002"}}, "bs": {"12/31/2020": {"Duration": "12/31/2020", "Total Assets": "80,757,200", "Total Liabilities Net Minority Interest": "59,982,700", "Total Equity Gross Minority Interest": "20,774,500", "Total Capitalization": "49,537,300", "Common Stock Equity": "20,550,900", "Capital Lease Obligations": "879,700", "Net Tangible Assets": "20,498,400", "Working Capital": "-5,575,200", "Invested Capital": "54,102,700", "Tangible Book Value": "20,498,400", "Total Debt": "34,431,500", "Net Debt": "33,159,100", "Share Issued": "516,808", "Ordinary Shares Number": "496,604", "Treasury Shares Number": "20,204"}, "12/31/2019": {"Duration": "12/31/2019", "Total Assets": "75,892,300", "Total Liabilities Net Minority Interest": "55,979,100", "Total Equity Gross Minority Interest": "19,913,200", "Total Capitalization": "44,759,000", "Common Stock Equity": "19,632,200", "Capital Lease Obligations": "968,700", "Net Tangible Assets": "19,579,700", "Working Capital": "-6,221,300", "Invested Capital": "49,196,000", "Tangible Book Value": "19,579,700", "Total Debt": "30,532,500", "Net Debt": "29,317,000", "Share Issued": "514,374", "Ordinary Shares Number": "494,169", "Treasury Shares Number": "20,204"}, "12/31/2018": {"Duration": "12/31/2018", "Total Assets": "68,802,800", "Total Liabilities Net Minority Interest": "49,743,400", "Total Equity Gross Minority Interest": "19,059,400", "Total Capitalization": "40,676,600", "Common Stock Equity": "19,028,400", "Capital Lease Obligations": "-", "Net Tangible Assets": "18,975,900", "Working Capital": "-4,534,900", "Invested Capital": "44,285,100", "Tangible Book Value": "18,975,900", "Total Debt": "25,256,700", "Net Debt": "25,022,600", "Share Issued": "513,450", "Ordinary Shares Number": "493,246", "Treasury Shares Number": "20,204"}}, "cf": {"TTM": {"Duration": "TTM", "Operating Cash Flow": "3,100,000", "Investing Cash Flow": "-6,102,100", "Financing Cash Flow": "1,655,300", "End Cash Position": "324,000", "Capital Expenditure": "-6,070,600", "Issuance of Capital Stock": "283,500", "Issuance of Debt": "6,590,500", "Repayment of Debt": "-3,598,800", "Free Cash Flow": "-2,970,600"}, "12/31/2020": {"Duration": "12/31/2020", "Operating Cash Flow": "3,832,900", "Investing Cash Flow": "-6,233,900", "Financing Cash Flow": "2,406,700", "End Cash Position": "438,300", "Capital Expenditure": "-6,316,000", "Issuance of Capital Stock": "155,000", "Issuance of Debt": "7,022,600", "Repayment of Debt": "-3,157,000", "Free Cash Flow": "-2,483,100"}, "12/31/2019": {"Duration": "12/31/2019", "Operating Cash Flow": "4,270,100", "Investing Cash Flow": "-7,144,500", "Financing Cash Flow": "2,862,900", "End Cash Position": "432,600", "Capital Expenditure": "-6,143,700", "Issuance of Capital Stock": "65,300", "Issuance of Debt": "5,464,900", "Repayment of Debt": "-1,291,500", "Free Cash Flow": "-1,873,600"}, "12/31/2018": {"Duration": "12/31/2018", "Operating Cash Flow": "5,223,200", "Investing Cash Flow": "-6,353,600", "Financing Cash Flow": "1,161,900", "End Cash Position": "444,100", "Capital Expenditure": "-6,357,000", "Issuance of Capital Stock": "73,600", "Issuance of Debt": "5,422,700", "Repayment of Debt": "-3,052,700", "Free Cash Flow": "-1,133,800"}}}}, {"AES": {"quote": {"05/12/2021": {"value": "24.62", "Market Cap": "16.403B", "Beta (5Y Monthly)": "0.79", "PE Ratio (TTM)": "N/A", "EPS (TTM)": "-0.38", "Earnings Date": "Aug 04, 2021 - Aug 09, 2021", "Forward Dividend & Yield": "0.60 (2.38%)", "Ex-Dividend Date": "Apr 29, 2021", "1y Target Est": "30.21"}}, "fin": {"TTM": {"Duration": "TTM", "Total Revenue": "9,660,000", "Cost of Revenue": "6,967,000", "Gross Profit": "2,693,000", "Operating Expense": "165,000", "Operating Income": "2,528,000", "Net Non Operating Interest Income Expense": "-770,000", "Other Income Expense": "-1,270,000", "Pretax Income": "488,000", "Tax Provision": "216,000", "Earnings from Equity Interest Net of Tax": "-123,000", "Net Income Common Stockholders": "46,000", "Diluted NI Available to Com Stockholders": "46,000", "Basic EPS": "-", "Diluted EPS": "-", "Basic Average Shares": "-", "Diluted Average Shares": "-", "Total Expenses": "7,132,000", "Interest Income": "268,000", "Interest Expense": "1,038,000", "Net Interest Income": "-770,000", "Net Income from Continuing & Discontinued Operation": "46,000", "Normalized Income": "832,130", "EBIT": "1,526,000", "EBITDA": "2,594,000", "Reconciled Cost of Revenue": "6,967,000", "Reconciled Depreciation": "1,068,000", "Net Income from Continuing Operation Net Minority Interest": "43,000", "Total Unusual Items Excluding Goodwill": "-1,081,000", "Total Unusual Items": "-1,081,000", "Normalized EBITDA": "3,675,000", "Tax Rate for Calcs": "0", "Tax Effect of Unusual Items": "-291,870"}, "12/31/2020": {"Duration": "12/31/2020", "Total Revenue": "9,660,000", "Cost of Revenue": "6,967,000", "Gross Profit": "2,693,000", "Operating Expense": "165,000", "Operating Income": "2,528,000", "Net Non Operating Interest Income Expense": "-770,000", "Other Income Expense": "-1,270,000", "Pretax Income": "488,000", "Tax Provision": "216,000", "Earnings from Equity Interest Net of Tax": "-123,000", "Net Income Common Stockholders": "46,000", "Diluted NI Available to Com Stockholders": "46,000", "Basic EPS": "0.07", "Diluted EPS": "0.07", "Basic Average Shares": "657,143", "Diluted Average Shares": "668,000", "Total Expenses": "7,132,000", "Interest Income": "268,000", "Interest Expense": "1,038,000", "Net Interest Income": "-770,000", "Net Income from Continuing & Discontinued Operation": "46,000", "Normalized Income": "832,130", "EBIT": "1,526,000", "EBITDA": "-", "Reconciled Cost of Revenue": "6,967,000", "Reconciled Depreciation": "1,068,000", "Net Income from Continuing Operation Net Minority Interest": "43,000", "Total Unusual Items Excluding Goodwill": "-1,081,000", "Total Unusual Items": "-1,081,000", "Normalized EBITDA": "3,675,000", "Tax Rate for Calcs": "0", "Tax Effect of Unusual Items": "-291,870"}, "12/31/2019": {"Duration": "12/31/2019", "Total Revenue": "10,189,000", "Cost of Revenue": "7,840,000", "Gross Profit": "2,349,000", "Operating Expense": "196,000", "Operating Income": "2,153,000", "Net Non Operating Interest Income Expense": "-732,000", "Other Income Expense": "-420,000", "Pretax Income": "1,001,000", "Tax Provision": "352,000", "Earnings from Equity Interest Net of Tax": "-172,000", "Net Income Common Stockholders": "303,000", "Diluted NI Available to Com Stockholders": "303,000", "Basic EPS": "0.46", "Diluted EPS": "0.45", "Basic Average Shares": "667,000", "Diluted Average Shares": "667,000", "Total Expenses": "8,036,000", "Interest Income": "318,000", "Interest Expense": "1,050,000", "Net Interest Income": "-732,000", "Net Income from Continuing & Discontinued Operation": "303,000", "Normalized Income": "493,100", "EBIT": "2,051,000", "EBITDA": "-", "Reconciled Cost of Revenue": "7,840,000", "Reconciled Depreciation": "1,045,000", "Net Income from Continuing Operation Net Minority Interest": "302,000", "Total Unusual Items Excluding Goodwill": "-294,000", "Total Unusual Items": "-294,000", "Normalized EBITDA": "3,390,000", "Tax Rate for Calcs": "0", "Tax Effect of Unusual Items": "-102,900"}, "12/31/2018": {"Duration": "12/31/2018", "Total Revenue": "10,736,000", "Cost of Revenue": "8,163,000", "Gross Profit": "2,573,000", "Operating Expense": "199,000", "Operating Income": "2,374,000", "Net Non Operating Interest Income Expense": "-746,000", "Other Income Expense": "390,000", "Pretax Income": "2,018,000", "Tax Provision": "708,000", "Earnings from Equity Interest Net of Tax": "39,000", "Net Income Common Stockholders": "1,203,000", "Diluted NI Available to Com Stockholders": "1,203,000", "Basic EPS": "1.82", "Diluted EPS": "1.81", "Basic Average Shares": "660,989", "Diluted Average Shares": "664,641", "Total Expenses": "8,362,000", "Interest Income": "310,000", "Interest Expense": "1,056,000", "Net Interest Income": "-746,000", "Net Income from Continuing & Discontinued Operation": "1,203,000", "Normalized Income": "642,500", "EBIT": "3,074,000", "EBITDA": "-", "Reconciled Cost of Revenue": "8,163,000", "Reconciled Depreciation": "1,003,000", "Net Income from Continuing Operation Net Minority Interest": "987,000", "Total Unusual Items Excluding Goodwill": "530,000", "Total Unusual Items": "530,000", "Normalized EBITDA": "3,547,000", "Tax Rate for Calcs": "0", "Tax Effect of Unusual Items": "185,500"}}, "bs": {"12/31/2020": {"Duration": "12/31/2020", "Total Assets": "34,603,000", "Total Liabilities Net Minority Interest": "29,883,000", "Total Equity Gross Minority Interest": "4,720,000", "Total Capitalization": "21,085,000", "Common Stock Equity": "2,634,000", "Net Tangible Assets": "746,000", "Working Capital": "52,000", "Invested Capital": "22,515,000", "Tangible Book Value": "746,000", "Total Debt": "19,881,000", "Net Debt": "18,792,000", "Share Issued": "818,399", "Ordinary Shares Number": "665,370", "Treasury Shares Number": "153,029"}, "12/31/2019": {"Duration": "12/31/2019", "Total Assets": "33,648,000", "Total Liabilities Net Minority Interest": "28,419,000", "Total Equity Gross Minority Interest": "5,229,000", "Total Capitalization": "21,301,000", "Common Stock Equity": "2,996,000", "Net Tangible Assets": "1,468,000", "Working Capital": "135,000", "Invested Capital": "23,169,000", "Tangible Book Value": "1,468,000", "Total Debt": "20,173,000", "Net Debt": "19,144,000", "Share Issued": "817,844", "Ordinary Shares Number": "663,953", "Treasury Shares Number": "153,891"}, "12/31/2018": {"Duration": "12/31/2018", "Total Assets": "32,521,000", "Total Liabilities Net Minority Interest": "26,917,000", "Total Equity Gross Minority Interest": "5,604,000", "Total Capitalization": "20,844,000", "Common Stock Equity": "3,208,000", "Net Tangible Assets": "1,713,000", "Working Capital": "616,000", "Invested Capital": "22,503,000", "Tangible Book Value": "1,713,000", "Total Debt": "19,295,000", "Net Debt": "18,129,000", "Share Issued": "817,204", "Ordinary Shares Number": "662,298", "Treasury Shares Number": "154,906"}}, "cf": {"TTM": {"Duration": "TTM", "Operating Cash Flow": "2,755,000", "Investing Cash Flow": "-2,295,000", "Financing Cash Flow": "-78,000", "Cash Flow from Discontinued Operation": "-", "Other Cash Adjustment Inside Change in Cash": "-103,000", "End Cash Position": "1,827,000", "Income Tax Paid Supplemental Data": "333,000", "Interest Paid Supplemental Data": "908,000", "Capital Expenditure": "-1,900,000", "Issuance of Capital Stock": "112,000", "Issuance of Debt": "10,519,000", "Repayment of Debt": "-9,981,000", "Repurchase of Capital Stock": "-", "Free Cash Flow": "855,000"}, "12/31/2020": {"Duration": "12/31/2020", "Operating Cash Flow": "2,755,000", "Investing Cash Flow": "-2,295,000", "Financing Cash Flow": "-78,000", "Cash Flow from Discontinued Operation": "-", "Other Cash Adjustment Inside Change in Cash": "-103,000", "End Cash Position": "1,827,000", "Income Tax Paid Supplemental Data": "333,000", "Interest Paid Supplemental Data": "908,000", "Capital Expenditure": "-1,900,000", "Issuance of Capital Stock": "112,000", "Issuance of Debt": "10,519,000", "Repayment of Debt": "-9,981,000", "Repurchase of Capital Stock": "-", "Free Cash Flow": "855,000"}, "12/31/2019": {"Duration": "12/31/2019", "Operating Cash Flow": "2,466,000", "Investing Cash Flow": "-2,721,000", "Financing Cash Flow": "-86,000", "Cash Flow from Discontinued Operation": "-72,000", "Other Cash Adjustment Inside Change in Cash": "-", "End Cash Position": "1,572,000", "Income Tax Paid Supplemental Data": "363,000", "Interest Paid Supplemental Data": "946,000", "Capital Expenditure": "-2,405,000", "Issuance of Capital Stock": "-", "Issuance of Debt": "7,854,000", "Repayment of Debt": "-7,016,000", "Repurchase of Capital Stock": "-", "Free Cash Flow": "61,000"}, "12/31/2018": {"Duration": "12/31/2018", "Operating Cash Flow": "2,343,000", "Investing Cash Flow": "-505,000", "Financing Cash Flow": "-1,643,000", "Cash Flow from Discontinued Operation": "74,000", "Other Cash Adjustment Inside Change in Cash": "-", "End Cash Position": "2,003,000", "Income Tax Paid Supplemental Data": "-370,000", "Interest Paid Supplemental Data": "-1,003,000", "Capital Expenditure": "-2,121,000", "Issuance of Capital Stock": "-", "Issuance of Debt": "4,793,000", "Repayment of Debt": "-5,582,000", "Repurchase of Capital Stock": "0", "Free Cash Flow": "222,000"}}}}, {"AEE": {"quote": {"05/12/2021": {"value": "82.43", "Market Cap": "21.065B", "Beta (5Y Monthly)": "0.27", "PE Ratio (TTM)": "21.59", "EPS (TTM)": "3.82", "Earnings Date": "Aug 05, 2021", "Forward Dividend & Yield": "2.20 (2.64%)", "Ex-Dividend Date": "Jun 08, 2021", "1y Target Est": "86.69"}}, "fin": {"TTM": {"Duration": "TTM", "Total Revenue": "5,794,000", "Cost of Revenue": "2,936,000", "Gross Profit": "2,858,000", "Operating Expense": "1,558,000", "Operating Income": "1,300,000", "Net Non Operating Interest Income Expense": "-419,000", "Other Income Expense": "151,000", "Pretax Income": "1,032,000", "Tax Provision": "155,000", "Net Income Common Stockholders": "871,000", "Diluted NI Available to Com Stockholders": "871,000", "Basic EPS": "-", "Diluted EPS": "-", "Basic Average Shares": "-", "Diluted Average Shares": "-", "Total Operating Income as Reported": "1,300,000", "Total Expenses": "4,494,000", "Interest Income": "33,000", "Interest Expense": "419,000", "Net Interest Income": "-419,000", "Net Income from Continuing & Discontinued Operation": "871,000", "Normalized Income": "871,000", "EBIT": "1,451,000", "EBITDA": "2,604,000", "Reconciled Cost of Revenue": "2,858,000", "Reconciled Depreciation": "1,153,000", "Net Income from Continuing Operation Net Minority Interest": "871,000", "Total Unusual Items Excluding Goodwill": "5,000", "Total Unusual Items": "5,000", "Normalized EBITDA": "2,604,000", "Tax Rate for Calcs": "0", "Tax Effect of Unusual Items": "0"}, "12/31/2020": {"Duration": "12/31/2020", "Total Revenue": "5,794,000", "Cost of Revenue": "2,936,000", "Gross Profit": "2,858,000", "Operating Expense": "1,558,000", "Operating Income": "1,300,000", "Net Non Operating Interest Income Expense": "-419,000", "Other Income Expense": "151,000", "Pretax Income": "1,032,000", "Tax Provision": "155,000", "Net Income Common Stockholders": "871,000", "Diluted NI Available to Com Stockholders": "871,000", "Basic EPS": "-", "Diluted EPS": "-", "Basic Average Shares": "-", "Diluted Average Shares": "-", "Total Operating Income as Reported": "1,300,000", "Total Expenses": "4,494,000", "Interest Income": "-", "Interest Expense": "419,000", "Net Interest Income": "-419,000", "Net Income from Continuing & Discontinued Operation": "871,000", "Normalized Income": "871,000", "EBIT": "1,451,000", "EBITDA": "-", "Reconciled Cost of Revenue": "2,858,000", "Reconciled Depreciation": "1,153,000", "Net Income from Continuing Operation Net Minority Interest": "871,000", "Total Unusual Items Excluding Goodwill": "-", "Total Unusual Items": "-", "Normalized EBITDA": "2,604,000", "Tax Rate for Calcs": "0", "Tax Effect of Unusual Items": "0"}, "12/31/2019": {"Duration": "12/31/2019", "Total Revenue": "5,910,000", "Cost of Revenue": "3,167,000", "Gross Profit": "2,743,000", "Operating Expense": "1,476,000", "Operating Income": "1,267,000", "Net Non Operating Interest Income Expense": "-348,000", "Other Income Expense": "97,000", "Pretax Income": "1,016,000", "Tax Provision": "182,000", "Net Income Common Stockholders": "828,000", "Diluted NI Available to Com Stockholders": "828,000", "Basic EPS": "3.37", "Diluted EPS": "3.35", "Basic Average Shares": "245,600", "Diluted Average Shares": "247,100", "Total Operating Income as Reported": "1,267,000", "Total Expenses": "4,643,000", "Interest Income": "33,000", "Interest Expense": "381,000", "Net Interest Income": "-348,000", "Net Income from Continuing & Discontinued Operation": "828,000", "Normalized Income": "814,866", "EBIT": "1,397,000", "EBITDA": "-", "Reconciled Cost of Revenue": "3,081,000", "Reconciled Depreciation": "1,081,000", "Net Income from Continuing Operation Net Minority Interest": "828,000", "Total Unusual Items Excluding Goodwill": "16,000", "Total Unusual Items": "16,000", "Normalized EBITDA": "2,462,000", "Tax Rate for Calcs": "0", "Tax Effect of Unusual Items": "2,866"}, "12/31/2018": {"Duration": "12/31/2018", "Total Revenue": "6,291,000", "Cost of Revenue": "3,496,000", "Gross Profit": "2,795,000", "Operating Expense": "1,438,000", "Operating Income": "1,357,000", "Net Non Operating Interest Income Expense": "-368,000", "Other Income Expense": "69,000", "Pretax Income": "1,058,000", "Tax Provision": "237,000", "Net Income Common Stockholders": "815,000", "Diluted NI Available to Com Stockholders": "815,000", "Basic EPS": "3.34", "Diluted EPS": "3.32", "Basic Average Shares": "243,800", "Diluted Average Shares": "245,800", "Total Operating Income as Reported": "1,357,000", "Total Expenses": "4,934,000", "Interest Income": "33,000", "Interest Expense": "401,000", "Net Interest Income": "-368,000", "Net Income from Continuing & Discontinued Operation": "815,000", "Normalized Income": "812,672", "EBIT": "1,459,000", "EBITDA": "-", "Reconciled Cost of Revenue": "3,418,000", "Reconciled Depreciation": "1,033,000", "Net Income from Continuing Operation Net Minority Interest": "815,000", "Total Unusual Items Excluding Goodwill": "3,000", "Total Unusual Items": "3,000", "Normalized EBITDA": "2,489,000", "Tax Rate for Calcs": "0", "Tax Effect of Unusual Items": "672.0227"}}, "bs": {"12/31/2020": {"Duration": "12/31/2020", "Total Assets": "32,030,000", "Total Liabilities Net Minority Interest": "22,950,000", "Total Equity Gross Minority Interest": "9,080,000", "Total Capitalization": "20,016,000", "Common Stock Equity": "8,938,000", "Net Tangible Assets": "8,527,000", "Working Capital": "-527,000", "Invested Capital": "20,514,000", "Tangible Book Value": "8,527,000", "Total Debt": "11,576,000", "Net Debt": "11,437,000", "Share Issued": "253,300", "Ordinary Shares Number": "253,300"}, "12/31/2019": {"Duration": "12/31/2019", "Total Assets": "28,933,000", "Total Liabilities Net Minority Interest": "20,732,000", "Total Equity Gross Minority Interest": "8,201,000", "Total Capitalization": "16,974,000", "Common Stock Equity": "8,059,000", "Net Tangible Assets": "7,648,000", "Working Capital": "-1,074,000", "Invested Capital": "17,856,000", "Tangible Book Value": "7,648,000", "Total Debt": "9,797,000", "Net Debt": "9,781,000", "Share Issued": "246,200", "Ordinary Shares Number": "246,200"}, "12/31/2018": {"Duration": "12/31/2018", "Total Assets": "27,215,000", "Total Liabilities Net Minority Interest": "19,442,000", "Total Equity Gross Minority Interest": "7,773,000", "Total Capitalization": "15,490,000", "Common Stock Equity": "7,631,000", "Net Tangible Assets": "7,220,000", "Working Capital": "-1,154,000", "Invested Capital": "16,667,000", "Tangible Book Value": "7,220,000", "Total Debt": "9,036,000", "Net Debt": "9,020,000", "Share Issued": "244,500", "Ordinary Shares Number": "244,500"}}, "cf": {"TTM": {"Duration": "TTM", "Operating Cash Flow": "1,727,000", "Investing Cash Flow": "-3,329,000", "Financing Cash Flow": "1,727,000", "End Cash Position": "301,000", "Income Tax Paid Supplemental Data": "13,000", "Interest Paid Supplemental Data": "383,000", "Capital Expenditure": "-2,735,000", "Issuance of Capital Stock": "476,000", "Issuance of Debt": "2,183,000", "Repayment of Debt": "-442,000", "Free Cash Flow": "-1,008,000"}, "12/31/2020": {"Duration": "12/31/2020", "Operating Cash Flow": "1,727,000", "Investing Cash Flow": "-3,329,000", "Financing Cash Flow": "1,727,000", "End Cash Position": "301,000", "Income Tax Paid Supplemental Data": "13,000", "Interest Paid Supplemental Data": "383,000", "Capital Expenditure": "-2,735,000", "Issuance of Capital Stock": "476,000", "Issuance of Debt": "2,183,000", "Repayment of Debt": "-442,000", "Free Cash Flow": "-1,008,000"}, "12/31/2019": {"Duration": "12/31/2019", "Operating Cash Flow": "2,170,000", "Investing Cash Flow": "-2,435,000", "Financing Cash Flow": "334,000", "End Cash Position": "176,000", "Income Tax Paid Supplemental Data": "13,000", "Interest Paid Supplemental Data": "367,000", "Capital Expenditure": "-2,442,000", "Issuance of Capital Stock": "68,000", "Issuance of Debt": "1,527,000", "Repayment of Debt": "-580,000", "Free Cash Flow": "-272,000"}, "12/31/2018": {"Duration": "12/31/2018", "Operating Cash Flow": "2,170,000", "Investing Cash Flow": "-2,336,000", "Financing Cash Flow": "205,000", "End Cash Position": "107,000", "Income Tax Paid Supplemental Data": "21,000", "Interest Paid Supplemental Data": "387,000", "Capital Expenditure": "-2,338,000", "Issuance of Capital Stock": "74,000", "Issuance of Debt": "1,352,000", "Repayment of Debt": "-841,000", "Free Cash Flow": "-168,000"}}}}, {"AT": {"quote": {"05/12/2021": {"value": "3.0200", "Market Cap": "270.086M", "Beta (5Y Monthly)": "0.09", "PE Ratio (TTM)": "7.22", "EPS (TTM)": "0.4180", "Earnings Date": "Aug 04, 2021 - Aug 09, 2021", "Forward Dividend & Yield": "N/A (N/A)", "Ex-Dividend Date": "Nov 25, 2015", "1y Target Est": "3.11"}}, "fin": {"TTM": {"Duration": "TTM", "Total Revenue": "272,000", "Cost of Revenue": "160,400", "Gross Profit": "111,600", "Operating Expense": "84,500", "Operating Income": "27,100", "Net Non Operating Interest Income Expense": "-43,600", "Other Income Expense": "65,800", "Pretax Income": "49,300", "Tax Provision": "-24,200", "Net Income Common Stockholders": "74,200", "Average Dilution Earnings": "3,800", "Diluted NI Available to Com Stockholders": "78,000", "Basic EPS": "-", "Diluted EPS": "-", "Basic Average Shares": "-", "Diluted Average Shares": "-", "Total Operating Income as Reported": "-", "Total Expenses": "244,900", "Interest Expense": "43,600", "Net Interest Income": "-43,600", "Net Income from Continuing & Discontinued Operation": "73,500", "Normalized Income": "60,287", "EBIT": "92,900", "EBITDA": "152,600", "Reconciled Cost of Revenue": "160,400", "Reconciled Depreciation": "59,700", "Net Income from Continuing Operation Net Minority Interest": "73,500", "Total Unusual Items Excluding Goodwill": "18,100", "Total Unusual Items": "18,100", "Normalized EBITDA": "134,500", "Tax Rate for Calcs": "0", "Tax Effect of Unusual Items": "4,887"}, "12/31/2020": {"Duration": "12/31/2020", "Total Revenue": "272,000", "Cost of Revenue": "160,400", "Gross Profit": "111,600", "Operating Expense": "84,500", "Operating Income": "27,100", "Net Non Operating Interest Income Expense": "-43,600", "Other Income Expense": "65,800", "Pretax Income": "49,300", "Tax Provision": "-24,200", "Net Income Common Stockholders": "74,200", "Average Dilution Earnings": "3,800", "Diluted NI Available to Com Stockholders": "78,000", "Basic EPS": "-", "Diluted EPS": "-", "Basic Average Shares": "-", "Diluted Average Shares": "-", "Total Operating Income as Reported": "-", "Total Expenses": "244,900", "Interest Expense": "43,600", "Net Interest Income": "-43,600", "Net Income from Continuing & Discontinued Operation": "73,500", "Normalized Income": "60,287", "EBIT": "92,900", "EBITDA": "-", "Reconciled Cost of Revenue": "160,400", "Reconciled Depreciation": "59,700", "Net Income from Continuing Operation Net Minority Interest": "73,500", "Total Unusual Items Excluding Goodwill": "18,100", "Total Unusual Items": "18,100", "Normalized EBITDA": "134,500", "Tax Rate for Calcs": "0", "Tax Effect of Unusual Items": "4,887"}, "12/31/2019": {"Duration": "12/31/2019", "Total Revenue": "281,600", "Cost of Revenue": "149,300", "Gross Profit": "132,300", "Operating Expense": "88,400", "Operating Income": "43,900", "Net Non Operating Interest Income Expense": "-45,100", "Other Income Expense": "-32,800", "Pretax Income": "-34,000", "Tax Provision": "9,800", "Net Income Common Stockholders": "-42,600", "Average Dilution Earnings": "-", "Diluted NI Available to Com Stockholders": "-42,600", "Basic EPS": "-0.39", "Diluted EPS": "-0.39", "Basic Average Shares": "109,300", "Diluted Average Shares": "109,300", "Total Operating Income as Reported": "-", "Total Expenses": "237,700", "Interest Expense": "45,100", "Net Interest Income": "-45,100", "Net Income from Continuing & Discontinued Operation": "-43,800", "Normalized Income": "-23,652", "EBIT": "11,100", "EBITDA": "-", "Reconciled Cost of Revenue": "149,400", "Reconciled Depreciation": "64,400", "Net Income from Continuing Operation Net Minority Interest": "-43,800", "Total Unusual Items Excluding Goodwill": "-27,600", "Total Unusual Items": "-27,600", "Normalized EBITDA": "103,200", "Tax Rate for Calcs": "0", "Tax Effect of Unusual Items": "-7,452"}, "12/31/2018": {"Duration": "12/31/2018", "Total Revenue": "282,300", "Cost of Revenue": "158,100", "Gross Profit": "124,200", "Operating Expense": "107,600", "Operating Income": "16,600", "Net Non Operating Interest Income Expense": "-54,500", "Other Income Expense": "75,300", "Pretax Income": "37,400", "Tax Provision": "200", "Net Income Common Stockholders": "36,800", "Average Dilution Earnings": "4,700", "Diluted NI Available to Com Stockholders": "41,500", "Basic EPS": "0.33", "Diluted EPS": "0.29", "Basic Average Shares": "112,000", "Diluted Average Shares": "141,800", "Total Operating Income as Reported": "-", "Total Expenses": "265,700", "Interest Expense": "54,500", "Net Interest Income": "-54,500", "Net Income from Continuing & Discontinued Operation": "37,200", "Normalized Income": "12,450", "EBIT": "91,900", "EBITDA": "-", "Reconciled Cost of Revenue": "158,100", "Reconciled Depreciation": "83,700", "Net Income from Continuing Operation Net Minority Interest": "37,200", "Total Unusual Items Excluding Goodwill": "25,000", "Total Unusual Items": "25,000", "Normalized EBITDA": "150,600", "Tax Rate for Calcs": "0", "Tax Effect of Unusual Items": "250"}}, "bs": {"12/31/2020": {"Duration": "12/31/2020", "Total Assets": "847,200", "Total Liabilities Net Minority Interest": "688,600", "Total Equity Gross Minority Interest": "158,600", "Total Capitalization": "458,000", "Preferred Stock Equity": "-", "Common Stock Equity": "-10,200", "Capital Lease Obligations": "5,000", "Net Tangible Assets": "-151,800", "Working Capital": "-30,500", "Invested Capital": "553,700", "Tangible Book Value": "-151,800", "Total Debt": "568,900", "Net Debt": "525,100", "Share Issued": "89,223", "Ordinary Shares Number": "89,223"}, "12/31/2019": {"Duration": "12/31/2019", "Total Assets": "935,600", "Total Liabilities Net Minority Interest": "797,900", "Total Equity Gross Minority Interest": "137,700", "Total Capitalization": "509,600", "Preferred Stock Equity": "-", "Common Stock Equity": "-45,000", "Capital Lease Obligations": "6,800", "Net Tangible Assets": "-210,600", "Working Capital": "29,800", "Invested Capital": "586,000", "Tangible Book Value": "-210,600", "Total Debt": "637,800", "Net Debt": "556,100", "Share Issued": "108,675", "Ordinary Shares Number": "108,675"}, "12/31/2018": {"Duration": "12/31/2018", "Total Assets": "1,024,500", "Total Liabilities Net Minority Interest": "832,100", "Total Equity Gross Minority Interest": "192,400", "Total Capitalization": "609,500", "Preferred Stock Equity": "199,300", "Common Stock Equity": "-6,900", "Capital Lease Obligations": "-", "Net Tangible Assets": "-198,300", "Working Capital": "20,400", "Invested Capital": "695,700", "Tangible Book Value": "-198,300", "Total Debt": "702,600", "Net Debt": "634,300", "Share Issued": "108,342", "Ordinary Shares Number": "108,342"}}, "cf": {"TTM": {"Duration": "TTM", "Operating Cash Flow": "107,300", "Investing Cash Flow": "-10,400", "Financing Cash Flow": "-133,600", "Cash Flow from Discontinued Operation": "-", "End Cash Position": "45,900", "Income Tax Paid Supplemental Data": "5,700", "Interest Paid Supplemental Data": "37,200", "Capital Expenditure": "-24,800", "Issuance of Debt": "0", "Repayment of Debt": "-76,400", "Repurchase of Capital Stock": "-48,000", "Free Cash Flow": "82,500"}, "12/31/2020": {"Duration": "12/31/2020", "Operating Cash Flow": "107,300", "Investing Cash Flow": "-10,400", "Financing Cash Flow": "-133,600", "Cash Flow from Discontinued Operation": "-", "End Cash Position": "45,900", "Income Tax Paid Supplemental Data": "5,700", "Interest Paid Supplemental Data": "37,200", "Capital Expenditure": "-24,800", "Issuance of Debt": "-", "Repayment of Debt": "-76,400", "Repurchase of Capital Stock": "-48,000", "Free Cash Flow": "82,500"}, "12/31/2019": {"Duration": "12/31/2019", "Operating Cash Flow": "144,700", "Investing Cash Flow": "-21,700", "Financing Cash Flow": "-110,800", "Cash Flow from Discontinued Operation": "-", "End Cash Position": "82,600", "Income Tax Paid Supplemental Data": "2,300", "Interest Paid Supplemental Data": "37,600", "Capital Expenditure": "-7,300", "Issuance of Debt": "0", "Repayment of Debt": "-90,800", "Repurchase of Capital Stock": "-10,500", "Free Cash Flow": "137,400"}, "12/31/2018": {"Duration": "12/31/2018", "Operating Cash Flow": "137,500", "Investing Cash Flow": "-17,000", "Financing Cash Flow": "-135,000", "Cash Flow from Discontinued Operation": "-", "End Cash Position": "70,400", "Income Tax Paid Supplemental Data": "3,100", "Interest Paid Supplemental Data": "41,300", "Capital Expenditure": "-1,800", "Issuance of Debt": "92,200", "Repayment of Debt": "-188,400", "Repurchase of Capital Stock": "-24,600", "Free Cash Flow": "135,700"}}}}, {"ABY": {"quote": {"05/12/2021": {"value": "", "Net Assets": "N/A", "Beta (5Y Monthly)": "N/A", "Yield": "N/A", "5y Average Return": "N/A", "Holdings Turnover": "N/A", "Last Dividend": "N/A", "Average for Category": "N/A", "Inception Date": "N/A"}}, "fin": {}, "bs": {}, "cf": {}}}, {"LNT": {"quote": {"05/12/2021": {"value": "55.81", "Market Cap": "13.96B", "Beta (5Y Monthly)": "0.33", "PE Ratio (TTM)": "22.76", "EPS (TTM)": "2.45", "Earnings Date": "Aug 04, 2021 - Aug 09, 2021", "Forward Dividend & Yield": "1.61 (2.83%)", "Ex-Dividend Date": "Apr 29, 2021", "1y Target Est": "58.56"}}, "fin": {"TTM": {"Duration": "TTM", "Total Revenue": "3,416,000", "Cost of Revenue": "1,953,000", "Gross Profit": "1,463,000", "Operating Expense": "723,000", "Operating Income": "740,000", "Net Non Operating Interest Income Expense": "-275,000", "Other Income Expense": "102,000", "Pretax Income": "567,000", "Tax Provision": "-57,000", "Net Income Common Stockholders": "614,000", "Diluted NI Available to Com Stockholders": "614,000", "Basic EPS": "-", "Diluted EPS": "-", "Basic Average Shares": "-", "Diluted Average Shares": "-", "Total Operating Income as Reported": "740,000", "Total Expenses": "2,676,000", "Interest Income": "-", "Interest Expense": "275,000", "Net Interest Income": "-275,000", "Net Income from Continuing & Discontinued Operation": "624,000", "Normalized Income": "583,850", "EBIT": "842,000", "EBITDA": "1,457,000", "Reconciled Cost of Revenue": "1,953,000", "Reconciled Depreciation": "615,000", "Net Income from Continuing Operation Net Minority Interest": "624,000", "Total Unusual Items Excluding Goodwill": "55,000", "Total Unusual Items": "55,000", "Normalized EBITDA": "1,402,000", "Tax Rate for Calcs": "0", "Tax Effect of Unusual Items": "14,850"}, "12/31/2020": {"Duration": "12/31/2020", "Total Revenue": "3,416,000", "Cost of Revenue": "1,953,000", "Gross Profit": "1,463,000", "Operating Expense": "723,000", "Operating Income": "740,000", "Net Non Operating Interest Income Expense": "-275,000", "Other Income Expense": "102,000", "Pretax Income": "567,000", "Tax Provision": "-57,000", "Net Income Common Stockholders": "614,000", "Diluted NI Available to Com Stockholders": "614,000", "Basic EPS": "2.47", "Diluted EPS": "2.47", "Basic Average Shares": "248,400", "Diluted Average Shares": "248,700", "Total Operating Income as Reported": "740,000", "Total Expenses": "2,676,000", "Interest Income": "-", "Interest Expense": "275,000", "Net Interest Income": "-275,000", "Net Income from Continuing & Discontinued Operation": "624,000", "Normalized Income": "583,850", "EBIT": "842,000", "EBITDA": "-", "Reconciled Cost of Revenue": "1,953,000", "Reconciled Depreciation": "615,000", "Net Income from Continuing Operation Net Minority Interest": "624,000", "Total Unusual Items Excluding Goodwill": "55,000", "Total Unusual Items": "55,000", "Normalized EBITDA": "1,402,000", "Tax Rate for Calcs": "0", "Tax Effect of Unusual Items": "14,850"}, "12/31/2019": {"Duration": "12/31/2019", "Total Revenue": "3,647,700", "Cost of Revenue": "2,192,000", "Gross Profit": "1,455,700", "Operating Expense": "678,000", "Operating Income": "777,700", "Net Non Operating Interest Income Expense": "-272,900", "Other Income Expense": "131,300", "Pretax Income": "636,100", "Tax Provision": "68,700", "Net Income Common Stockholders": "557,200", "Diluted NI Available to Com Stockholders": "557,200", "Basic EPS": "2.34", "Diluted EPS": "2.33", "Basic Average Shares": "238,500", "Diluted Average Shares": "239,000", "Total Operating Income as Reported": "777,700", "Total Expenses": "2,870,000", "Interest Income": "-", "Interest Expense": "272,900", "Net Interest Income": "-272,900", "Net Income from Continuing & Discontinued Operation": "567,400", "Normalized Income": "484,712", "EBIT": "909,000", "EBITDA": "-", "Reconciled Cost of Revenue": "2,192,000", "Reconciled Depreciation": "567,200", "Net Income from Continuing Operation Net Minority Interest": "567,400", "Total Unusual Items Excluding Goodwill": "92,700", "Total Unusual Items": "92,700", "Normalized EBITDA": "1,383,500", "Tax Rate for Calcs": "0", "Tax Effect of Unusual Items": "10,012"}, "12/31/2018": {"Duration": "12/31/2018", "Total Revenue": "3,534,500", "Cost of Revenue": "2,236,400", "Gross Profit": "1,298,100", "Operating Expense": "611,300", "Operating Income": "686,800", "Net Non Operating Interest Income Expense": "-247,000", "Other Income Expense": "130,200", "Pretax Income": "570,000", "Tax Provision": "47,700", "Net Income Common Stockholders": "512,100", "Diluted NI Available to Com Stockholders": "512,100", "Basic EPS": "2.19", "Diluted EPS": "2.19", "Basic Average Shares": "233,600", "Diluted Average Shares": "233,600", "Total Operating Income as Reported": "694,400", "Total Expenses": "2,847,700", "Interest Income": "-", "Interest Expense": "247,000", "Net Interest Income": "-247,000", "Net Income from Continuing & Discontinued Operation": "522,300", "Normalized Income": "453,027", "EBIT": "817,000", "EBITDA": "-", "Reconciled Cost of Revenue": "2,225,800", "Reconciled Depreciation": "517,500", "Net Income from Continuing Operation Net Minority Interest": "522,300", "Total Unusual Items Excluding Goodwill": "75,600", "Total Unusual Items": "75,600", "Normalized EBITDA": "1,258,900", "Tax Rate for Calcs": "0", "Tax Effect of Unusual Items": "6,327"}}, "bs": {"12/31/2020": {"Duration": "12/31/2020", "Total Assets": "17,710,000", "Total Liabilities Net Minority Interest": "11,822,000", "Total Equity Gross Minority Interest": "5,888,000", "Total Capitalization": "12,457,000", "Common Stock Equity": "5,688,000", "Net Tangible Assets": "5,688,000", "Working Capital": "-410,000", "Invested Capital": "12,854,000", "Tangible Book Value": "5,688,000", "Total Debt": "7,166,000", "Net Debt": "7,112,000", "Share Issued": "249,868", "Ordinary Shares Number": "249,868"}, "12/31/2019": {"Duration": "12/31/2019", "Total Assets": "16,700,700", "Total Liabilities Net Minority Interest": "11,295,600", "Total Equity Gross Minority Interest": "5,405,100", "Total Capitalization": "10,738,100", "Common Stock Equity": "5,205,100", "Net Tangible Assets": "5,205,100", "Working Capital": "-1,178,600", "Invested Capital": "11,732,700", "Tangible Book Value": "5,205,100", "Total Debt": "6,527,600", "Net Debt": "6,511,300", "Share Issued": "245,023", "Ordinary Shares Number": "245,023"}, "12/31/2018": {"Duration": "12/31/2018", "Total Assets": "15,426,000", "Total Liabilities Net Minority Interest": "10,640,300", "Total Equity Gross Minority Interest": "4,785,700", "Total Capitalization": "9,832,000", "Common Stock Equity": "4,585,700", "Net Tangible Assets": "4,585,700", "Working Capital": "-859,000", "Invested Capital": "10,529,700", "Tangible Book Value": "4,585,700", "Total Debt": "5,944,000", "Net Debt": "5,923,100", "Share Issued": "236,063", "Ordinary Shares Number": "236,063"}}, "cf": {"TTM": {"Duration": "TTM", "Operating Cash Flow": "501,000", "Investing Cash Flow": "-951,000", "Financing Cash Flow": "488,000", "End Cash Position": "56,000", "Income Tax Paid Supplemental Data": "-", "Interest Paid Supplemental Data": "274,000", "Issuance of Capital Stock": "247,000", "Issuance of Debt": "1,250,000", "Repayment of Debt": "-657,000", "Free Cash Flow": "501,000"}, "12/31/2020": {"Duration": "12/31/2020", "Operating Cash Flow": "501,000", "Investing Cash Flow": "-951,000", "Financing Cash Flow": "488,000", "End Cash Position": "56,000", "Income Tax Paid Supplemental Data": "-", "Interest Paid Supplemental Data": "274,000", "Issuance of Capital Stock": "247,000", "Issuance of Debt": "1,250,000", "Repayment of Debt": "-657,000", "Free Cash Flow": "501,000"}, "12/31/2019": {"Duration": "12/31/2019", "Operating Cash Flow": "660,400", "Investing Cash Flow": "-1,287,300", "Financing Cash Flow": "619,100", "End Cash Position": "17,700", "Income Tax Paid Supplemental Data": "-", "Interest Paid Supplemental Data": "267,900", "Issuance of Capital Stock": "390,300", "Issuance of Debt": "950,000", "Repayment of Debt": "-256,500", "Free Cash Flow": "660,400"}, "12/31/2018": {"Duration": "12/31/2018", "Operating Cash Flow": "527,700", "Investing Cash Flow": "-1,066,800", "Financing Cash Flow": "530,700", "End Cash Position": "25,500", "Income Tax Paid Supplemental Data": "5,000", "Interest Paid Supplemental Data": "247,500", "Issuance of Capital Stock": "196,600", "Issuance of Debt": "1,500,000", "Repayment of Debt": "-855,700", "Free Cash Flow": "527,700"}}}}, {"BKH": {"quote": {"05/12/2021": {"value": "65.32", "Market Cap": "4.107B", "Beta (5Y Monthly)": "0.35", "PE Ratio (TTM)": "17.72", "EPS (TTM)": "3.69", "Earnings Date": "Aug 02, 2021 - Aug 06, 2021", "Forward Dividend & Yield": "2.26 (3.36%)", "Ex-Dividend Date": "May 17, 2021", "1y Target Est": "74.38"}}, "fin": {"TTM": {"Duration": "TTM", "Total Revenue": "1,793,323", "Cost of Revenue": "1,097,289", "Gross Profit": "696,034", "Operating Expense": "282,601", "Operating Income": "413,433", "Net Non Operating Interest Income Expense": "-145,617", "Other Income Expense": "-4,380", "Pretax Income": "263,436", "Tax Provision": "17,410", "Net Income Common Stockholders": "230,750", "Diluted NI Available to Com Stockholders": "230,750", "Basic EPS": "-", "Diluted EPS": "-", "Basic Average Shares": "-", "Diluted Average Shares": "-", "Total Operating Income as Reported": "413,433", "Total Expenses": "1,379,890", "Interest Income": "1,358", "Interest Expense": "146,975", "Net Interest Income": "-145,617", "Net Income from Continuing & Discontinued Operation": "230,750", "Normalized Income": "230,750", "EBIT": "410,411", "EBITDA": "635,735", "Reconciled Cost of Revenue": "1,097,289", "Reconciled Depreciation": "225,324", "Net Income from Continuing Operation Net Minority Interest": "230,750", "Total Unusual Items Excluding Goodwill": "0", "Total Unusual Items": "0", "Normalized EBITDA": "635,735", "Tax Rate for Calcs": "0", "Tax Effect of Unusual Items": "0"}, "12/31/2020": {"Duration": "12/31/2020", "Total Revenue": "1,696,941", "Cost of Revenue": "987,808", "Gross Profit": "709,133", "Operating Expense": "280,830", "Operating Income": "428,303", "Net Non Operating Interest Income Expense": "-143,470", "Other Income Expense": "-9,152", "Pretax Income": "275,681", "Tax Provision": "32,918", "Net Income Common Stockholders": "227,608", "Diluted NI Available to Com Stockholders": "227,608", "Basic EPS": "-", "Diluted EPS": "-", "Basic Average Shares": "-", "Diluted Average Shares": "-", "Total Operating Income as Reported": "428,303", "Total Expenses": "1,268,638", "Interest Income": "1,461", "Interest Expense": "144,931", "Net Interest Income": "-143,470", "Net Income from Continuing & Discontinued Operation": "227,608", "Normalized Income": "233,651", "EBIT": "420,612", "EBITDA": "-", "Reconciled Cost of Revenue": "987,808", "Reconciled Depreciation": "224,457", "Net Income from Continuing Operation Net Minority Interest": "227,608", "Total Unusual Items Excluding Goodwill": "-6,859", "Total Unusual Items": "-6,859", "Normalized EBITDA": "651,928", "Tax Rate for Calcs": "0", "Tax Effect of Unusual Items": "-816.221"}, "12/31/2019": {"Duration": "12/31/2019", "Total Revenue": "1,734,900", "Cost of Revenue": "1,066,823", "Gross Profit": "668,077", "Operating Expense": "262,035", "Operating Income": "406,042", "Net Non Operating Interest Income Expense": "-137,659", "Other Income Expense": "-25,481", "Pretax Income": "242,902", "Tax Provision": "29,580", "Net Income Common Stockholders": "199,310", "Diluted NI Available to Com Stockholders": "199,310", "Basic EPS": "3.29", "Diluted EPS": "3.28", "Basic Average Shares": "60,662", "Diluted Average Shares": "60,798", "Total Operating Income as Reported": "406,042", "Total Expenses": "1,328,858", "Interest Income": "1,632", "Interest Expense": "139,291", "Net Interest Income": "-137,659", "Net Income from Continuing & Discontinued Operation": "199,310", "Normalized Income": "216,228", "EBIT": "382,193", "EBITDA": "-", "Reconciled Cost of Revenue": "1,066,823", "Reconciled Depreciation": "209,120", "Net Income from Continuing Operation Net Minority Interest": "199,310", "Total Unusual Items Excluding Goodwill": "-19,269", "Total Unusual Items": "-19,269", "Normalized EBITDA": "610,582", "Tax Rate for Calcs": "0", "Tax Effect of Unusual Items": "-2,351"}, "12/31/2018": {"Duration": "12/31/2018", "Total Revenue": "1,754,268", "Cost of Revenue": "1,107,316", "Gross Profit": "646,952", "Operating Expense": "249,915", "Operating Income": "397,037", "Net Non Operating Interest Income Expense": "-139,975", "Other Income Expense": "-1,180", "Pretax Income": "255,882", "Tax Provision": "-23,667", "Net Income Common Stockholders": "258,442", "Diluted NI Available to Com Stockholders": "258,442", "Basic EPS": "4.75", "Diluted EPS": "4.66", "Basic Average Shares": "54,400", "Diluted Average Shares": "55,500", "Total Operating Income as Reported": "397,037", "Total Expenses": "1,357,231", "Interest Income": "1,641", "Interest Expense": "141,616", "Net Interest Income": "-139,975", "Net Income from Continuing & Discontinued Operation": "258,442", "Normalized Income": "264,877", "EBIT": "397,498", "EBITDA": "-", "Reconciled Cost of Revenue": "1,107,316", "Reconciled Depreciation": "196,328", "Net Income from Continuing Operation Net Minority Interest": "265,329", "Total Unusual Items Excluding Goodwill": "619", "Total Unusual Items": "619", "Normalized EBITDA": "593,207", "Tax Rate for Calcs": "0", "Tax Effect of Unusual Items": "167.13"}}, "bs": {"12/31/2020": {"Duration": "12/31/2020", "Total Assets": "8,088,786", "Total Liabilities Net Minority Interest": "5,426,139", "Total Equity Gross Minority Interest": "2,662,647", "Total Capitalization": "6,089,485", "Common Stock Equity": "2,561,385", "Net Tangible Assets": "1,249,987", "Working Capital": "-203,242", "Invested Capital": "6,331,961", "Tangible Book Value": "1,249,987", "Total Debt": "3,770,576", "Net Debt": "3,764,220", "Share Issued": "62,827", "Ordinary Shares Number": "62,795", "Treasury Shares Number": "32.492"}, "12/31/2019": {"Duration": "12/31/2019", "Total Assets": "7,558,457", "Total Liabilities Net Minority Interest": "5,094,388", "Total Equity Gross Minority Interest": "2,464,069", "Total Capitalization": "5,502,219", "Common Stock Equity": "2,362,123", "Net Tangible Assets": "1,049,403", "Working Capital": "-338,110", "Invested Capital": "5,857,462", "Tangible Book Value": "1,049,403", "Total Debt": "3,495,339", "Net Debt": "3,485,562", "Share Issued": "61,481", "Ordinary Shares Number": "61,477", "Treasury Shares Number": "3.956"}, "12/31/2018": {"Duration": "12/31/2018", "Total Assets": "6,963,327", "Total Liabilities Net Minority Interest": "4,675,904", "Total Equity Gross Minority Interest": "2,287,423", "Total Capitalization": "5,132,423", "Common Stock Equity": "2,181,588", "Net Tangible Assets": "867,797", "Working Capital": "-144,397", "Invested Capital": "5,323,786", "Tangible Book Value": "867,797", "Total Debt": "3,142,198", "Net Debt": "3,121,422", "Share Issued": "60,049", "Ordinary Shares Number": "60,004", "Treasury Shares Number": "44.253"}}, "cf": {"TTM": {"Duration": "TTM", "Operating Cash Flow": "-36,192", "Investing Cash Flow": "-734,804", "Financing Cash Flow": "730,757", "End Cash Position": "17,925", "Income Tax Paid Supplemental Data": "-", "Capital Expenditure": "-741,824", "Issuance of Capital Stock": "-43", "Issuance of Debt": "1,200,000", "Repayment of Debt": "-193,537", "Free Cash Flow": "-778,016"}, "12/31/2020": {"Duration": "12/31/2020", "Operating Cash Flow": "541,863", "Investing Cash Flow": "-761,664", "Financing Cash Flow": "216,882", "End Cash Position": "10,739", "Income Tax Paid Supplemental Data": "2,172", "Capital Expenditure": "-767,404", "Issuance of Capital Stock": "99,278", "Issuance of Debt": "400,000", "Repayment of Debt": "-8,597", "Free Cash Flow": "-225,541"}, "12/31/2019": {"Duration": "12/31/2019", "Operating Cash Flow": "505,513", "Investing Cash Flow": "-816,210", "Financing Cash Flow": "300,210", "End Cash Position": "13,658", "Income Tax Paid Supplemental Data": "-", "Capital Expenditure": "-818,376", "Issuance of Capital Stock": "101,358", "Issuance of Debt": "1,100,000", "Repayment of Debt": "-905,743", "Free Cash Flow": "-312,863"}, "12/31/2018": {"Duration": "12/31/2018", "Operating Cash Flow": "488,811", "Investing Cash Flow": "-465,849", "Financing Cash Flow": "-17,057", "End Cash Position": "24,145", "Income Tax Paid Supplemental Data": "-", "Capital Expenditure": "-457,524", "Issuance of Capital Stock": "300,834", "Issuance of Debt": "700,000", "Repayment of Debt": "-880,423", "Free Cash Flow": "31,287"}}}}, {"EBR": {"quote": {"05/12/2021": {"value": "7.02", "Market Cap": "10.844B", "Beta (5Y Monthly)": "0.85", "PE Ratio (TTM)": "8.99", "EPS (TTM)": "0.78", "Earnings Date": "N/A", "Forward Dividend & Yield": "0.70 (9.63%)", "Ex-Dividend Date": "May 12, 2021", "1y Target Est": "N/A"}}, "fin": {"TTM": {"Duration": "TTM", "Total Revenue": "29,080,513", "Cost of Revenue": "10,117,498", "Gross Profit": "18,963,015", "Operating Expense": "11,858,352", "Operating Income": "7,104,663", "Net Non Operating Interest Income Expense": "-3,057,176", "Other Income Expense": "2,905,159", "Pretax Income": "6,952,646", "Tax Provision": "565,333", "Net Income Common Stockholders": "6,387,313", "Diluted NI Available to Com Stockholders": "6,387,313", "Basic EPS": "-", "Diluted EPS": "-", "Basic Average Shares": "-", "Diluted Average Shares": "-", "Total Operating Income as Reported": "6,937,255", "Total Expenses": "21,975,850", "Net Income from Continuing & Discontinued Operation": "6,387,313", "Normalized Income": "5,842,463", "Interest Income": "863,828", "Interest Expense": "3,220,766", "Net Interest Income": "-3,057,176", "EBIT": "10,173,412", "EBITDA": "12,036,281", "Reconciled Cost of Revenue": "8,420,493", "Reconciled Depreciation": "1,862,869", "Net Income from Continuing Operation Net Minority Interest": "6,387,313", "Total Unusual Items Excluding Goodwill": "593,074", "Total Unusual Items": "593,074", "Normalized EBITDA": "11,443,207", "Tax Rate for Calcs": "0", "Tax Effect of Unusual Items": "48,224"}, "12/31/2020": {"Duration": "12/31/2020", "Total Revenue": "29,080,513", "Cost of Revenue": "10,117,498", "Gross Profit": "18,963,015", "Operating Expense": "11,858,352", "Operating Income": "7,104,663", "Net Non Operating Interest Income Expense": "-3,057,176", "Other Income Expense": "2,905,159", "Pretax Income": "6,952,646", "Tax Provision": "565,333", "Net Income Common Stockholders": "6,387,313", "Diluted NI Available to Com Stockholders": "6,387,313", "Basic EPS": "-", "Diluted EPS": "-", "Basic Average Shares": "-", "Diluted Average Shares": "-", "Total Operating Income as Reported": "6,937,255", "Total Expenses": "21,975,850", "Net Income from Continuing & Discontinued Operation": "6,387,313", "Normalized Income": "5,842,463", "Interest Income": "863,828", "Interest Expense": "3,220,766", "Net Interest Income": "-3,057,176", "EBIT": "10,173,412", "EBITDA": "-", "Reconciled Cost of Revenue": "8,420,493", "Reconciled Depreciation": "1,862,869", "Net Income from Continuing Operation Net Minority Interest": "6,387,313", "Total Unusual Items Excluding Goodwill": "593,074", "Total Unusual Items": "593,074", "Normalized EBITDA": "11,443,207", "Tax Rate for Calcs": "0", "Tax Effect of Unusual Items": "48,224"}, "12/31/2019": {"Duration": "12/31/2019", "Total Revenue": "27,725,527", "Cost of Revenue": "6,777,819", "Gross Profit": "20,947,708", "Operating Expense": "13,628,939", "Operating Income": "7,318,769", "Net Non Operating Interest Income Expense": "-2,033,455", "Other Income Expense": "1,083,292", "Pretax Income": "6,368,606", "Tax Provision": "-1,090,262", "Net Income Common Stockholders": "10,697,124", "Diluted NI Available to Com Stockholders": "10,697,124", "Basic EPS": "7.94", "Diluted EPS": "7.94", "Basic Average Shares": "1,352,634", "Diluted Average Shares": "1,352,634", "Total Operating Income as Reported": "7,284,184", "Total Expenses": "20,406,758", "Net Income from Continuing & Discontinued Operation": "10,697,124", "Normalized Income": "7,477,808", "Interest Income": "1,128,324", "Interest Expense": "3,588,566", "Net Interest Income": "-2,033,455", "EBIT": "9,957,172", "EBITDA": "-", "Reconciled Cost of Revenue": "6,777,819", "Reconciled Depreciation": "1,807,429", "Net Income from Continuing Operation Net Minority Interest": "7,412,149", "Total Unusual Items Excluding Goodwill": "-82,156", "Total Unusual Items": "-82,156", "Normalized EBITDA": "11,846,757", "Tax Rate for Calcs": "0", "Tax Effect of Unusual Items": "-16,497"}, "12/31/2018": {"Duration": "12/31/2018", "Total Revenue": "24,975,747", "Cost of Revenue": "5,537,063", "Gross Profit": "19,438,684", "Operating Expense": "12,250,828", "Operating Income": "7,187,856", "Net Non Operating Interest Income Expense": "-206,859", "Other Income Expense": "7,762,243", "Pretax Income": "14,743,240", "Tax Provision": "2,483,718", "Net Income Common Stockholders": "13,262,378", "Diluted NI Available to Com Stockholders": "13,262,378", "Basic EPS": "9.80", "Diluted EPS": "9.80", "Basic Average Shares": "1,362,515", "Diluted Average Shares": "1,362,515", "Total Operating Income as Reported": "13,936,463", "Total Expenses": "17,787,891", "Net Income from Continuing & Discontinued Operation": "13,262,378", "Normalized Income": "6,871,521", "Interest Income": "2,891,014", "Interest Expense": "2,989,654", "Net Interest Income": "-206,859", "EBIT": "17,732,894", "EBITDA": "-", "Reconciled Cost of Revenue": "5,537,063", "Reconciled Depreciation": "1,701,989", "Net Income from Continuing Operation Net Minority Interest": "12,174,323", "Total Unusual Items Excluding Goodwill": "6,377,393", "Total Unusual Items": "6,377,393", "Normalized EBITDA": "13,057,490", "Tax Rate for Calcs": "0", "Tax Effect of Unusual Items": "1,074,591"}}, "bs": {"12/31/2020": {"Duration": "12/31/2020", "Total Assets": "178,966,449", "Total Liabilities Net Minority Interest": "105,215,155", "Total Equity Gross Minority Interest": "73,751,294", "Total Capitalization": "110,059,497", "Common Stock Equity": "73,478,307", "Capital Lease Obligations": "1,053,194", "Net Tangible Assets": "72,827,357", "Working Capital": "18,791,671", "Invested Capital": "121,527,449", "Tangible Book Value": "72,827,357", "Total Debt": "49,102,336", "Net Debt": "47,762,535", "Share Issued": "1,568,931", "Ordinary Shares Number": "1,568,931"}, "12/31/2019": {"Duration": "12/31/2019", "Total Assets": "177,466,715", "Total Liabilities Net Minority Interest": "106,072,569", "Total Equity Gross Minority Interest": "71,394,146", "Total Capitalization": "111,561,882", "Common Stock Equity": "70,906,801", "Capital Lease Obligations": "1,207,189", "Net Tangible Assets": "70,251,760", "Working Capital": "15,080,406", "Invested Capital": "119,292,198", "Tangible Book Value": "70,251,760", "Total Debt": "49,592,586", "Net Debt": "48,050,090", "Share Issued": "1,352,634", "Ordinary Shares Number": "1,352,634"}, "12/31/2018": {"Duration": "12/31/2018", "Total Assets": "181,210,208", "Total Liabilities Net Minority Interest": "125,201,260", "Total Equity Gross Minority Interest": "56,008,948", "Total Capitalization": "98,758,406", "Common Stock Equity": "55,542,906", "Capital Lease Obligations": "976,115", "Net Tangible Assets": "54,893,256", "Working Capital": "10,321,442", "Invested Capital": "110,877,050", "Tangible Book Value": "54,893,256", "Total Debt": "56,310,259", "Net Debt": "54,750,792", "Share Issued": "1,353,053", "Ordinary Shares Number": "1,353,053"}}, "cf": {"TTM": {"Duration": "TTM", "Operating Cash Flow": "4,198,720", "Investing Cash Flow": "2,441,552", "Financing Cash Flow": "-6,688,971", "End Cash Position": "286,607", "Capital Expenditure": "-2,396,789", "Issuance of Debt": "9,157,888", "Repayment of Debt": "-13,170,489", "Free Cash Flow": "1,801,931"}, "12/31/2020": {"Duration": "12/31/2020", "Operating Cash Flow": "4,198,720", "Investing Cash Flow": "2,441,552", "Financing Cash Flow": "-6,688,971", "End Cash Position": "286,607", "Capital Expenditure": "-2,396,789", "Issuance of Debt": "9,157,888", "Repayment of Debt": "-13,170,489", "Free Cash Flow": "1,801,931"}, "12/31/2019": {"Duration": "12/31/2019", "Operating Cash Flow": "-86,327", "Investing Cash Flow": "3,270,028", "Financing Cash Flow": "-3,390,681", "End Cash Position": "335,307", "Capital Expenditure": "-2,020,202", "Issuance of Debt": "6,779,312", "Repayment of Debt": "-13,010,374", "Free Cash Flow": "-2,106,529"}, "12/31/2018": {"Duration": "12/31/2018", "Operating Cash Flow": "4,356,871", "Investing Cash Flow": "421,308", "Financing Cash Flow": "-5,014,754", "End Cash Position": "583,352", "Capital Expenditure": "-1,261,045", "Issuance of Debt": "1,024,168", "Repayment of Debt": "-6,374,321", "Free Cash Flow": "3,095,826"}}}}, {"SO": {"quote": {"05/12/2021": {"value": "64.36", "Market Cap": "68.133B", "Beta (5Y Monthly)": "0.44", "PE Ratio (TTM)": "20.24", "EPS (TTM)": "3.18", "Earnings Date": "Jul 28, 2021 - Aug 02, 2021", "Forward Dividend & Yield": "2.64 (4.01%)", "Ex-Dividend Date": "May 14, 2021", "1y Target Est": "67.22"}}, "fin": {"TTM": {"Duration": "TTM", "Total Revenue": "21,267,000", "Cost of Revenue": "10,963,000", "Gross Profit": "10,304,000", "Operating Expense": "5,154,000", "Operating Income": "5,150,000", "Net Non Operating Interest Income Expense": "-1,815,000", "Other Income Expense": "472,000", "Pretax Income": "3,807,000", "Tax Provision": "438,000", "Net Income Common Stockholders": "3,386,000", "Diluted NI Available to Com Stockholders": "3,386,000", "Basic EPS": "-", "Diluted EPS": "-", "Basic Average Shares": "-", "Diluted Average Shares": "-", "Total Operating Income as Reported": "5,220,000", "Total Expenses": "16,117,000", "Interest Expense": "1,815,000", "Net Interest Income": "-1,815,000", "Net Income from Continuing & Discontinued Operation": "3,401,000", "Normalized Income": "3,378,876", "EBIT": "5,622,000", "EBITDA": "9,542,000", "Reconciled Cost of Revenue": "10,575,000", "Reconciled Depreciation": "3,920,000", "Net Income from Continuing Operation Net Minority Interest": "3,401,000", "Total Unusual Items Excluding Goodwill": "25,000", "Total Unusual Items": "25,000", "Normalized EBITDA": "9,517,000", "Tax Rate for Calcs": "0", "Tax Effect of Unusual Items": "2,876"}, "12/31/2020": {"Duration": "12/31/2020", "Total Revenue": "20,375,000", "Cost of Revenue": "10,478,000", "Gross Profit": "9,897,000", "Operating Expense": "5,077,000", "Operating Income": "4,820,000", "Net Non Operating Interest Income Expense": "-1,821,000", "Other Income Expense": "497,000", "Pretax Income": "3,496,000", "Tax Provision": "393,000", "Net Income Common Stockholders": "3,119,000", "Diluted NI Available to Com Stockholders": "3,119,000", "Basic EPS": "-", "Diluted EPS": "-", "Basic Average Shares": "-", "Diluted Average Shares": "-", "Total Operating Income as Reported": "4,885,000", "Total Expenses": "15,555,000", "Interest Expense": "1,821,000", "Net Interest Income": "-1,821,000", "Net Income from Continuing & Discontinued Operation": "3,134,000", "Normalized Income": "3,126,899", "EBIT": "5,317,000", "EBITDA": "-", "Reconciled Cost of Revenue": "10,091,000", "Reconciled Depreciation": "3,905,000", "Net Income from Continuing Operation Net Minority Interest": "3,134,000", "Total Unusual Items Excluding Goodwill": "8,000", "Total Unusual Items": "8,000", "Normalized EBITDA": "9,214,000", "Tax Rate for Calcs": "0", "Tax Effect of Unusual Items": "899.3135"}, "12/31/2019": {"Duration": "12/31/2019", "Total Revenue": "21,419,000", "Cost of Revenue": "11,792,000", "Gross Profit": "9,627,000", "Operating Expense": "4,292,000", "Operating Income": "5,335,000", "Net Non Operating Interest Income Expense": "-1,736,000", "Other Income Expense": "2,943,000", "Pretax Income": "6,542,000", "Tax Provision": "1,798,000", "Net Income Common Stockholders": "4,739,000", "Diluted NI Available to Com Stockholders": "4,739,000", "Basic EPS": "4.50", "Diluted EPS": "4.50", "Basic Average Shares": "1,053,000", "Diluted Average Shares": "1,053,000", "Total Operating Income as Reported": "7,736,000", "Total Expenses": "16,084,000", "Interest Expense": "1,736,000", "Net Interest Income": "-1,736,000", "Net Income from Continuing & Discontinued Operation": "4,754,000", "Normalized Income": "2,920,069", "EBIT": "8,278,000", "EBITDA": "-", "Reconciled Cost of Revenue": "11,499,000", "Reconciled Depreciation": "3,331,000", "Net Income from Continuing Operation Net Minority Interest": "4,754,000", "Total Unusual Items Excluding Goodwill": "2,529,000", "Total Unusual Items": "2,529,000", "Normalized EBITDA": "9,080,000", "Tax Rate for Calcs": "0", "Tax Effect of Unusual Items": "695,069"}, "12/31/2018": {"Duration": "12/31/2018", "Total Revenue": "23,495,000", "Cost of Revenue": "13,842,000", "Gross Profit": "9,653,000", "Operating Expense": "5,543,000", "Operating Income": "4,110,000", "Net Non Operating Interest Income Expense": "-1,842,000", "Other Income Expense": "481,000", "Pretax Income": "2,749,000", "Tax Provision": "449,000", "Net Income Common Stockholders": "2,226,000", "Diluted NI Available to Com Stockholders": "2,226,000", "Basic EPS": "2.15", "Diluted EPS": "2.15", "Basic Average Shares": "1,033,788", "Diluted Average Shares": "1,033,788", "Total Operating Income as Reported": "4,191,000", "Total Expenses": "19,385,000", "Interest Expense": "1,842,000", "Net Interest Income": "-1,842,000", "Net Income from Continuing & Discontinued Operation": "2,242,000", "Normalized Income": "2,058,770", "EBIT": "4,591,000", "EBITDA": "-", "Reconciled Cost of Revenue": "13,424,000", "Reconciled Depreciation": "3,549,000", "Net Income from Continuing Operation Net Minority Interest": "2,242,000", "Total Unusual Items Excluding Goodwill": "219,000", "Total Unusual Items": "219,000", "Normalized EBITDA": "7,921,000", "Tax Rate for Calcs": "0", "Tax Effect of Unusual Items": "35,770"}}, "bs": {"12/31/2020": {"Duration": "12/31/2020", "Total Assets": "122,935,000", "Total Liabilities Net Minority Interest": "90,410,000", "Total Equity Gross Minority Interest": "32,525,000", "Total Capitalization": "73,336,000", "Preferred Stock Equity": "291,000", "Common Stock Equity": "27,972,000", "Capital Lease Obligations": "1,852,000", "Net Tangible Assets": "22,496,000", "Working Capital": "-3,462,000", "Invested Capital": "77,161,000", "Tangible Book Value": "22,205,000", "Total Debt": "51,041,000", "Net Debt": "48,124,000", "Share Issued": "1,057,465", "Ordinary Shares Number": "1,056,465", "Treasury Shares Number": "1,000"}, "12/31/2019": {"Duration": "12/31/2019", "Total Assets": "118,700,000", "Total Liabilities Net Minority Interest": "86,650,000", "Total Equity Gross Minority Interest": "32,050,000", "Total Capitalization": "69,594,000", "Preferred Stock Equity": "291,000", "Common Stock Equity": "27,505,000", "Capital Lease Obligations": "1,844,000", "Net Tangible Assets": "21,980,000", "Working Capital": "-2,729,000", "Invested Capital": "74,347,000", "Tangible Book Value": "21,689,000", "Total Debt": "48,686,000", "Net Debt": "44,867,000", "Share Issued": "1,054,000", "Ordinary Shares Number": "1,053,000", "Treasury Shares Number": "1,000"}, "12/31/2018": {"Duration": "12/31/2018", "Total Assets": "116,914,000", "Total Liabilities Net Minority Interest": "87,584,000", "Total Equity Gross Minority Interest": "29,330,000", "Total Capitalization": "65,750,000", "Preferred Stock Equity": "291,000", "Common Stock Equity": "24,723,000", "Capital Lease Obligations": "24,000", "Net Tangible Assets": "19,086,000", "Working Capital": "-4,703,000", "Invested Capital": "71,548,000", "Tangible Book Value": "18,795,000", "Total Debt": "46,849,000", "Net Debt": "45,429,000", "Share Issued": "1,034,741", "Ordinary Shares Number": "1,033,788", "Treasury Shares Number": "953"}}, "cf": {"TTM": {"Duration": "TTM", "Operating Cash Flow": "7,044,000", "Investing Cash Flow": "-8,384,000", "Financing Cash Flow": "973,000", "End Cash Position": "1,801,000", "Income Tax Paid Supplemental Data": "-29,000", "Interest Paid Supplemental Data": "-1,654,000", "Capital Expenditure": "-7,559,000", "Issuance of Capital Stock": "36,000", "Issuance of Debt": "8,101,000", "Repayment of Debt": "-4,537,000", "Repurchase of Capital Stock": "-", "Free Cash Flow": "-515,000"}, "12/31/2020": {"Duration": "12/31/2020", "Operating Cash Flow": "6,696,000", "Investing Cash Flow": "-7,030,000", "Financing Cash Flow": "-576,000", "End Cash Position": "1,068,000", "Income Tax Paid Supplemental Data": "-64,000", "Interest Paid Supplemental Data": "-1,683,000", "Capital Expenditure": "-7,441,000", "Issuance of Capital Stock": "74,000", "Issuance of Debt": "8,662,000", "Repayment of Debt": "-6,394,000", "Repurchase of Capital Stock": "0", "Free Cash Flow": "-745,000"}, "12/31/2019": {"Duration": "12/31/2019", "Operating Cash Flow": "5,781,000", "Investing Cash Flow": "-3,392,000", "Financing Cash Flow": "-1,930,000", "End Cash Position": "1,978,000", "Income Tax Paid Supplemental Data": "276,000", "Interest Paid Supplemental Data": "1,651,000", "Capital Expenditure": "-7,555,000", "Issuance of Capital Stock": "844,000", "Issuance of Debt": "6,210,000", "Repayment of Debt": "-6,197,000", "Repurchase of Capital Stock": "0", "Free Cash Flow": "-1,774,000"}, "12/31/2018": {"Duration": "12/31/2018", "Operating Cash Flow": "6,945,000", "Investing Cash Flow": "-5,760,000", "Financing Cash Flow": "-1,813,000", "End Cash Position": "1,519,000", "Income Tax Paid Supplemental Data": "-", "Interest Paid Supplemental Data": "1,794,000", "Capital Expenditure": "-8,001,000", "Issuance of Capital Stock": "1,090,000", "Issuance of Debt": "5,628,000", "Repayment of Debt": "-8,207,000", "Repurchase of Capital Stock": "-33,000", "Free Cash Flow": "-1,056,000"}}}}, {"ED": {"quote": {"05/12/2021": {"value": "77.90", "Market Cap": "26.705B", "Beta (5Y Monthly)": "0.15", "PE Ratio (TTM)": "22.99", "EPS (TTM)": "3.39", "Earnings Date": "Aug 04, 2021 - Aug 09, 2021", "Forward Dividend & Yield": "3.10 (3.91%)", "Ex-Dividend Date": "May 18, 2021", "1y Target Est": "74.45"}}, "fin": {"TTM": {"Duration": "TTM", "Total Revenue": "12,246,000", "Cost of Revenue": "5,097,000", "Gross Profit": "7,149,000", "Operating Expense": "4,495,000", "Operating Income": "2,654,000", "Net Non Operating Interest Income Expense": "-1,019,000", "Other Income Expense": "-401,000", "Pretax Income": "1,234,000", "Tax Provision": "90,000", "Net Income Common Stockholders": "1,101,000", "Diluted NI Available to Com Stockholders": "1,101,000", "Basic EPS": "-", "Diluted EPS": "-", "Basic Average Shares": "-", "Diluted Average Shares": "-", "Total Operating Income as Reported": "2,654,000", "Total Expenses": "9,592,000", "Interest Expense": "1,019,000", "Net Interest Income": "-1,019,000", "Net Income from Continuing & Discontinued Operation": "1,101,000", "Normalized Income": "1,283,632", "EBIT": "2,253,000", "EBITDA": "4,173,000", "Reconciled Cost of Revenue": "5,097,000", "Reconciled Depreciation": "1,920,000", "Net Income from Continuing Operation Net Minority Interest": "1,101,000", "Total Unusual Items Excluding Goodwill": "-197,000", "Total Unusual Items": "-197,000", "Normalized EBITDA": "4,370,000", "Tax Rate for Calcs": "0", "Tax Effect of Unusual Items": "-14,368"}, "12/31/2020": {"Duration": "12/31/2020", "Total Revenue": "12,246,000", "Cost of Revenue": "5,097,000", "Gross Profit": "7,149,000", "Operating Expense": "4,495,000", "Operating Income": "2,654,000", "Net Non Operating Interest Income Expense": "-1,019,000", "Other Income Expense": "-401,000", "Pretax Income": "1,234,000", "Tax Provision": "90,000", "Net Income Common Stockholders": "1,101,000", "Diluted NI Available to Com Stockholders": "1,101,000", "Basic EPS": "-", "Diluted EPS": "-", "Basic Average Shares": "-", "Diluted Average Shares": "-", "Total Operating Income as Reported": "2,654,000", "Total Expenses": "9,592,000", "Interest Expense": "1,019,000", "Net Interest Income": "-1,019,000", "Net Income from Continuing & Discontinued Operation": "1,101,000", "Normalized Income": "1,283,632", "EBIT": "2,253,000", "EBITDA": "-", "Reconciled Cost of Revenue": "5,097,000", "Reconciled Depreciation": "1,920,000", "Net Income from Continuing Operation Net Minority Interest": "1,101,000", "Total Unusual Items Excluding Goodwill": "-197,000", "Total Unusual Items": "-197,000", "Normalized EBITDA": "4,370,000", "Tax Rate for Calcs": "0", "Tax Effect of Unusual Items": "-14,368"}, "12/31/2019": {"Duration": "12/31/2019", "Total Revenue": "12,574,000", "Cost of Revenue": "5,808,000", "Gross Profit": "6,766,000", "Operating Expense": "4,090,000", "Operating Income": "2,676,000", "Net Non Operating Interest Income Expense": "-991,000", "Other Income Expense": "51,000", "Pretax Income": "1,736,000", "Tax Provision": "296,000", "Net Income Common Stockholders": "1,343,000", "Diluted NI Available to Com Stockholders": "1,343,000", "Basic EPS": "4.09", "Diluted EPS": "4.08", "Basic Average Shares": "328,500", "Diluted Average Shares": "329,500", "Total Operating Income as Reported": "2,676,000", "Total Expenses": "9,898,000", "Interest Expense": "991,000", "Net Interest Income": "-991,000", "Net Income from Continuing & Discontinued Operation": "1,343,000", "Normalized Income": "1,251,700", "EBIT": "2,727,000", "EBITDA": "-", "Reconciled Cost of Revenue": "5,808,000", "Reconciled Depreciation": "1,684,000", "Net Income from Continuing Operation Net Minority Interest": "1,343,000", "Total Unusual Items Excluding Goodwill": "110,000", "Total Unusual Items": "110,000", "Normalized EBITDA": "4,301,000", "Tax Rate for Calcs": "0", "Tax Effect of Unusual Items": "18,700"}, "12/31/2018": {"Duration": "12/31/2018", "Total Revenue": "12,337,000", "Cost of Revenue": "6,100,000", "Gross Profit": "6,237,000", "Operating Expense": "3,704,000", "Operating Income": "2,533,000", "Net Non Operating Interest Income Expense": "-819,000", "Other Income Expense": "69,000", "Pretax Income": "1,783,000", "Tax Provision": "401,000", "Net Income Common Stockholders": "1,382,000", "Diluted NI Available to Com Stockholders": "1,382,000", "Basic EPS": "4.43", "Diluted EPS": "4.42", "Basic Average Shares": "311,700", "Diluted Average Shares": "312,900", "Total Operating Income as Reported": "2,664,000", "Total Expenses": "9,804,000", "Interest Expense": "819,000", "Net Interest Income": "-819,000", "Net Income from Continuing & Discontinued Operation": "1,382,000", "Normalized Income": "1,178,924", "EBIT": "2,602,000", "EBITDA": "-", "Reconciled Cost of Revenue": "6,100,000", "Reconciled Depreciation": "1,438,000", "Net Income from Continuing Operation Net Minority Interest": "1,382,000", "Total Unusual Items Excluding Goodwill": "262,000", "Total Unusual Items": "262,000", "Normalized EBITDA": "3,778,000", "Tax Rate for Calcs": "0", "Tax Effect of Unusual Items": "58,924"}}, "bs": {"12/31/2020": {"Duration": "12/31/2020", "Total Assets": "62,895,000", "Total Liabilities Net Minority Interest": "43,830,000", "Total Equity Gross Minority Interest": "19,065,000", "Total Capitalization": "39,229,000", "Common Stock Equity": "18,847,000", "Capital Lease Obligations": "860,000", "Net Tangible Assets": "16,941,000", "Working Capital": "-2,053,000", "Invested Capital": "43,066,000", "Tangible Book Value": "16,941,000", "Total Debt": "25,079,000", "Net Debt": "22,947,000", "Share Issued": "365,508", "Ordinary Shares Number": "342,298", "Treasury Shares Number": "23,211"}, "12/31/2019": {"Duration": "12/31/2019", "Total Assets": "58,079,000", "Total Liabilities Net Minority Interest": "39,866,000", "Total Equity Gross Minority Interest": "18,213,000", "Total Capitalization": "36,549,000", "Common Stock Equity": "18,022,000", "Capital Lease Obligations": "874,000", "Net Tangible Assets": "16,019,000", "Working Capital": "-2,015,000", "Invested Capital": "39,687,000", "Tangible Book Value": "16,019,000", "Total Debt": "22,539,000", "Net Debt": "20,684,000", "Share Issued": "355,840", "Ordinary Shares Number": "332,630", "Treasury Shares Number": "23,211"}, "12/31/2018": {"Duration": "12/31/2018", "Total Assets": "53,920,000", "Total Liabilities Net Minority Interest": "37,081,000", "Total Equity Gross Minority Interest": "16,839,000", "Total Capitalization": "34,221,000", "Common Stock Equity": "16,726,000", "Capital Lease Obligations": "-", "Net Tangible Assets": "14,632,000", "Working Capital": "-2,343,000", "Invested Capital": "37,437,000", "Tangible Book Value": "14,632,000", "Total Debt": "20,711,000", "Net Debt": "19,816,000", "Share Issued": "321,000", "Ordinary Shares Number": "321,000", "Treasury Shares Number": "-"}}, "cf": {"TTM": {"Duration": "TTM", "Operating Cash Flow": "2,198,000", "Investing Cash Flow": "-4,224,000", "Financing Cash Flow": "2,245,000", "End Cash Position": "1,436,000", "Income Tax Paid Supplemental Data": "38,000", "Interest Paid Supplemental Data": "920,000", "Capital Expenditure": "-3,909,000", "Issuance of Capital Stock": "640,000", "Issuance of Debt": "2,925,000", "Repayment of Debt": "-518,000", "Free Cash Flow": "-1,711,000"}, "12/31/2020": {"Duration": "12/31/2020", "Operating Cash Flow": "2,198,000", "Investing Cash Flow": "-4,224,000", "Financing Cash Flow": "2,245,000", "End Cash Position": "1,436,000", "Income Tax Paid Supplemental Data": "38,000", "Interest Paid Supplemental Data": "920,000", "Capital Expenditure": "-3,909,000", "Issuance of Capital Stock": "640,000", "Issuance of Debt": "2,925,000", "Repayment of Debt": "-518,000", "Free Cash Flow": "-1,711,000"}, "12/31/2019": {"Duration": "12/31/2019", "Operating Cash Flow": "3,134,000", "Investing Cash Flow": "-3,782,000", "Financing Cash Flow": "859,000", "End Cash Position": "1,217,000", "Income Tax Paid Supplemental Data": "-", "Interest Paid Supplemental Data": "876,000", "Capital Expenditure": "-3,486,000", "Issuance of Capital Stock": "825,000", "Issuance of Debt": "3,017,000", "Repayment of Debt": "-1,195,000", "Free Cash Flow": "-352,000"}, "12/31/2018": {"Duration": "12/31/2018", "Operating Cash Flow": "2,695,000", "Investing Cash Flow": "-5,471,000", "Financing Cash Flow": "2,938,000", "End Cash Position": "1,006,000", "Income Tax Paid Supplemental Data": "0", "Interest Paid Supplemental Data": "805,000", "Capital Expenditure": "-3,497,000", "Issuance of Capital Stock": "705,000", "Issuance of Debt": "5,019,000", "Repayment of Debt": "-1,938,000", "Free Cash Flow": "-802,000"}}}}, {"DUK": {"quote": {"05/12/2021": {"value": "101.22", "Market Cap": "77.86B", "Beta (5Y Monthly)": "0.24", "PE Ratio (TTM)": "57.32", "EPS (TTM)": "1.77", "Earnings Date": "Aug 09, 2021 - Aug 13, 2021", "Forward Dividend & Yield": "3.86 (3.72%)", "Ex-Dividend Date": "May 13, 2021", "1y Target Est": "104.72"}}, "fin": {"TTM": {"Duration": "TTM", "Total Revenue": "23,868,000", "Cost of Revenue": "12,299,000", "Gross Profit": "11,569,000", "Operating Expense": "6,042,000", "Operating Income": "5,527,000", "Net Non Operating Interest Income Expense": "-2,130,000", "Other Income Expense": "-2,558,000", "Pretax Income": "839,000", "Tax Provision": "-236,000", "Net Income Common Stockholders": "1,270,000", "Diluted NI Available to Com Stockholders": "1,270,000", "Basic EPS": "-", "Diluted EPS": "-", "Basic Average Shares": "-", "Diluted Average Shares": "-", "Total Operating Income as Reported": "4,553,000", "Total Expenses": "18,341,000", "Interest Income": "32,000", "Interest Expense": "2,162,000", "Net Interest Income": "-2,130,000", "Net Income from Continuing & Discontinued Operation": "1,377,000", "Normalized Income": "1,968,600", "EBIT": "3,001,000", "EBITDA": "8,487,000", "Reconciled Cost of Revenue": "11,518,000", "Reconciled Depreciation": "5,486,000", "Net Income from Continuing Operation Net Minority Interest": "1,370,000", "Total Unusual Items Excluding Goodwill": "-820,000", "Total Unusual Items": "-820,000", "Normalized EBITDA": "9,307,000", "Tax Rate for Calcs": "0", "Tax Effect of Unusual Items": "-221,400"}, "12/31/2020": {"Duration": "12/31/2020", "Total Revenue": "23,868,000", "Cost of Revenue": "12,299,000", "Gross Profit": "11,569,000", "Operating Expense": "6,042,000", "Operating Income": "5,527,000", "Net Non Operating Interest Income Expense": "-2,130,000", "Other Income Expense": "-2,558,000", "Pretax Income": "839,000", "Tax Provision": "-236,000", "Net Income Common Stockholders": "1,270,000", "Diluted NI Available to Com Stockholders": "1,270,000", "Basic EPS": "-", "Diluted EPS": "-", "Basic Average Shares": "-", "Diluted Average Shares": "-", "Total Operating Income as Reported": "4,553,000", "Total Expenses": "18,341,000", "Interest Income": "32,000", "Interest Expense": "2,162,000", "Net Interest Income": "-2,130,000", "Net Income from Continuing & Discontinued Operation": "1,377,000", "Normalized Income": "1,968,600", "EBIT": "3,001,000", "EBITDA": "-", "Reconciled Cost of Revenue": "11,518,000", "Reconciled Depreciation": "5,486,000", "Net Income from Continuing Operation Net Minority Interest": "1,370,000", "Total Unusual Items Excluding Goodwill": "-820,000", "Total Unusual Items": "-820,000", "Normalized EBITDA": "9,307,000", "Tax Rate for Calcs": "0", "Tax Effect of Unusual Items": "-221,400"}, "12/31/2019": {"Duration": "12/31/2019", "Total Revenue": "25,079,000", "Cost of Revenue": "13,519,000", "Gross Profit": "11,560,000", "Operating Expense": "5,855,000", "Operating Income": "5,705,000", "Net Non Operating Interest Income Expense": "-2,173,000", "Other Income Expense": "565,000", "Pretax Income": "4,097,000", "Tax Provision": "519,000", "Net Income Common Stockholders": "3,707,000", "Diluted NI Available to Com Stockholders": "3,707,000", "Basic EPS": "5.06", "Diluted EPS": "5.06", "Basic Average Shares": "729,000", "Diluted Average Shares": "729,000", "Total Operating Income as Reported": "5,709,000", "Total Expenses": "19,374,000", "Interest Income": "31,000", "Interest Expense": "2,204,000", "Net Interest Income": "-2,173,000", "Net Income from Continuing & Discontinued Operation": "3,748,000", "Normalized Income": "3,630,115", "EBIT": "6,301,000", "EBITDA": "-", "Reconciled Cost of Revenue": "12,891,000", "Reconciled Depreciation": "5,176,000", "Net Income from Continuing Operation Net Minority Interest": "3,755,000", "Total Unusual Items Excluding Goodwill": "143,000", "Total Unusual Items": "143,000", "Normalized EBITDA": "11,334,000", "Tax Rate for Calcs": "0", "Tax Effect of Unusual Items": "18,115"}, "12/31/2018": {"Duration": "12/31/2018", "Total Revenue": "24,521,000", "Cost of Revenue": "13,991,000", "Gross Profit": "10,530,000", "Operating Expense": "5,354,000", "Operating Income": "5,176,000", "Net Non Operating Interest Income Expense": "-2,074,000", "Other Income Expense": "-29,000", "Pretax Income": "3,073,000", "Tax Provision": "448,000", "Net Income Common Stockholders": "2,666,000", "Diluted NI Available to Com Stockholders": "2,666,000", "Basic EPS": "3.76", "Diluted EPS": "3.76", "Basic Average Shares": "708,000", "Diluted Average Shares": "708,000", "Total Operating Income as Reported": "4,685,000", "Total Expenses": "19,345,000", "Interest Income": "20,000", "Interest Expense": "2,094,000", "Net Interest Income": "-2,074,000", "Net Income from Continuing & Discontinued Operation": "2,666,000", "Normalized Income": "2,877,638", "EBIT": "5,167,000", "EBITDA": "-", "Reconciled Cost of Revenue": "13,369,000", "Reconciled Depreciation": "4,696,000", "Net Income from Continuing Operation Net Minority Interest": "2,647,000", "Total Unusual Items Excluding Goodwill": "-270,000", "Total Unusual Items": "-270,000", "Normalized EBITDA": "10,133,000", "Tax Rate for Calcs": "0", "Tax Effect of Unusual Items": "-39,362"}}, "bs": {"12/31/2020": {"Duration": "12/31/2020", "Total Assets": "162,388,000", "Total Liabilities Net Minority Interest": "113,204,000", "Total Equity Gross Minority Interest": "49,184,000", "Total Capitalization": "103,589,000", "Preferred Stock Equity": "1,962,000", "Common Stock Equity": "46,002,000", "Capital Lease Obligations": "1,340,000", "Net Tangible Assets": "28,661,000", "Working Capital": "-7,623,000", "Invested Capital": "108,738,000", "Tangible Book Value": "26,699,000", "Total Debt": "64,076,000", "Net Debt": "62,477,000", "Share Issued": "769,000", "Ordinary Shares Number": "769,000", "Preferred Shares Number": "40,000,000"}, "12/31/2019": {"Duration": "12/31/2019", "Total Assets": "158,838,000", "Total Liabilities Net Minority Interest": "110,887,000", "Total Equity Gross Minority Interest": "47,951,000", "Total Capitalization": "100,838,000", "Preferred Stock Equity": "1,962,000", "Common Stock Equity": "44,860,000", "Capital Lease Obligations": "2,401,000", "Net Tangible Assets": "27,519,000", "Working Capital": "-5,589,000", "Invested Capital": "105,152,000", "Tangible Book Value": "25,557,000", "Total Debt": "62,693,000", "Net Debt": "59,981,000", "Share Issued": "733,000", "Ordinary Shares Number": "733,000", "Preferred Shares Number": "40,000"}, "12/31/2018": {"Duration": "12/31/2018", "Total Assets": "145,392,000", "Total Liabilities Net Minority Interest": "101,558,000", "Total Equity Gross Minority Interest": "43,834,000", "Total Capitalization": "94,605,000", "Preferred Stock Equity": "-", "Common Stock Equity": "43,817,000", "Capital Lease Obligations": "335,000", "Net Tangible Assets": "24,514,000", "Working Capital": "-5,327,000", "Invested Capital": "101,421,000", "Tangible Book Value": "24,514,000", "Total Debt": "57,939,000", "Net Debt": "57,162,000", "Share Issued": "727,000", "Ordinary Shares Number": "727,000", "Preferred Shares Number": "-"}}, "cf": {"TTM": {"Duration": "TTM", "Operating Cash Flow": "8,856,000", "Investing Cash Flow": "-10,604,000", "Financing Cash Flow": "1,731,000", "Cash Flow from Discontinued Operation": "-", "End Cash Position": "556,000", "Income Tax Paid Supplemental Data": "-", "Interest Paid Supplemental Data": "2,186,000", "Capital Expenditure": "-9,907,000", "Issuance of Capital Stock": "2,745,000", "Issuance of Debt": "9,339,000", "Repayment of Debt": "-6,653,000", "Free Cash Flow": "-1,051,000"}, "12/31/2020": {"Duration": "12/31/2020", "Operating Cash Flow": "8,856,000", "Investing Cash Flow": "-10,604,000", "Financing Cash Flow": "1,731,000", "Cash Flow from Discontinued Operation": "-", "End Cash Position": "556,000", "Income Tax Paid Supplemental Data": "-", "Interest Paid Supplemental Data": "2,186,000", "Capital Expenditure": "-9,907,000", "Issuance of Capital Stock": "2,745,000", "Issuance of Debt": "9,339,000", "Repayment of Debt": "-6,653,000", "Free Cash Flow": "-1,051,000"}, "12/31/2019": {"Duration": "12/31/2019", "Operating Cash Flow": "8,209,000", "Investing Cash Flow": "-11,957,000", "Financing Cash Flow": "3,730,000", "Cash Flow from Discontinued Operation": "-", "End Cash Position": "573,000", "Income Tax Paid Supplemental Data": "-", "Interest Paid Supplemental Data": "2,195,000", "Capital Expenditure": "-11,122,000", "Issuance of Capital Stock": "2,346,000", "Issuance of Debt": "7,488,000", "Repayment of Debt": "-4,253,000", "Free Cash Flow": "-2,913,000"}, "12/31/2018": {"Duration": "12/31/2018", "Operating Cash Flow": "7,186,000", "Investing Cash Flow": "-10,060,000", "Financing Cash Flow": "2,960,000", "Cash Flow from Discontinued Operation": "0", "End Cash Position": "591,000", "Income Tax Paid Supplemental Data": "-", "Interest Paid Supplemental Data": "2,086,000", "Capital Expenditure": "-9,389,000", "Issuance of Capital Stock": "1,838,000", "Issuance of Debt": "6,752,000", "Repayment of Debt": "-3,188,000", "Free Cash Flow": "-2,203,000"}}}}, {"PPL": {"quote": {"05/12/2021": {"value": "28.60", "Market Cap": "22.006B", "Beta (5Y Monthly)": "0.77", "PE Ratio (TTM)": "N/A", "EPS (TTM)": "-1.21", "Earnings Date": "Aug 09, 2021 - Aug 13, 2021", "Forward Dividend & Yield": "1.66 (5.66%)", "Ex-Dividend Date": "Mar 09, 2021", "1y Target Est": "31.41"}}, "fin": {"TTM": {"Duration": "TTM", "Total Revenue": "7,607,000", "Cost of Revenue": "3,210,000", "Gross Profit": "4,397,000", "Operating Expense": "1,594,000", "Operating Income": "2,803,000", "Net Non Operating Interest Income Expense": "-991,000", "Other Income Expense": "159,000", "Pretax Income": "1,971,000", "Tax Provision": "502,000", "Net Income Common Stockholders": "1,468,000", "Diluted NI Available to Com Stockholders": "1,468,000", "Basic EPS": "-", "Diluted EPS": "-", "Basic Average Shares": "-", "Diluted Average Shares": "-", "Total Operating Income as Reported": "2,803,000", "Total Expenses": "4,804,000", "Interest Income": "10,000", "Interest Expense": "1,001,000", "Net Interest Income": "-991,000", "Net Income from Continuing & Discontinued Operation": "1,469,000", "Normalized Income": "1,529,345", "EBIT": "2,972,000", "EBITDA": "4,331,000", "Reconciled Cost of Revenue": "3,138,000", "Reconciled Depreciation": "1,359,000", "Net Income from Continuing Operation Net Minority Interest": "1,469,000", "Total Unusual Items Excluding Goodwill": "-81,000", "Total Unusual Items": "-81,000", "Normalized EBITDA": "4,412,000", "Tax Rate for Calcs": "0", "Tax Effect of Unusual Items": "-20,655"}, "12/31/2020": {"Duration": "12/31/2020", "Total Revenue": "7,607,000", "Cost of Revenue": "3,210,000", "Gross Profit": "4,397,000", "Operating Expense": "1,594,000", "Operating Income": "2,803,000", "Net Non Operating Interest Income Expense": "-991,000", "Other Income Expense": "159,000", "Pretax Income": "1,971,000", "Tax Provision": "502,000", "Net Income Common Stockholders": "1,468,000", "Diluted NI Available to Com Stockholders": "1,468,000", "Basic EPS": "-", "Diluted EPS": "-", "Basic Average Shares": "-", "Diluted Average Shares": "-", "Total Operating Income as Reported": "2,803,000", "Total Expenses": "4,804,000", "Interest Income": "10,000", "Interest Expense": "1,001,000", "Net Interest Income": "-991,000", "Net Income from Continuing & Discontinued Operation": "1,469,000", "Normalized Income": "1,529,345", "EBIT": "2,972,000", "EBITDA": "-", "Reconciled Cost of Revenue": "3,138,000", "Reconciled Depreciation": "1,359,000", "Net Income from Continuing Operation Net Minority Interest": "1,469,000", "Total Unusual Items Excluding Goodwill": "-81,000", "Total Unusual Items": "-81,000", "Normalized EBITDA": "4,412,000", "Tax Rate for Calcs": "0", "Tax Effect of Unusual Items": "-20,655"}, "12/31/2019": {"Duration": "12/31/2019", "Total Revenue": "7,769,000", "Cost of Revenue": "3,417,000", "Gross Profit": "4,352,000", "Operating Expense": "1,512,000", "Operating Income": "2,840,000", "Net Non Operating Interest Income Expense": "-978,000", "Other Income Expense": "293,000", "Pretax Income": "2,155,000", "Tax Provision": "409,000", "Net Income Common Stockholders": "1,745,000", "Diluted NI Available to Com Stockholders": "1,745,000", "Basic EPS": "2.39", "Diluted EPS": "2.37", "Basic Average Shares": "728,512", "Diluted Average Shares": "736,754", "Total Operating Income as Reported": "2,840,000", "Total Expenses": "4,929,000", "Interest Income": "16,000", "Interest Expense": "994,000", "Net Interest Income": "-978,000", "Net Income from Continuing & Discontinued Operation": "1,746,000", "Normalized Income": "1,752,480", "EBIT": "3,149,000", "EBITDA": "-", "Reconciled Cost of Revenue": "3,336,000", "Reconciled Depreciation": "1,280,000", "Net Income from Continuing Operation Net Minority Interest": "1,746,000", "Total Unusual Items Excluding Goodwill": "-8,000", "Total Unusual Items": "-8,000", "Normalized EBITDA": "4,437,000", "Tax Rate for Calcs": "0", "Tax Effect of Unusual Items": "-1,520"}, "12/31/2018": {"Duration": "12/31/2018", "Total Revenue": "7,785,000", "Cost of Revenue": "3,527,000", "Gross Profit": "4,258,000", "Operating Expense": "1,406,000", "Operating Income": "2,852,000", "Net Non Operating Interest Income Expense": "-957,000", "Other Income Expense": "390,000", "Pretax Income": "2,285,000", "Tax Provision": "458,000", "Net Income Common Stockholders": "1,825,000", "Diluted NI Available to Com Stockholders": "1,825,000", "Basic EPS": "2.59", "Diluted EPS": "2.58", "Basic Average Shares": "704,439", "Diluted Average Shares": "708,619", "Total Operating Income as Reported": "2,852,000", "Total Expenses": "4,933,000", "Interest Income": "6,000", "Interest Expense": "963,000", "Net Interest Income": "-957,000", "Net Income from Continuing & Discontinued Operation": "1,827,000", "Normalized Income": "1,709,464", "EBIT": "3,248,000", "EBITDA": "-", "Reconciled Cost of Revenue": "3,449,000", "Reconciled Depreciation": "1,172,000", "Net Income from Continuing Operation Net Minority Interest": "1,827,000", "Total Unusual Items Excluding Goodwill": "147,000", "Total Unusual Items": "147,000", "Normalized EBITDA": "4,273,000", "Tax Rate for Calcs": "0", "Tax Effect of Unusual Items": "29,464"}}, "bs": {"12/31/2020": {"Duration": "12/31/2020", "Total Assets": "48,116,000", "Total Liabilities Net Minority Interest": "34,743,000", "Total Equity Gross Minority Interest": "13,373,000", "Total Capitalization": "34,926,000", "Common Stock Equity": "13,373,000", "Net Tangible Assets": "9,335,000", "Working Capital": "-3,209,000", "Invested Capital": "38,162,000", "Tangible Book Value": "9,335,000", "Total Debt": "24,789,000", "Net Debt": "24,081,000", "Share Issued": "768,907", "Ordinary Shares Number": "768,907"}, "12/31/2019": {"Duration": "12/31/2019", "Total Assets": "45,680,000", "Total Liabilities Net Minority Interest": "32,689,000", "Total Equity Gross Minority Interest": "12,991,000", "Total Capitalization": "33,712,000", "Common Stock Equity": "12,991,000", "Net Tangible Assets": "9,050,000", "Working Capital": "-2,133,000", "Invested Capital": "36,035,000", "Tangible Book Value": "9,050,000", "Total Debt": "23,044,000", "Net Debt": "22,229,000", "Share Issued": "767,233", "Ordinary Shares Number": "767,233"}, "12/31/2018": {"Duration": "12/31/2018", "Total Assets": "43,396,000", "Total Liabilities Net Minority Interest": "31,739,000", "Total Equity Gross Minority Interest": "11,657,000", "Total Capitalization": "31,726,000", "Common Stock Equity": "11,657,000", "Net Tangible Assets": "7,778,000", "Working Capital": "-2,131,000", "Invested Capital": "33,686,000", "Tangible Book Value": "7,778,000", "Total Debt": "22,029,000", "Net Debt": "21,408,000", "Share Issued": "720,323", "Ordinary Shares Number": "720,323"}}, "cf": {"TTM": {"Duration": "TTM", "Operating Cash Flow": "2,746,000", "Investing Cash Flow": "-3,258,000", "Financing Cash Flow": "386,000", "Other Cash Adjustment Inside Change in Cash": "-", "End Cash Position": "727,000", "Income Tax Paid Supplemental Data": "95,000", "Interest Paid Supplemental Data": "939,000", "Capital Expenditure": "-3,249,000", "Issuance of Capital Stock": "34,000", "Issuance of Debt": "2,667,000", "Repayment of Debt": "-1,172,000", "Free Cash Flow": "-503,000"}, "12/31/2020": {"Duration": "12/31/2020", "Operating Cash Flow": "2,746,000", "Investing Cash Flow": "-3,258,000", "Financing Cash Flow": "386,000", "Other Cash Adjustment Inside Change in Cash": "-", "End Cash Position": "727,000", "Income Tax Paid Supplemental Data": "95,000", "Interest Paid Supplemental Data": "939,000", "Capital Expenditure": "-3,249,000", "Issuance of Capital Stock": "34,000", "Issuance of Debt": "2,667,000", "Repayment of Debt": "-1,172,000", "Free Cash Flow": "-503,000"}, "12/31/2019": {"Duration": "12/31/2019", "Operating Cash Flow": "2,427,000", "Investing Cash Flow": "-3,080,000", "Financing Cash Flow": "836,000", "Other Cash Adjustment Inside Change in Cash": "-", "End Cash Position": "836,000", "Income Tax Paid Supplemental Data": "93,000", "Interest Paid Supplemental Data": "905,000", "Capital Expenditure": "-3,083,000", "Issuance of Capital Stock": "1,167,000", "Issuance of Debt": "1,465,000", "Repayment of Debt": "-300,000", "Free Cash Flow": "-656,000"}, "12/31/2018": {"Duration": "12/31/2018", "Operating Cash Flow": "2,821,000", "Investing Cash Flow": "-3,361,000", "Financing Cash Flow": "690,000", "Other Cash Adjustment Inside Change in Cash": "-", "End Cash Position": "643,000", "Income Tax Paid Supplemental Data": "127,000", "Interest Paid Supplemental Data": "910,000", "Capital Expenditure": "-3,238,000", "Issuance of Capital Stock": "698,000", "Issuance of Debt": "1,059,000", "Repayment of Debt": "-277,000", "Free Cash Flow": "-417,000"}}}}, {"FE": {"quote": {"05/12/2021": {"value": "36.44", "Market Cap": "19.82B", "Beta (5Y Monthly)": "0.23", "PE Ratio (TTM)": "14.76", "EPS (TTM)": "2.47", "Earnings Date": "Jul 21, 2021 - Jul 26, 2021", "Forward Dividend & Yield": "1.56 (4.19%)", "Ex-Dividend Date": "May 06, 2021", "1y Target Est": "38.93"}}, "fin": {"TTM": {"Duration": "TTM", "Total Revenue": "10,807,000", "Cost of Revenue": "3,114,000", "Gross Profit": "7,693,000", "Operating Expense": "5,667,000", "Operating Income": "2,026,000", "Net Non Operating Interest Income Expense": "-1,015,000", "Other Income Expense": "576,000", "Pretax Income": "1,587,000", "Tax Provision": "273,000", "Net Income Common Stockholders": "1,340,000", "Diluted NI Available to Com Stockholders": "1,340,000", "Basic EPS": "-", "Diluted EPS": "-", "Basic Average Shares": "-", "Diluted Average Shares": "-", "Total Operating Income as Reported": "2,189,000", "Total Expenses": "8,781,000", "Interest Expense": "1,015,000", "Net Interest Income": "-1,015,000", "Net Income from Continuing & Discontinued Operation": "1,340,000", "Normalized Income": "1,223,750", "EBIT": "2,602,000", "EBITDA": "3,960,000", "Reconciled Cost of Revenue": "3,114,000", "Reconciled Depreciation": "1,358,000", "Net Income from Continuing Operation Net Minority Interest": "1,314,000", "Total Unusual Items Excluding Goodwill": "109,000", "Total Unusual Items": "109,000", "Normalized EBITDA": "3,851,000", "Tax Rate for Calcs": "0", "Tax Effect of Unusual Items": "18,750"}, "12/31/2020": {"Duration": "12/31/2020", "Total Revenue": "10,790,000", "Cost of Revenue": "3,070,000", "Gross Profit": "7,720,000", "Operating Expense": "6,035,000", "Operating Income": "1,685,000", "Net Non Operating Interest Income Expense": "-988,000", "Other Income Expense": "432,000", "Pretax Income": "1,129,000", "Tax Provision": "126,000", "Net Income Common Stockholders": "1,079,000", "Diluted NI Available to Com Stockholders": "1,079,000", "Basic EPS": "1.99", "Diluted EPS": "1.99", "Basic Average Shares": "542,000", "Diluted Average Shares": "543,000", "Total Operating Income as Reported": "2,162,000", "Total Expenses": "9,105,000", "Interest Expense": "988,000", "Net Interest Income": "-988,000", "Net Income from Continuing & Discontinued Operation": "1,079,000", "Normalized Income": "1,003,000", "EBIT": "2,117,000", "EBITDA": "-", "Reconciled Cost of Revenue": "3,070,000", "Reconciled Depreciation": "1,199,000", "Net Income from Continuing Operation Net Minority Interest": "1,003,000", "Total Unusual Items Excluding Goodwill": "-", "Total Unusual Items": "-", "Normalized EBITDA": "3,316,000", "Tax Rate for Calcs": "0", "Tax Effect of Unusual Items": "0"}, "12/31/2019": {"Duration": "12/31/2019", "Total Revenue": "11,035,000", "Cost of Revenue": "3,424,000", "Gross Profit": "7,611,000", "Operating Expense": "5,775,000", "Operating Income": "1,836,000", "Net Non Operating Interest Income Expense": "-962,000", "Other Income Expense": "243,000", "Pretax Income": "1,117,000", "Tax Provision": "213,000", "Net Income Common Stockholders": "908,000", "Diluted NI Available to Com Stockholders": "908,000", "Basic EPS": "1.70", "Diluted EPS": "1.68", "Basic Average Shares": "535,000", "Diluted Average Shares": "542,000", "Total Operating Income as Reported": "2,510,000", "Total Expenses": "9,199,000", "Interest Expense": "962,000", "Net Interest Income": "-962,000", "Net Income from Continuing & Discontinued Operation": "912,000", "Normalized Income": "904,000", "EBIT": "2,079,000", "EBITDA": "-", "Reconciled Cost of Revenue": "3,424,000", "Reconciled Depreciation": "1,217,000", "Net Income from Continuing Operation Net Minority Interest": "904,000", "Total Unusual Items Excluding Goodwill": "-", "Total Unusual Items": "-", "Normalized EBITDA": "3,296,000", "Tax Rate for Calcs": "0", "Tax Effect of Unusual Items": "0"}, "12/31/2018": {"Duration": "12/31/2018", "Total Revenue": "11,261,000", "Cost of Revenue": "3,647,000", "Gross Profit": "7,614,000", "Operating Expense": "5,256,000", "Operating Income": "2,358,000", "Net Non Operating Interest Income Expense": "-1,051,000", "Other Income Expense": "205,000", "Pretax Income": "1,512,000", "Tax Provision": "490,000", "Net Income Common Stockholders": "981,000", "Diluted NI Available to Com Stockholders": "981,000", "Basic EPS": "1.99", "Diluted EPS": "1.99", "Basic Average Shares": "492,000", "Diluted Average Shares": "494,000", "Total Operating Income as Reported": "2,502,000", "Total Expenses": "8,903,000", "Interest Expense": "1,051,000", "Net Interest Income": "-1,051,000", "Net Income from Continuing & Discontinued Operation": "1,348,000", "Normalized Income": "1,022,000", "EBIT": "2,563,000", "EBITDA": "-", "Reconciled Cost of Revenue": "3,647,000", "Reconciled Depreciation": "1,384,000", "Net Income from Continuing Operation Net Minority Interest": "1,022,000", "Total Unusual Items Excluding Goodwill": "0", "Total Unusual Items": "0", "Normalized EBITDA": "3,947,000", "Tax Rate for Calcs": "0", "Tax Effect of Unusual Items": "0"}}, "bs": {"12/31/2020": {"Duration": "12/31/2020", "Total Assets": "44,464,000", "Total Liabilities Net Minority Interest": "37,227,000", "Total Equity Gross Minority Interest": "7,237,000", "Total Capitalization": "29,368,000", "Preferred Stock Equity": "-", "Common Stock Equity": "7,237,000", "Capital Lease Obligations": "14,000", "Net Tangible Assets": "1,546,000", "Working Capital": "-1,290,000", "Invested Capital": "31,700,000", "Tangible Book Value": "1,546,000", "Total Debt": "24,477,000", "Net Debt": "22,729,000", "Share Issued": "543,118", "Ordinary Shares Number": "543,118"}, "12/31/2019": {"Duration": "12/31/2019", "Total Assets": "42,301,000", "Total Liabilities Net Minority Interest": "35,326,000", "Total Equity Gross Minority Interest": "6,975,000", "Total Capitalization": "26,593,000", "Preferred Stock Equity": "-", "Common Stock Equity": "6,975,000", "Capital Lease Obligations": "-", "Net Tangible Assets": "1,277,000", "Working Capital": "-2,418,000", "Invested Capital": "27,973,000", "Tangible Book Value": "1,277,000", "Total Debt": "20,998,000", "Net Debt": "20,371,000", "Share Issued": "540,652", "Ordinary Shares Number": "540,652"}, "12/31/2018": {"Duration": "12/31/2018", "Total Assets": "40,063,000", "Total Liabilities Net Minority Interest": "33,249,000", "Total Equity Gross Minority Interest": "6,814,000", "Total Capitalization": "24,565,000", "Preferred Stock Equity": "71,000", "Common Stock Equity": "6,743,000", "Capital Lease Obligations": "-", "Net Tangible Assets": "1,196,000", "Working Capital": "-2,242,000", "Invested Capital": "26,247,000", "Tangible Book Value": "1,125,000", "Total Debt": "19,504,000", "Net Debt": "19,137,000", "Share Issued": "511,915", "Ordinary Shares Number": "511,915"}}, "cf": {"TTM": {"Duration": "TTM", "Operating Cash Flow": "2,516,000", "Investing Cash Flow": "-2,748,000", "Financing Cash Flow": "1,373,000", "End Cash Position": "1,326,000", "Income Tax Paid Supplemental Data": "-", "Interest Paid Supplemental Data": "-", "Capital Expenditure": "-2,645,000", "Issuance of Capital Stock": "-", "Issuance of Debt": "3,125,000", "Repayment of Debt": "-365,000", "Free Cash Flow": "-129,000"}, "12/31/2020": {"Duration": "12/31/2020", "Operating Cash Flow": "1,423,000", "Investing Cash Flow": "-2,908,000", "Financing Cash Flow": "2,607,000", "End Cash Position": "1,801,000", "Income Tax Paid Supplemental Data": "-6,000", "Interest Paid Supplemental Data": "-970,000", "Capital Expenditure": "-2,657,000", "Issuance of Capital Stock": "0", "Issuance of Debt": "4,625,000", "Repayment of Debt": "-1,114,000", "Free Cash Flow": "-1,234,000"}, "12/31/2019": {"Duration": "12/31/2019", "Operating Cash Flow": "2,467,000", "Investing Cash Flow": "-2,873,000", "Financing Cash Flow": "656,000", "End Cash Position": "679,000", "Income Tax Paid Supplemental Data": "12,000", "Interest Paid Supplemental Data": "960,000", "Capital Expenditure": "-2,665,000", "Issuance of Capital Stock": "0", "Issuance of Debt": "2,300,000", "Repayment of Debt": "-789,000", "Free Cash Flow": "-198,000"}, "12/31/2018": {"Duration": "12/31/2018", "Operating Cash Flow": "1,410,000", "Investing Cash Flow": "-3,018,000", "Financing Cash Flow": "1,394,000", "End Cash Position": "429,000", "Income Tax Paid Supplemental Data": "49,000", "Interest Paid Supplemental Data": "1,071,000", "Capital Expenditure": "-2,675,000", "Issuance of Capital Stock": "2,466,000", "Issuance of Debt": "1,474,000", "Repayment of Debt": "-2,608,000", "Free Cash Flow": "-1,265,000"}}}}, {"ETR": {"quote": {"05/12/2021": {"value": "103.88", "Market Cap": "20.845B", "Beta (5Y Monthly)": "0.54", "PE Ratio (TTM)": "13.04", "EPS (TTM)": "7.97", "Earnings Date": "Jul 27, 2021 - Aug 02, 2021", "Forward Dividend & Yield": "3.80 (3.55%)", "Ex-Dividend Date": "May 05, 2021", "1y Target Est": "116.31"}}, "fin": {"TTM": {"Duration": "TTM", "Total Revenue": "10,531,295", "Cost of Revenue": "5,920,529", "Gross Profit": "4,610,766", "Operating Expense": "2,708,529", "Operating Income": "1,902,237", "Net Non Operating Interest Income Expense": "-42,405", "Other Income Expense": "-221,698", "Pretax Income": "1,638,134", "Tax Provision": "15,630", "Net Income Common Stockholders": "1,604,185", "Diluted NI Available to Com Stockholders": "1,604,185", "Basic EPS": "-", "Diluted EPS": "-", "Basic Average Shares": "-", "Diluted Average Shares": "-", "Total Operating Income as Reported": "1,877,436", "Total Expenses": "8,629,058", "Interest Income": "752,986", "Interest Expense": "795,391", "Net Interest Income": "-42,405", "Net Income from Continuing & Discontinued Operation": "1,622,504", "Normalized Income": "1,549,950", "EBIT": "2,433,525", "EBITDA": "4,703,250", "Reconciled Cost of Revenue": "5,278,699", "Reconciled Depreciation": "2,269,725", "Net Income from Continuing Operation Net Minority Interest": "1,622,504", "Total Unusual Items Excluding Goodwill": "73,253", "Total Unusual Items": "73,253", "Normalized EBITDA": "4,629,997", "Tax Rate for Calcs": "0", "Tax Effect of Unusual Items": "698.9321"}, "12/31/2020": {"Duration": "12/31/2020", "Total Revenue": "10,113,636", "Cost of Revenue": "5,655,422", "Gross Profit": "4,458,214", "Operating Expense": "2,662,396", "Operating Income": "1,795,818", "Net Non Operating Interest Income Expense": "-392,845", "Other Income Expense": "-117,826", "Pretax Income": "1,285,147", "Tax Provision": "-121,506", "Net Income Common Stockholders": "1,388,334", "Diluted NI Available to Com Stockholders": "1,388,334", "Basic EPS": "6.94", "Diluted EPS": "6.90", "Basic Average Shares": "200,107", "Diluted Average Shares": "201,102", "Total Operating Income as Reported": "1,769,195", "Total Expenses": "8,317,818", "Interest Income": "392,818", "Interest Expense": "785,663", "Net Interest Income": "-392,845", "Net Income from Continuing & Discontinued Operation": "1,406,653", "Normalized Income": "1,338,904", "EBIT": "2,070,810", "EBITDA": "-", "Reconciled Cost of Revenue": "5,010,758", "Reconciled Depreciation": "2,257,750", "Net Income from Continuing Operation Net Minority Interest": "1,406,653", "Total Unusual Items Excluding Goodwill": "92,807", "Total Unusual Items": "92,807", "Normalized EBITDA": "4,235,753", "Tax Rate for Calcs": "0", "Tax Effect of Unusual Items": "25,058"}, "12/31/2019": {"Duration": "12/31/2019", "Total Revenue": "10,878,673", "Cost of Revenue": "6,699,806", "Gross Profit": "4,178,867", "Operating Expense": "2,498,343", "Operating Income": "1,680,524", "Net Non Operating Interest Income Expense": "-194,513", "Other Income Expense": "-397,592", "Pretax Income": "1,088,419", "Tax Provision": "-169,825", "Net Income Common Stockholders": "1,241,226", "Diluted NI Available to Com Stockholders": "1,241,226", "Basic EPS": "6.36", "Diluted EPS": "6.30", "Basic Average Shares": "195,196", "Diluted Average Shares": "196,999", "Total Operating Income as Reported": "1,390,497", "Total Expenses": "9,198,149", "Interest Income": "547,912", "Interest Expense": "742,425", "Net Interest Income": "-194,513", "Net Income from Continuing & Discontinued Operation": "1,258,244", "Normalized Income": "1,364,133", "EBIT": "1,830,844", "EBITDA": "-", "Reconciled Cost of Revenue": "5,997,509", "Reconciled Depreciation": "2,182,313", "Net Income from Continuing Operation Net Minority Interest": "1,258,244", "Total Unusual Items Excluding Goodwill": "-145,053", "Total Unusual Items": "-145,053", "Normalized EBITDA": "4,158,210", "Tax Rate for Calcs": "0", "Tax Effect of Unusual Items": "-39,164"}, "12/31/2018": {"Duration": "12/31/2018", "Total Revenue": "11,009,452", "Cost of Revenue": "7,839,136", "Gross Profit": "3,170,316", "Operating Expense": "2,700,951", "Operating Income": "469,365", "Net Non Operating Interest Income Expense": "-643,484", "Other Income Expense": "-152", "Pretax Income": "-174,271", "Tax Provision": "-1,036,826", "Net Income Common Stockholders": "848,661", "Diluted NI Available to Com Stockholders": "848,661", "Basic EPS": "4.68", "Diluted EPS": "4.63", "Basic Average Shares": "181,410", "Diluted Average Shares": "183,379", "Total Operating Income as Reported": "469,365", "Total Expenses": "10,540,087", "Interest Income": "63,864", "Interest Expense": "707,348", "Net Interest Income": "-643,484", "Net Income from Continuing & Discontinued Operation": "862,555", "Normalized Income": "767,946", "EBIT": "533,077", "EBITDA": "-", "Reconciled Cost of Revenue": "7,168,023", "Reconciled Depreciation": "2,040,555", "Net Income from Continuing Operation Net Minority Interest": "862,555", "Total Unusual Items Excluding Goodwill": "129,602", "Total Unusual Items": "129,602", "Normalized EBITDA": "2,444,030", "Tax Rate for Calcs": "0", "Tax Effect of Unusual Items": "34,993"}}, "bs": {"12/31/2020": {"Duration": "12/31/2020", "Total Assets": "58,239,212", "Total Liabilities Net Minority Interest": "47,278,070", "Total Equity Gross Minority Interest": "10,961,142", "Total Capitalization": "32,166,903", "Preferred Stock Equity": "35,000", "Common Stock Equity": "10,926,142", "Capital Lease Obligations": "-", "Net Tangible Assets": "10,583,970", "Working Capital": "-2,500,607", "Invested Capital": "34,923,407", "Tangible Book Value": "10,548,970", "Total Debt": "23,997,265", "Net Debt": "22,238,166", "Share Issued": "270,035", "Ordinary Shares Number": "200,245", "Treasury Shares Number": "69,790"}, "12/31/2019": {"Duration": "12/31/2019", "Total Assets": "51,723,912", "Total Liabilities Net Minority Interest": "41,465,237", "Total Equity Gross Minority Interest": "10,258,675", "Total Capitalization": "27,337,318", "Preferred Stock Equity": "35,000", "Common Stock Equity": "10,223,675", "Capital Lease Obligations": "-", "Net Tangible Assets": "9,881,503", "Working Capital": "-2,574,471", "Invested Capital": "30,044,057", "Tangible Book Value": "9,846,503", "Total Debt": "19,820,382", "Net Debt": "19,394,660", "Share Issued": "270,035", "Ordinary Shares Number": "199,149", "Treasury Shares Number": "70,886"}, "12/31/2018": {"Duration": "12/31/2018", "Total Assets": "48,275,066", "Total Liabilities Net Minority Interest": "39,430,761", "Total Equity Gross Minority Interest": "8,844,305", "Total Capitalization": "24,362,608", "Preferred Stock Equity": "-", "Common Stock Equity": "8,844,305", "Capital Lease Obligations": "21,995", "Net Tangible Assets": "8,467,133", "Working Capital": "-2,485,480", "Invested Capital": "26,954,956", "Tangible Book Value": "8,467,133", "Total Debt": "18,132,646", "Net Debt": "17,629,676", "Share Issued": "261,587", "Ordinary Shares Number": "189,056", "Treasury Shares Number": "72,531"}}, "cf": {"TTM": {"Duration": "TTM", "Operating Cash Flow": "1,981,241", "Investing Cash Flow": "-5,240,091", "Financing Cash Flow": "3,537,673", "End Cash Position": "1,742,656", "Income Tax Paid Supplemental Data": "-", "Interest Paid Supplemental Data": "802,908", "Capital Expenditure": "-5,603,305", "Issuance of Capital Stock": "3,615", "Issuance of Debt": "13,100,098", "Repayment of Debt": "-7,883,972", "Repurchase of Capital Stock": "-", "Free Cash Flow": "-3,622,064"}, "12/31/2020": {"Duration": "12/31/2020", "Operating Cash Flow": "2,689,866", "Investing Cash Flow": "-4,772,306", "Financing Cash Flow": "3,415,817", "End Cash Position": "1,759,099", "Income Tax Paid Supplemental Data": "-", "Interest Paid Supplemental Data": "803,923", "Capital Expenditure": "-5,156,861", "Issuance of Capital Stock": "42,600", "Issuance of Debt": "12,619,201", "Repayment of Debt": "-8,152,378", "Repurchase of Capital Stock": "0", "Free Cash Flow": "-2,466,995"}, "12/31/2019": {"Duration": "12/31/2019", "Operating Cash Flow": "2,816,627", "Investing Cash Flow": "-4,510,242", "Financing Cash Flow": "1,638,362", "End Cash Position": "425,722", "Income Tax Paid Supplemental Data": "-", "Interest Paid Supplemental Data": "778,209", "Capital Expenditure": "-4,631,505", "Issuance of Capital Stock": "734,700", "Issuance of Debt": "9,304,396", "Repayment of Debt": "-7,619,380", "Repurchase of Capital Stock": "-50,000", "Free Cash Flow": "-1,814,878"}, "12/31/2018": {"Duration": "12/31/2018", "Operating Cash Flow": "2,385,247", "Investing Cash Flow": "-4,105,987", "Financing Cash Flow": "1,420,442", "End Cash Position": "480,975", "Income Tax Paid Supplemental Data": "19,825", "Interest Paid Supplemental Data": "734,845", "Capital Expenditure": "-4,271,217", "Issuance of Capital Stock": "675,917", "Issuance of Debt": "8,035,536", "Repayment of Debt": "-6,965,738", "Repurchase of Capital Stock": "-53,868", "Free Cash Flow": "-1,885,970"}}}}, {"PCG": {"quote": {"05/12/2021": {"value": "10.47", "Market Cap": "23.552B", "Beta (5Y Monthly)": "1.38", "PE Ratio (TTM)": "N/A", "EPS (TTM)": "-0.97", "Earnings Date": "Jul 28, 2021 - Aug 02, 2021", "Forward Dividend & Yield": "N/A (N/A)", "Ex-Dividend Date": "Sep 28, 2017", "1y Target Est": "15.14"}}, "fin": {"TTM": {"Duration": "TTM", "Total Revenue": "18,879,000", "Cost of Revenue": "13,019,000", "Gross Profit": "5,860,000", "Operating Expense": "4,033,000", "Operating Income": "1,827,000", "Net Non Operating Interest Income Expense": "-1,389,000", "Other Income Expense": "-1,693,000", "Pretax Income": "-1,255,000", "Tax Provision": "300,000", "Net Income Common Stockholders": "-1,569,000", "Diluted NI Available to Com Stockholders": "-1,569,000", "Basic EPS": "-", "Diluted EPS": "-", "Basic Average Shares": "-", "Diluted Average Shares": "-", "Total Operating Income as Reported": "1,404,000", "Total Expenses": "17,052,000", "Interest Income": "25,000", "Interest Expense": "1,414,000", "Net Interest Income": "-1,389,000", "Net Income from Continuing & Discontinued Operation": "-1,555,000", "Normalized Income": "-231,400", "EBIT": "159,000", "EBITDA": "3,661,000", "Reconciled Cost of Revenue": "13,018,000", "Reconciled Depreciation": "3,502,000", "Net Income from Continuing Operation Net Minority Interest": "-1,555,000", "Total Unusual Items Excluding Goodwill": "-2,206,000", "Total Unusual Items": "-2,206,000", "Normalized EBITDA": "5,867,000", "Tax Rate for Calcs": "0", "Tax Effect of Unusual Items": "-882,400"}, "12/31/2020": {"Duration": "12/31/2020", "Total Revenue": "18,469,000", "Cost of Revenue": "12,582,000", "Gross Profit": "5,887,000", "Operating Expense": "3,881,000", "Operating Income": "2,006,000", "Net Non Operating Interest Income Expense": "-1,221,000", "Other Income Expense": "-1,727,000", "Pretax Income": "-942,000", "Tax Provision": "362,000", "Net Income Common Stockholders": "-1,318,000", "Diluted NI Available to Com Stockholders": "-1,318,000", "Basic EPS": "-1.05", "Diluted EPS": "-1.05", "Basic Average Shares": "1,257,000", "Diluted Average Shares": "1,257,000", "Total Operating Income as Reported": "1,755,000", "Total Expenses": "16,463,000", "Interest Income": "39,000", "Interest Expense": "1,260,000", "Net Interest Income": "-1,221,000", "Net Income from Continuing & Discontinued Operation": "-1,304,000", "Normalized Income": "309,300", "EBIT": "318,000", "EBITDA": "-", "Reconciled Cost of Revenue": "12,581,000", "Reconciled Depreciation": "3,469,000", "Net Income from Continuing Operation Net Minority Interest": "-1,304,000", "Total Unusual Items Excluding Goodwill": "-2,210,000", "Total Unusual Items": "-2,210,000", "Normalized EBITDA": "5,997,000", "Tax Rate for Calcs": "0", "Tax Effect of Unusual Items": "-596,700"}, "12/31/2019": {"Duration": "12/31/2019", "Total Revenue": "17,129,000", "Cost of Revenue": "12,554,000", "Gross Profit": "4,575,000", "Operating Expense": "3,234,000", "Operating Income": "1,341,000", "Net Non Operating Interest Income Expense": "-852,000", "Other Income Expense": "-11,531,000", "Pretax Income": "-11,042,000", "Tax Provision": "-3,400,000", "Net Income Common Stockholders": "-7,656,000", "Diluted NI Available to Com Stockholders": "-7,656,000", "Basic EPS": "-14.50", "Diluted EPS": "-14.50", "Basic Average Shares": "528,000", "Diluted Average Shares": "528,000", "Total Operating Income as Reported": "-10,094,000", "Total Expenses": "15,788,000", "Interest Income": "82,000", "Interest Expense": "934,000", "Net Interest Income": "-852,000", "Net Income from Continuing & Discontinued Operation": "-7,642,000", "Normalized Income": "511,451", "EBIT": "-10,108,000", "EBITDA": "-", "Reconciled Cost of Revenue": "12,554,000", "Reconciled Depreciation": "3,234,000", "Net Income from Continuing Operation Net Minority Interest": "-7,642,000", "Total Unusual Items Excluding Goodwill": "-11,781,000", "Total Unusual Items": "-11,781,000", "Normalized EBITDA": "4,907,000", "Tax Rate for Calcs": "0", "Tax Effect of Unusual Items": "-3,627,549"}, "12/31/2018": {"Duration": "12/31/2018", "Total Revenue": "16,759,000", "Cost of Revenue": "11,652,000", "Gross Profit": "5,107,000", "Operating Expense": "3,036,000", "Operating Income": "2,071,000", "Net Non Operating Interest Income Expense": "-853,000", "Other Income Expense": "-11,347,000", "Pretax Income": "-10,129,000", "Tax Provision": "-3,292,000", "Net Income Common Stockholders": "-6,851,000", "Diluted NI Available to Com Stockholders": "-6,851,000", "Basic EPS": "-13.25", "Diluted EPS": "-13.25", "Basic Average Shares": "517,000", "Diluted Average Shares": "517,000", "Total Operating Income as Reported": "-9,700,000", "Total Expenses": "14,688,000", "Interest Income": "76,000", "Interest Expense": "929,000", "Net Interest Income": "-853,000", "Net Income from Continuing & Discontinued Operation": "-6,837,000", "Normalized Income": "1,108,338", "EBIT": "-9,200,000", "EBITDA": "-", "Reconciled Cost of Revenue": "11,652,000", "Reconciled Depreciation": "3,036,000", "Net Income from Continuing Operation Net Minority Interest": "-6,837,000", "Total Unusual Items Excluding Goodwill": "-11,771,000", "Total Unusual Items": "-11,771,000", "Normalized EBITDA": "5,607,000", "Tax Rate for Calcs": "0", "Tax Effect of Unusual Items": "-3,825,662"}}, "bs": {"12/31/2020": {"Duration": "12/31/2020", "Total Assets": "97,856,000", "Total Liabilities Net Minority Interest": "76,603,000", "Total Equity Gross Minority Interest": "21,253,000", "Total Capitalization": "58,289,000", "Common Stock Equity": "21,001,000", "Capital Lease Obligations": "1,741,000", "Net Tangible Assets": "21,001,000", "Working Capital": "-3,979,000", "Invested Capital": "61,864,000", "Tangible Book Value": "21,001,000", "Total Debt": "42,604,000", "Net Debt": "40,379,000", "Share Issued": "1,984,679", "Ordinary Shares Number": "1,984,679"}, "12/31/2019": {"Duration": "12/31/2019", "Total Assets": "85,196,000", "Total Liabilities Net Minority Interest": "79,808,000", "Total Equity Gross Minority Interest": "5,388,000", "Total Capitalization": "5,136,000", "Common Stock Equity": "5,136,000", "Capital Lease Obligations": "2,286,000", "Net Tangible Assets": "5,136,000", "Working Capital": "2,534,000", "Invested Capital": "6,636,000", "Tangible Book Value": "5,136,000", "Total Debt": "3,786,000", "Net Debt": "-", "Share Issued": "529,237", "Ordinary Shares Number": "529,237"}, "12/31/2018": {"Duration": "12/31/2018", "Total Assets": "76,995,000", "Total Liabilities Net Minority Interest": "64,092,000", "Total Equity Gross Minority Interest": "12,903,000", "Total Capitalization": "12,651,000", "Common Stock Equity": "12,651,000", "Capital Lease Obligations": "-", "Net Tangible Assets": "12,651,000", "Working Capital": "-32,500,000", "Invested Capital": "34,646,000", "Tangible Book Value": "12,651,000", "Total Debt": "21,995,000", "Net Debt": "20,327,000", "Share Issued": "520,339", "Ordinary Shares Number": "520,339"}}, "cf": {"TTM": {"Duration": "TTM", "Operating Cash Flow": "-19,454,000", "Investing Cash Flow": "-7,889,000", "Financing Cash Flow": "25,859,000", "End Cash Position": "476,000", "Income Tax Paid Supplemental Data": "-", "Interest Paid Supplemental Data": "2,008,000", "Capital Expenditure": "-7,827,000", "Issuance of Capital Stock": "-", "Issuance of Debt": "23,206,000", "Repayment of Debt": "-10,496,000", "Free Cash Flow": "-27,281,000"}, "12/31/2020": {"Duration": "12/31/2020", "Operating Cash Flow": "-19,047,000", "Investing Cash Flow": "-7,748,000", "Financing Cash Flow": "26,070,000", "End Cash Position": "261,000", "Income Tax Paid Supplemental Data": "0", "Interest Paid Supplemental Data": "1,458,000", "Capital Expenditure": "-7,690,000", "Issuance of Capital Stock": "12,986,000", "Issuance of Debt": "19,339,000", "Repayment of Debt": "-6,049,000", "Free Cash Flow": "-26,737,000"}, "12/31/2019": {"Duration": "12/31/2019", "Operating Cash Flow": "4,816,000", "Investing Cash Flow": "-6,378,000", "Financing Cash Flow": "1,464,000", "End Cash Position": "1,570,000", "Income Tax Paid Supplemental Data": "-", "Interest Paid Supplemental Data": "10,000", "Capital Expenditure": "-6,313,000", "Issuance of Capital Stock": "85,000", "Issuance of Debt": "1,850,000", "Repayment of Debt": "-350,000", "Free Cash Flow": "-1,497,000"}, "12/31/2018": {"Duration": "12/31/2018", "Operating Cash Flow": "4,752,000", "Investing Cash Flow": "-6,564,000", "Financing Cash Flow": "3,031,000", "End Cash Position": "1,668,000", "Income Tax Paid Supplemental Data": "49,000", "Interest Paid Supplemental Data": "786,000", "Capital Expenditure": "-6,514,000", "Issuance of Capital Stock": "200,000", "Issuance of Debt": "5,353,000", "Repayment of Debt": "-2,502,000", "Free Cash Flow": "-1,762,000"}}}}, {"DTE": {"quote": {"05/12/2021": {"value": "138.60", "Market Cap": "26.851B", "Beta (5Y Monthly)": "0.63", "PE Ratio (TTM)": "18.83", "EPS (TTM)": "7.36", "Earnings Date": "Jul 26, 2021 - Jul 30, 2021", "Forward Dividend & Yield": "4.34 (3.05%)", "Ex-Dividend Date": "Jun 18, 2021", "1y Target Est": "143.56"}}, "fin": {"TTM": {"Duration": "TTM", "Total Revenue": "12,933,000", "Cost of Revenue": "9,041,000", "Gross Profit": "3,892,000", "Operating Expense": "1,845,000", "Operating Income": "2,047,000", "Net Non Operating Interest Income Expense": "-691,000", "Other Income Expense": "216,000", "Pretax Income": "1,572,000", "Tax Provision": "146,000", "Net Income Common Stockholders": "1,424,000", "Diluted NI Available to Com Stockholders": "1,424,000", "Basic EPS": "-", "Diluted EPS": "-", "Basic Average Shares": "-", "Diluted Average Shares": "-", "Total Operating Income as Reported": "1,977,000", "Total Expenses": "10,886,000", "Interest Income": "35,000", "Interest Expense": "726,000", "Net Interest Income": "-691,000", "Net Income from Continuing & Discontinued Operation": "1,425,000", "Normalized Income": "1,310,702", "EBIT": "2,298,000", "EBITDA": "3,756,000", "Reconciled Cost of Revenue": "9,041,000", "Reconciled Depreciation": "1,458,000", "Net Income from Continuing Operation Net Minority Interest": "1,425,000", "Total Unusual Items Excluding Goodwill": "126,000", "Total Unusual Items": "126,000", "Normalized EBITDA": "3,630,000", "Tax Rate for Calcs": "0", "Tax Effect of Unusual Items": "11,702"}, "12/31/2020": {"Duration": "12/31/2020", "Total Revenue": "12,177,000", "Cost of Revenue": "8,303,000", "Gross Profit": "3,874,000", "Operating Expense": "1,828,000", "Operating Income": "2,046,000", "Net Non Operating Interest Income Expense": "-682,000", "Other Income Expense": "174,000", "Pretax Income": "1,538,000", "Tax Provision": "167,000", "Net Income Common Stockholders": "1,366,000", "Diluted NI Available to Com Stockholders": "1,366,000", "Basic EPS": "7.09", "Diluted EPS": "7.08", "Basic Average Shares": "193,000", "Diluted Average Shares": "193,000", "Total Operating Income as Reported": "1,986,000", "Total Expenses": "10,131,000", "Interest Income": "38,000", "Interest Expense": "720,000", "Net Interest Income": "-682,000", "Net Income from Continuing & Discontinued Operation": "1,368,000", "Normalized Income": "1,250,333", "EBIT": "2,258,000", "EBITDA": "-", "Reconciled Cost of Revenue": "8,303,000", "Reconciled Depreciation": "1,443,000", "Net Income from Continuing Operation Net Minority Interest": "1,368,000", "Total Unusual Items Excluding Goodwill": "132,000", "Total Unusual Items": "132,000", "Normalized EBITDA": "3,569,000", "Tax Rate for Calcs": "0", "Tax Effect of Unusual Items": "14,333"}, "12/31/2019": {"Duration": "12/31/2019", "Total Revenue": "12,669,000", "Cost of Revenue": "9,270,000", "Gross Profit": "3,399,000", "Operating Expense": "1,653,000", "Operating Income": "1,746,000", "Net Non Operating Interest Income Expense": "-624,000", "Other Income Expense": "202,000", "Pretax Income": "1,324,000", "Tax Provision": "152,000", "Net Income Common Stockholders": "1,167,000", "Diluted NI Available to Com Stockholders": "1,167,000", "Basic EPS": "6.32", "Diluted EPS": "6.31", "Basic Average Shares": "185,000", "Diluted Average Shares": "185,000", "Total Operating Income as Reported": "1,707,000", "Total Expenses": "10,923,000", "Interest Income": "17,000", "Interest Expense": "641,000", "Net Interest Income": "-624,000", "Net Income from Continuing & Discontinued Operation": "1,169,000", "Normalized Income": "1,034,480", "EBIT": "1,965,000", "EBITDA": "-", "Reconciled Cost of Revenue": "9,270,000", "Reconciled Depreciation": "1,263,000", "Net Income from Continuing Operation Net Minority Interest": "1,169,000", "Total Unusual Items Excluding Goodwill": "152,000", "Total Unusual Items": "152,000", "Normalized EBITDA": "3,076,000", "Tax Rate for Calcs": "0", "Tax Effect of Unusual Items": "17,480"}, "12/31/2018": {"Duration": "12/31/2018", "Total Revenue": "14,212,000", "Cost of Revenue": "11,062,000", "Gross Profit": "3,150,000", "Operating Expense": "1,501,000", "Operating Income": "1,649,000", "Net Non Operating Interest Income Expense": "-547,000", "Other Income Expense": "114,000", "Pretax Income": "1,216,000", "Tax Provision": "98,000", "Net Income Common Stockholders": "1,118,000", "Diluted NI Available to Com Stockholders": "1,118,000", "Basic EPS": "6.18", "Diluted EPS": "6.17", "Basic Average Shares": "181,000", "Diluted Average Shares": "181,000", "Total Operating Income as Reported": "1,594,000", "Total Expenses": "12,563,000", "Interest Income": "12,000", "Interest Expense": "559,000", "Net Interest Income": "-547,000", "Net Income from Continuing & Discontinued Operation": "1,120,000", "Normalized Income": "1,049,206", "EBIT": "1,775,000", "EBITDA": "-", "Reconciled Cost of Revenue": "11,062,000", "Reconciled Depreciation": "1,124,000", "Net Income from Continuing Operation Net Minority Interest": "1,120,000", "Total Unusual Items Excluding Goodwill": "77,000", "Total Unusual Items": "77,000", "Normalized EBITDA": "2,822,000", "Tax Rate for Calcs": "0", "Tax Effect of Unusual Items": "6,206"}}, "bs": {"12/31/2020": {"Duration": "12/31/2020", "Total Assets": "45,496,000", "Total Liabilities Net Minority Interest": "32,907,000", "Total Equity Gross Minority Interest": "12,589,000", "Total Capitalization": "31,402,000", "Common Stock Equity": "12,425,000", "Capital Lease Obligations": "168,000", "Net Tangible Assets": "7,620,000", "Working Capital": "807,000", "Invested Capital": "31,909,000", "Tangible Book Value": "7,620,000", "Total Debt": "19,652,000", "Net Debt": "18,970,000", "Share Issued": "193,771", "Ordinary Shares Number": "193,771"}, "12/31/2019": {"Duration": "12/31/2019", "Total Assets": "41,882,000", "Total Liabilities Net Minority Interest": "30,046,000", "Total Equity Gross Minority Interest": "11,836,000", "Total Capitalization": "27,596,000", "Common Stock Equity": "11,672,000", "Capital Lease Obligations": "171,000", "Net Tangible Assets": "6,815,000", "Working Capital": "-911,000", "Invested Capital": "29,111,000", "Tangible Book Value": "6,815,000", "Total Debt": "17,610,000", "Net Debt": "17,346,000", "Share Issued": "192,209", "Ordinary Shares Number": "192,209"}, "12/31/2018": {"Duration": "12/31/2018", "Total Assets": "36,288,000", "Total Liabilities Net Minority Interest": "25,571,000", "Total Equity Gross Minority Interest": "10,717,000", "Total Capitalization": "22,364,000", "Common Stock Equity": "10,237,000", "Capital Lease Obligations": "7,000", "Net Tangible Assets": "7,095,000", "Working Capital": "-1,178,000", "Invested Capital": "24,472,000", "Tangible Book Value": "7,095,000", "Total Debt": "14,242,000", "Net Debt": "14,164,000", "Share Issued": "181,925", "Ordinary Shares Number": "181,925"}}, "cf": {"TTM": {"Duration": "TTM", "Operating Cash Flow": "3,693,000", "Investing Cash Flow": "-3,433,000", "Financing Cash Flow": "634,000", "End Cash Position": "1,570,000", "Income Tax Paid Supplemental Data": "-", "Interest Paid Supplemental Data": "-", "Capital Expenditure": "-3,338,000", "Issuance of Capital Stock": "-", "Issuance of Debt": "3,589,000", "Repayment of Debt": "-582,000", "Repurchase of Capital Stock": "-", "Free Cash Flow": "355,000"}, "12/31/2020": {"Duration": "12/31/2020", "Operating Cash Flow": "3,697,000", "Investing Cash Flow": "-4,070,000", "Financing Cash Flow": "796,000", "End Cash Position": "516,000", "Income Tax Paid Supplemental Data": "-", "Interest Paid Supplemental Data": "679,000", "Capital Expenditure": "-3,857,000", "Issuance of Capital Stock": "2,000", "Issuance of Debt": "3,692,000", "Repayment of Debt": "-882,000", "Repurchase of Capital Stock": "-", "Free Cash Flow": "-160,000"}, "12/31/2019": {"Duration": "12/31/2019", "Operating Cash Flow": "2,649,000", "Investing Cash Flow": "-5,732,000", "Financing Cash Flow": "3,100,000", "End Cash Position": "93,000", "Income Tax Paid Supplemental Data": "18,000", "Interest Paid Supplemental Data": "595,000", "Capital Expenditure": "-2,997,000", "Issuance of Capital Stock": "2,288,000", "Issuance of Debt": "2,506,000", "Repayment of Debt": "-821,000", "Repurchase of Capital Stock": "0", "Free Cash Flow": "-348,000"}, "12/31/2018": {"Duration": "12/31/2018", "Operating Cash Flow": "2,680,000", "Investing Cash Flow": "-3,347,000", "Financing Cash Flow": "654,000", "End Cash Position": "76,000", "Income Tax Paid Supplemental Data": "-", "Interest Paid Supplemental Data": "572,000", "Capital Expenditure": "-2,713,000", "Issuance of Capital Stock": "0", "Issuance of Debt": "1,432,000", "Repayment of Debt": "-105,000", "Repurchase of Capital Stock": "0", "Free Cash Flow": "-33,000"}}}}, {"SCG": {"quote": {"05/12/2021": {"value": "", "Net Assets": "N/A", "Beta (5Y Monthly)": "N/A", "Yield": "N/A", "5y Average Return": "N/A", "Holdings Turnover": "N/A", "Last Dividend": "N/A", "Average for Category": "N/A", "Inception Date": "N/A"}}, "fin": {}, "bs": {}, "cf": {}}}, {"CMS": {"quote": {"05/12/2021": {"value": "62.46", "Market Cap": "18.08B", "Beta (5Y Monthly)": "0.17", "PE Ratio (TTM)": "20.79", "EPS (TTM)": "3.01", "Earnings Date": "Aug 02, 2021 - Aug 06, 2021", "Forward Dividend & Yield": "1.74 (2.74%)", "Ex-Dividend Date": "May 06, 2021", "1y Target Est": "67.31"}}, "fin": {"TTM": {"Duration": "TTM", "Total Revenue": "6,899,000", "Cost of Revenue": "3,980,000", "Gross Profit": "2,919,000", "Operating Expense": "1,440,000", "Operating Income": "1,479,000", "Net Non Operating Interest Income Expense": "-556,000", "Other Income Expense": "85,000", "Pretax Income": "1,008,000", "Tax Provision": "157,000", "Net Income Common Stockholders": "861,000", "Diluted NI Available to Com Stockholders": "861,000", "Basic EPS": "-", "Diluted EPS": "-", "Basic Average Shares": "-", "Diluted Average Shares": "-", "Total Operating Income as Reported": "1,479,000", "Total Expenses": "5,420,000", "Interest Income": "4,000", "Interest Expense": "560,000", "Net Interest Income": "-556,000", "Net Income from Continuing & Discontinued Operation": "861,000", "Normalized Income": "855,935", "EBIT": "1,568,000", "EBITDA": "2,640,000", "Reconciled Cost of Revenue": "3,987,000", "Reconciled Depreciation": "1,065,000", "Net Income from Continuing Operation Net Minority Interest": "861,000", "Total Unusual Items Excluding Goodwill": "6,000", "Total Unusual Items": "6,000", "Normalized EBITDA": "2,634,000", "Tax Rate for Calcs": "0", "Tax Effect of Unusual Items": "934.5238"}, "12/31/2020": {"Duration": "12/31/2020", "Total Revenue": "6,680,000", "Cost of Revenue": "3,911,000", "Gross Profit": "2,769,000", "Operating Expense": "1,407,000", "Operating Income": "1,362,000", "Net Non Operating Interest Income Expense": "-550,000", "Other Income Expense": "73,000", "Pretax Income": "885,000", "Tax Provision": "133,000", "Net Income Common Stockholders": "755,000", "Diluted NI Available to Com Stockholders": "755,000", "Basic EPS": "-", "Diluted EPS": "-", "Basic Average Shares": "-", "Diluted Average Shares": "-", "Total Operating Income as Reported": "1,362,000", "Total Expenses": "5,318,000", "Interest Income": "11,000", "Interest Expense": "561,000", "Net Interest Income": "-550,000", "Net Income from Continuing & Discontinued Operation": "755,000", "Normalized Income": "749,902", "EBIT": "1,446,000", "EBITDA": "-", "Reconciled Cost of Revenue": "3,911,000", "Reconciled Depreciation": "1,048,000", "Net Income from Continuing Operation Net Minority Interest": "755,000", "Total Unusual Items Excluding Goodwill": "6,000", "Total Unusual Items": "6,000", "Normalized EBITDA": "2,488,000", "Tax Rate for Calcs": "0", "Tax Effect of Unusual Items": "901.6949"}, "12/31/2019": {"Duration": "12/31/2019", "Total Revenue": "6,845,000", "Cost of Revenue": "4,281,000", "Gross Profit": "2,564,000", "Operating Expense": "1,325,000", "Operating Income": "1,239,000", "Net Non Operating Interest Income Expense": "-512,000", "Other Income Expense": "102,000", "Pretax Income": "829,000", "Tax Provision": "147,000", "Net Income Common Stockholders": "680,000", "Diluted NI Available to Com Stockholders": "680,000", "Basic EPS": "2.40", "Diluted EPS": "2.39", "Basic Average Shares": "283,000", "Diluted Average Shares": "284,300", "Total Operating Income as Reported": "1,239,000", "Total Expenses": "5,606,000", "Interest Income": "7,000", "Interest Expense": "519,000", "Net Interest Income": "-512,000", "Net Income from Continuing & Discontinued Operation": "680,000", "Normalized Income": "671,770", "EBIT": "1,348,000", "EBITDA": "-", "Reconciled Cost of Revenue": "4,281,000", "Reconciled Depreciation": "992,000", "Net Income from Continuing Operation Net Minority Interest": "680,000", "Total Unusual Items Excluding Goodwill": "10,000", "Total Unusual Items": "10,000", "Normalized EBITDA": "2,330,000", "Tax Rate for Calcs": "0", "Tax Effect of Unusual Items": "1,770"}, "12/31/2018": {"Duration": "12/31/2018", "Total Revenue": "6,873,000", "Cost of Revenue": "4,475,000", "Gross Profit": "2,398,000", "Operating Expense": "1,236,000", "Operating Income": "1,162,000", "Net Non Operating Interest Income Expense": "-447,000", "Other Income Expense": "59,000", "Pretax Income": "774,000", "Tax Provision": "115,000", "Net Income Common Stockholders": "657,000", "Diluted NI Available to Com Stockholders": "657,000", "Basic EPS": "2.33", "Diluted EPS": "2.32", "Basic Average Shares": "282,200", "Diluted Average Shares": "282,900", "Total Operating Income as Reported": "1,162,000", "Total Expenses": "5,711,000", "Interest Income": "11,000", "Interest Expense": "458,000", "Net Interest Income": "-447,000", "Net Income from Continuing & Discontinued Operation": "657,000", "Normalized Income": "651,891", "EBIT": "1,232,000", "EBITDA": "-", "Reconciled Cost of Revenue": "4,475,000", "Reconciled Depreciation": "933,000", "Net Income from Continuing Operation Net Minority Interest": "657,000", "Total Unusual Items Excluding Goodwill": "6,000", "Total Unusual Items": "6,000", "Normalized EBITDA": "2,159,000", "Tax Rate for Calcs": "0", "Tax Effect of Unusual Items": "891.4729"}}, "bs": {"12/31/2020": {"Duration": "12/31/2020", "Total Assets": "29,666,000", "Total Liabilities Net Minority Interest": "23,589,000", "Total Equity Gross Minority Interest": "6,077,000", "Total Capitalization": "19,130,000", "Common Stock Equity": "5,496,000", "Capital Lease Obligations": "56,000", "Net Tangible Assets": "5,496,000", "Working Capital": "-670,000", "Invested Capital": "20,636,000", "Tangible Book Value": "5,496,000", "Total Debt": "15,196,000", "Net Debt": "14,972,000", "Share Issued": "288,900", "Ordinary Shares Number": "288,900"}, "12/31/2019": {"Duration": "12/31/2019", "Total Assets": "26,837,000", "Total Liabilities Net Minority Interest": "21,782,000", "Total Equity Gross Minority Interest": "5,055,000", "Total Capitalization": "16,969,000", "Common Stock Equity": "5,018,000", "Capital Lease Obligations": "76,000", "Net Tangible Assets": "5,018,000", "Working Capital": "-373,000", "Invested Capital": "18,189,000", "Tangible Book Value": "5,018,000", "Total Debt": "13,247,000", "Net Debt": "13,031,000", "Share Issued": "283,900", "Ordinary Shares Number": "283,900"}, "12/31/2018": {"Duration": "12/31/2018", "Total Assets": "24,529,000", "Total Liabilities Net Minority Interest": "19,737,000", "Total Equity Gross Minority Interest": "4,792,000", "Total Capitalization": "15,370,000", "Common Stock Equity": "4,755,000", "Capital Lease Obligations": "69,000", "Net Tangible Assets": "4,755,000", "Working Capital": "-156,000", "Invested Capital": "16,463,000", "Tangible Book Value": "4,755,000", "Total Debt": "11,777,000", "Net Debt": "11,555,000", "Share Issued": "283,400", "Ordinary Shares Number": "283,400"}}, "cf": {"TTM": {"Duration": "TTM", "Operating Cash Flow": "1,879,000", "Investing Cash Flow": "-2,783,000", "Financing Cash Flow": "331,000", "End Cash Position": "55,000", "Income Tax Paid Supplemental Data": "-", "Interest Paid Supplemental Data": "-", "Capital Expenditure": "-2,364,000", "Issuance of Capital Stock": "-", "Issuance of Debt": "2,632,000", "Repayment of Debt": "-2,260,000", "Free Cash Flow": "-485,000"}, "12/31/2020": {"Duration": "12/31/2020", "Operating Cash Flow": "1,276,000", "Investing Cash Flow": "-2,867,000", "Financing Cash Flow": "1,619,000", "End Cash Position": "185,000", "Income Tax Paid Supplemental Data": "-", "Interest Paid Supplemental Data": "549,000", "Capital Expenditure": "-2,448,000", "Issuance of Capital Stock": "253,000", "Issuance of Debt": "3,505,000", "Repayment of Debt": "-2,010,000", "Free Cash Flow": "-1,172,000"}, "12/31/2019": {"Duration": "12/31/2019", "Operating Cash Flow": "1,790,000", "Investing Cash Flow": "-2,816,000", "Financing Cash Flow": "1,008,000", "End Cash Position": "157,000", "Income Tax Paid Supplemental Data": "-", "Interest Paid Supplemental Data": "498,000", "Capital Expenditure": "-2,236,000", "Issuance of Capital Stock": "12,000", "Issuance of Debt": "2,782,000", "Repayment of Debt": "-1,285,000", "Free Cash Flow": "-446,000"}, "12/31/2018": {"Duration": "12/31/2018", "Operating Cash Flow": "1,703,000", "Investing Cash Flow": "-2,606,000", "Financing Cash Flow": "874,000", "End Cash Position": "175,000", "Income Tax Paid Supplemental Data": "-123,000", "Interest Paid Supplemental Data": "458,000", "Capital Expenditure": "-2,220,000", "Issuance of Capital Stock": "41,000", "Issuance of Debt": "3,280,000", "Repayment of Debt": "-2,004,000", "Free Cash Flow": "-517,000"}}}}, {"PNW": {"quote": {"03/28/2021": {"value": "80.22", "Market Cap": "9.04B", "Beta (5Y Monthly)": "0.28", "PE Ratio (TTM)": "16.47", "EPS (TTM)": "4.87", "Earnings Date": "May 06, 2021 - May 10, 2021", "Forward Dividend & Yield": "3.32 (4.14%)", "Ex-Dividend Date": "Jan 29, 2021", "1y Target Est": "84.31"}}}}, {"OGE": {"quote": {"03/28/2021": {"value": "32.40", "Market Cap": "6.481B", "Beta (5Y Monthly)": "0.67", "PE Ratio (TTM)": "N/A", "EPS (TTM)": "-0.87", "Earnings Date": "May 05, 2021 - May 10, 2021", "Forward Dividend & Yield": "1.61 (4.97%)", "Ex-Dividend Date": "Apr 09, 2021", "1y Target Est": "34.78"}}}}, {"KEP": {"quote": {"03/28/2021": {"value": "10.32", "Market Cap": "13.136B", "Beta (5Y Monthly)": "0.69", "PE Ratio (TTM)": "7.50", "EPS (TTM)": "1.38", "Earnings Date": "N/A", "Forward Dividend & Yield": "N/A (N/A)", "Ex-Dividend Date": "Dec 28, 2017", "1y Target Est": "15.00"}}}}, {"CPN": {"quote": {"03/28/2021": {"value": "", "Net Assets": "N/A", "Beta (5Y Monthly)": "N/A", "Yield": "N/A", "5y Average Return": "N/A", "Holdings Turnover": "N/A", "Last Dividend": "N/A", "Average for Category": "N/A", "Inception Date": "N/A"}}}}, {"EDN": {"quote": {"03/28/2021": {"value": "3.5000", "Market Cap": "239.994M", "Beta (5Y Monthly)": "1.54", "PE Ratio (TTM)": "N/A", "EPS (TTM)": "-4.4200", "Earnings Date": "N/A", "Forward Dividend & Yield": "N/A (N/A)", "Ex-Dividend Date": "N/A", "1y Target Est": "4.32"}}}}, {"POR": {"quote": {"05/12/2021": {"value": "48.72", "Market Cap": "4.366B", "Beta (5Y Monthly)": "0.36", "PE Ratio (TTM)": "25.90", "EPS (TTM)": "1.88", "Earnings Date": "Jul 29, 2021 - Aug 02, 2021", "Forward Dividend & Yield": "1.72 (3.47%)", "Ex-Dividend Date": "Jun 24, 2021", "1y Target Est": "50.27"}}, "fin": {"TTM": {"Duration": "TTM", "Total Revenue": "2,119,000", "Cost of Revenue": "724,000", "Gross Profit": "1,395,000", "Operating Expense": "1,126,000", "Operating Income": "269,000", "Net Non Operating Interest Income Expense": "-137,000", "Other Income Expense": "29,000", "Pretax Income": "161,000", "Tax Provision": "-9,000", "Net Income Common Stockholders": "170,000", "Diluted NI Available to Com Stockholders": "170,000", "Basic EPS": "-", "Diluted EPS": "-", "Basic Average Shares": "-", "Diluted Average Shares": "-", "Total Operating Income as Reported": "269,000", "Total Expenses": "1,850,000", "Interest Expense": "137,000", "Net Interest Income": "-137,000", "Net Income from Continuing & Discontinued Operation": "170,000", "Normalized Income": "159,800", "EBIT": "298,000", "EBITDA": "747,000", "Reconciled Cost of Revenue": "724,000", "Reconciled Depreciation": "449,000", "Net Income from Continuing Operation Net Minority Interest": "170,000", "Total Unusual Items Excluding Goodwill": "17,000", "Total Unusual Items": "17,000", "Normalized EBITDA": "730,000", "Tax Rate for Calcs": "0", "Tax Effect of Unusual Items": "6,800"}, "12/31/2020": {"Duration": "12/31/2020", "Total Revenue": "2,094,000", "Cost of Revenue": "708,000", "Gross Profit": "1,386,000", "Operating Expense": "1,117,000", "Operating Income": "269,000", "Net Non Operating Interest Income Expense": "-136,000", "Other Income Expense": "22,000", "Pretax Income": "155,000", "Tax Provision": "0", "Net Income Common Stockholders": "155,000", "Diluted NI Available to Com Stockholders": "155,000", "Basic EPS": "-", "Diluted EPS": "-", "Basic Average Shares": "-", "Diluted Average Shares": "-", "Total Operating Income as Reported": "269,000", "Total Expenses": "1,825,000", "Interest Expense": "136,000", "Net Interest Income": "-136,000", "Net Income from Continuing & Discontinued Operation": "155,000", "Normalized Income": "139,000", "EBIT": "291,000", "EBITDA": "-", "Reconciled Cost of Revenue": "708,000", "Reconciled Depreciation": "454,000", "Net Income from Continuing Operation Net Minority Interest": "155,000", "Total Unusual Items Excluding Goodwill": "16,000", "Total Unusual Items": "16,000", "Normalized EBITDA": "729,000", "Tax Rate for Calcs": "0", "Tax Effect of Unusual Items": "0"}, "12/31/2019": {"Duration": "12/31/2019", "Total Revenue": "2,051,000", "Cost of Revenue": "614,000", "Gross Profit": "1,437,000", "Operating Expense": "1,084,000", "Operating Income": "353,000", "Net Non Operating Interest Income Expense": "-128,000", "Other Income Expense": "16,000", "Pretax Income": "241,000", "Tax Provision": "27,000", "Net Income Common Stockholders": "214,000", "Diluted NI Available to Com Stockholders": "214,000", "Basic EPS": "2.39", "Diluted EPS": "2.39", "Basic Average Shares": "89,353", "Diluted Average Shares": "89,559", "Total Operating Income as Reported": "353,000", "Total Expenses": "1,698,000", "Interest Expense": "128,000", "Net Interest Income": "-128,000", "Net Income from Continuing & Discontinued Operation": "214,000", "Normalized Income": "205,120", "EBIT": "369,000", "EBITDA": "-", "Reconciled Cost of Revenue": "614,000", "Reconciled Depreciation": "409,000", "Net Income from Continuing Operation Net Minority Interest": "214,000", "Total Unusual Items Excluding Goodwill": "10,000", "Total Unusual Items": "10,000", "Normalized EBITDA": "768,000", "Tax Rate for Calcs": "0", "Tax Effect of Unusual Items": "1,120"}, "12/31/2018": {"Duration": "12/31/2018", "Total Revenue": "1,940,000", "Cost of Revenue": "571,000", "Gross Profit": "1,369,000", "Operating Expense": "1,023,000", "Operating Income": "346,000", "Net Non Operating Interest Income Expense": "-124,000", "Other Income Expense": "7,000", "Pretax Income": "229,000", "Tax Provision": "17,000", "Net Income Common Stockholders": "212,000", "Diluted NI Available to Com Stockholders": "212,000", "Basic EPS": "2.38", "Diluted EPS": "2.37", "Basic Average Shares": "89,215", "Diluted Average Shares": "89,347", "Total Operating Income as Reported": "346,000", "Total Expenses": "1,594,000", "Interest Expense": "124,000", "Net Interest Income": "-124,000", "Net Income from Continuing & Discontinued Operation": "212,000", "Normalized Income": "201,814", "EBIT": "353,000", "EBITDA": "-", "Reconciled Cost of Revenue": "571,000", "Reconciled Depreciation": "382,000", "Net Income from Continuing Operation Net Minority Interest": "212,000", "Total Unusual Items Excluding Goodwill": "11,000", "Total Unusual Items": "11,000", "Normalized EBITDA": "724,000", "Tax Rate for Calcs": "0", "Tax Effect of Unusual Items": "814"}}, "bs": {"12/31/2020": {"Duration": "12/31/2020", "Total Assets": "9,069,000", "Total Liabilities Net Minority Interest": "6,456,000", "Total Equity Gross Minority Interest": "2,613,000", "Total Capitalization": "5,499,000", "Common Stock Equity": "2,613,000", "Capital Lease Obligations": "145,000", "Net Tangible Assets": "2,613,000", "Working Capital": "-94,000", "Invested Capital": "5,809,000", "Tangible Book Value": "2,613,000", "Total Debt": "3,341,000", "Net Debt": "2,939,000", "Share Issued": "89,537", "Ordinary Shares Number": "89,537"}, "12/31/2019": {"Duration": "12/31/2019", "Total Assets": "8,394,000", "Total Liabilities Net Minority Interest": "5,803,000", "Total Equity Gross Minority Interest": "2,591,000", "Total Capitalization": "5,188,000", "Common Stock Equity": "2,591,000", "Capital Lease Obligations": "151,000", "Net Tangible Assets": "2,591,000", "Working Capital": "-19,000", "Invested Capital": "5,188,000", "Tangible Book Value": "2,591,000", "Total Debt": "2,748,000", "Net Debt": "2,567,000", "Share Issued": "89,387", "Ordinary Shares Number": "89,387"}, "12/31/2018": {"Duration": "12/31/2018", "Total Assets": "8,110,000", "Total Liabilities Net Minority Interest": "5,604,000", "Total Equity Gross Minority Interest": "2,506,000", "Total Capitalization": "4,684,000", "Common Stock Equity": "2,506,000", "Capital Lease Obligations": "-", "Net Tangible Assets": "2,506,000", "Working Capital": "-148,000", "Invested Capital": "4,984,000", "Tangible Book Value": "2,506,000", "Total Debt": "2,478,000", "Net Debt": "2,359,000", "Share Issued": "89,268", "Ordinary Shares Number": "89,268"}}, "cf": {"TTM": {"Duration": "TTM", "Operating Cash Flow": "580,000", "Investing Cash Flow": "-792,000", "Financing Cash Flow": "317,000", "End Cash Position": "-", "Income Tax Paid Supplemental Data": "-", "Interest Paid Supplemental Data": "117,000", "Capital Expenditure": "-775,000", "Issuance of Capital Stock": "-", "Issuance of Debt": "865,000", "Repayment of Debt": "-395,000", "Free Cash Flow": "-195,000"}, "12/31/2020": {"Duration": "12/31/2020", "Operating Cash Flow": "567,000", "Investing Cash Flow": "-787,000", "Financing Cash Flow": "447,000", "End Cash Position": "257,000", "Income Tax Paid Supplemental Data": "17,000", "Interest Paid Supplemental Data": "113,000", "Capital Expenditure": "-784,000", "Issuance of Capital Stock": "-", "Issuance of Debt": "824,000", "Repayment of Debt": "-223,000", "Free Cash Flow": "-217,000"}, "12/31/2019": {"Duration": "12/31/2019", "Operating Cash Flow": "546,000", "Investing Cash Flow": "-604,000", "Financing Cash Flow": "-31,000", "End Cash Position": "30,000", "Income Tax Paid Supplemental Data": "33,000", "Interest Paid Supplemental Data": "116,000", "Capital Expenditure": "-606,000", "Issuance of Capital Stock": "-", "Issuance of Debt": "470,000", "Repayment of Debt": "-350,000", "Free Cash Flow": "-60,000"}, "12/31/2018": {"Duration": "12/31/2018", "Operating Cash Flow": "630,000", "Investing Cash Flow": "-471,000", "Financing Cash Flow": "-79,000", "End Cash Position": "119,000", "Income Tax Paid Supplemental Data": "25,000", "Interest Paid Supplemental Data": "117,000", "Capital Expenditure": "-595,000", "Issuance of Capital Stock": "-", "Issuance of Debt": "75,000", "Repayment of Debt": "-24,000", "Free Cash Flow": "35,000"}}}}, {"ELP": {"quote": {"05/12/2021": {"value": "5.20", "Market Cap": "2.846B", "Beta (5Y Monthly)": "0.59", "PE Ratio (TTM)": "17.93", "EPS (TTM)": "0.29", "Earnings Date": "N/A", "Forward Dividend & Yield": "0.07 (1.31%)", "Ex-Dividend Date": "Apr 30, 2021", "1y Target Est": "1.46"}}, "fin": {"TTM": {"Duration": "TTM", "Total Revenue": "18,633,249", "Cost of Revenue": "13,347,822", "Gross Profit": "5,285,427", "Operating Expense": "308,907", "Operating Income": "4,976,520", "Net Non Operating Interest Income Expense": "-34,652", "Other Income Expense": "177,669", "Pretax Income": "5,119,537", "Tax Provision": "1,285,365", "Net Income Common Stockholders": "3,904,202", "Diluted NI Available to Com Stockholders": "3,904,202", "Basic EPS": "-", "Diluted EPS": "-", "Basic Average Shares": "-", "Diluted Average Shares": "-", "Total Operating Income as Reported": "5,119,537", "Total Expenses": "13,656,729", "Interest Income": "341,964", "Interest Expense": "12,550", "Net Interest Income": "-34,652", "Net Income from Continuing & Discontinued Operation": "3,904,202", "Normalized Income": "3,840,517", "EBIT": "5,132,087", "EBITDA": "6,141,999", "Reconciled Cost of Revenue": "12,402,228", "Reconciled Depreciation": "1,009,912", "Net Income from Continuing Operation Net Minority Interest": "3,828,624", "Total Unusual Items Excluding Goodwill": "-15,878", "Total Unusual Items": "-15,878", "Normalized EBITDA": "6,157,877", "Tax Rate for Calcs": "0", "Tax Effect of Unusual Items": "-3,985"}, "12/31/2020": {"Duration": "12/31/2020", "Total Revenue": "18,633,249", "Cost of Revenue": "13,347,822", "Gross Profit": "5,285,427", "Operating Expense": "308,907", "Operating Income": "4,976,520", "Net Non Operating Interest Income Expense": "-34,652", "Other Income Expense": "177,669", "Pretax Income": "5,119,537", "Tax Provision": "1,285,365", "Net Income Common Stockholders": "3,904,202", "Diluted NI Available to Com Stockholders": "3,904,202", "Basic EPS": "-", "Diluted EPS": "-", "Basic Average Shares": "-", "Diluted Average Shares": "-", "Total Operating Income as Reported": "5,119,537", "Total Expenses": "13,656,729", "Interest Income": "341,964", "Interest Expense": "12,550", "Net Interest Income": "-34,652", "Net Income from Continuing & Discontinued Operation": "3,904,202", "Normalized Income": "3,840,517", "EBIT": "5,132,087", "EBITDA": "-", "Reconciled Cost of Revenue": "12,402,228", "Reconciled Depreciation": "1,009,912", "Net Income from Continuing Operation Net Minority Interest": "3,828,624", "Total Unusual Items Excluding Goodwill": "-15,878", "Total Unusual Items": "-15,878", "Normalized EBITDA": "6,157,877", "Tax Rate for Calcs": "0", "Tax Effect of Unusual Items": "-3,985"}, "12/31/2019": {"Duration": "12/31/2019", "Total Revenue": "16,244,274", "Cost of Revenue": "11,760,176", "Gross Profit": "4,484,098", "Operating Expense": "1,433,288", "Operating Income": "3,050,810", "Net Non Operating Interest Income Expense": "-425,824", "Other Income Expense": "77,210", "Pretax Income": "2,702,195", "Tax Provision": "639,326", "Net Income Common Stockholders": "1,989,946", "Diluted NI Available to Com Stockholders": "1,989,946", "Basic EPS": "0.73", "Diluted EPS": "0.73", "Basic Average Shares": "2,736,554", "Diluted Average Shares": "2,736,554", "Total Operating Income as Reported": "2,702,195", "Total Expenses": "13,193,464", "Interest Income": "192,724", "Interest Expense": "33,065", "Net Interest Income": "-425,824", "Net Income from Continuing & Discontinued Operation": "1,989,946", "Normalized Income": "2,012,490", "EBIT": "2,735,260", "EBITDA": "-", "Reconciled Cost of Revenue": "10,728,287", "Reconciled Depreciation": "1,093,836", "Net Income from Continuing Operation Net Minority Interest": "1,989,946", "Total Unusual Items Excluding Goodwill": "-29,547", "Total Unusual Items": "-29,547", "Normalized EBITDA": "3,858,643", "Tax Rate for Calcs": "0", "Tax Effect of Unusual Items": "-7,003"}, "12/31/2018": {"Duration": "12/31/2018", "Total Revenue": "14,934,780", "Cost of Revenue": "11,501,688", "Gross Profit": "3,433,092", "Operating Expense": "1,133,473", "Operating Income": "2,299,619", "Net Non Operating Interest Income Expense": "-429,307", "Other Income Expense": "85,685", "Pretax Income": "1,955,997", "Tax Provision": "511,993", "Net Income Common Stockholders": "1,407,063", "Diluted NI Available to Com Stockholders": "1,407,063", "Basic EPS": "0.51", "Diluted EPS": "0.51", "Basic Average Shares": "2,736,554", "Diluted Average Shares": "2,736,554", "Total Operating Income as Reported": "-", "Total Expenses": "12,635,161", "Interest Income": "214,627", "Interest Expense": "51,237", "Net Interest Income": "-429,307", "Net Income from Continuing & Discontinued Operation": "1,407,063", "Normalized Income": "1,444,113", "EBIT": "2,007,234", "EBITDA": "-", "Reconciled Cost of Revenue": "10,792,098", "Reconciled Depreciation": "749,179", "Net Income from Continuing Operation Net Minority Interest": "1,407,063", "Total Unusual Items Excluding Goodwill": "-50,203", "Total Unusual Items": "-50,203", "Normalized EBITDA": "2,806,616", "Tax Rate for Calcs": "0", "Tax Effect of Unusual Items": "-13,153"}}, "bs": {"12/31/2020": {"Duration": "12/31/2020", "Total Assets": "46,784,664", "Total Liabilities Net Minority Interest": "26,534,146", "Total Equity Gross Minority Interest": "20,250,518", "Total Capitalization": "27,306,035", "Common Stock Equity": "19,959,111", "Capital Lease Obligations": "138,361", "Net Tangible Assets": "13,029,655", "Working Capital": "1,753,039", "Invested Capital": "29,905,123", "Tangible Book Value": "13,029,655", "Total Debt": "10,084,373", "Net Debt": "6,723,244", "Share Issued": "2,736,554", "Ordinary Shares Number": "2,736,554"}, "12/31/2019": {"Duration": "12/31/2019", "Total Assets": "38,312,550", "Total Liabilities Net Minority Interest": "20,714,338", "Total Equity Gross Minority Interest": "17,598,212", "Total Capitalization": "27,404,685", "Common Stock Equity": "17,252,414", "Capital Lease Obligations": "96,604", "Net Tangible Assets": "10,919,803", "Working Capital": "2,563,575", "Invested Capital": "28,824,507", "Tangible Book Value": "10,919,803", "Total Debt": "11,668,697", "Net Debt": "8,630,366", "Share Issued": "2,736,554", "Ordinary Shares Number": "2,736,554"}, "12/31/2018": {"Duration": "12/31/2018", "Total Assets": "35,930,100", "Total Liabilities Net Minority Interest": "19,593,886", "Total Equity Gross Minority Interest": "16,336,214", "Total Capitalization": "24,300,435", "Common Stock Equity": "16,032,925", "Capital Lease Obligations": "-", "Net Tangible Assets": "10,003,828", "Working Capital": "-17,268", "Invested Capital": "27,598,363", "Tangible Book Value": "10,003,828", "Total Debt": "11,565,438", "Net Debt": "9,617,029", "Share Issued": "2,736,554", "Ordinary Shares Number": "2,736,554"}}, "cf": {"TTM": {"Duration": "TTM", "Operating Cash Flow": "3,940,844", "Investing Cash Flow": "-1,667,571", "Financing Cash Flow": "-1,715,113", "End Cash Position": "3,499,887", "Capital Expenditure": "-236,550", "Issuance of Debt": "263,000", "Repayment of Debt": "-1,331,718", "Free Cash Flow": "3,704,294"}, "12/31/2020": {"Duration": "12/31/2020", "Operating Cash Flow": "3,940,844", "Investing Cash Flow": "-1,667,571", "Financing Cash Flow": "-1,715,113", "End Cash Position": "3,499,887", "Capital Expenditure": "-236,550", "Issuance of Debt": "263,000", "Repayment of Debt": "-1,331,718", "Free Cash Flow": "3,704,294"}, "12/31/2019": {"Duration": "12/31/2019", "Operating Cash Flow": "2,945,006", "Investing Cash Flow": "-1,663,651", "Financing Cash Flow": "-288,037", "End Cash Position": "2,941,727", "Capital Expenditure": "-548,162", "Issuance of Debt": "3,761,324", "Repayment of Debt": "-3,668,940", "Free Cash Flow": "2,396,844"}, "12/31/2018": {"Duration": "12/31/2018", "Operating Cash Flow": "1,770,971", "Investing Cash Flow": "-2,149,153", "Financing Cash Flow": "1,286,516", "End Cash Position": "1,948,409", "Capital Expenditure": "-1,496,656", "Issuance of Debt": "4,205,049", "Repayment of Debt": "-2,617,811", "Free Cash Flow": "274,315"}}}}, {"D": {"quote": {"05/12/2021": {"value": "77.14", "Market Cap": "62.215B", "Beta (5Y Monthly)": "0.36", "PE Ratio (TTM)": "79.86", "EPS (TTM)": "0.97", "Earnings Date": "Jul 29, 2021 - Aug 02, 2021", "Forward Dividend & Yield": "2.52 (3.20%)", "Ex-Dividend Date": "Jun 03, 2021", "1y Target Est": "84.57"}}, "fin": {"TTM": {"Duration": "TTM", "Total Revenue": "14,104,000", "Cost of Revenue": "6,918,000", "Gross Profit": "7,186,000", "Operating Expense": "3,250,000", "Operating Income": "3,936,000", "Net Non Operating Interest Income Expense": "-998,000", "Other Income Expense": "183,000", "Pretax Income": "3,121,000", "Tax Provision": "345,000", "Net Income Common Stockholders": "877,000", "Average Dilution Earnings": "-28,000", "Diluted NI Available to Com Stockholders": "877,000", "Basic EPS": "-", "Diluted EPS": "-", "Basic Average Shares": "-", "Diluted Average Shares": "-", "Total Operating Income as Reported": "2,565,000", "Total Expenses": "10,168,000", "Interest Expense": "998,000", "Net Interest Income": "-998,000", "Net Income from Continuing & Discontinued Operation": "877,000", "Normalized Income": "4,175,448", "EBIT": "4,119,000", "EBITDA": "6,881,000", "Reconciled Cost of Revenue": "6,518,000", "Reconciled Depreciation": "2,762,000", "Net Income from Continuing Operation Net Minority Interest": "2,956,000", "Total Unusual Items Excluding Goodwill": "-1,371,000", "Total Unusual Items": "-1,371,000", "Normalized EBITDA": "8,252,000", "Tax Rate for Calcs": "0", "Tax Effect of Unusual Items": "-151,552"}, "12/31/2020": {"Duration": "12/31/2020", "Total Revenue": "14,172,000", "Cost of Revenue": "6,870,000", "Gross Profit": "7,302,000", "Operating Expense": "3,203,000", "Operating Income": "4,099,000", "Net Non Operating Interest Income Expense": "-1,377,000", "Other Income Expense": "-1,311,000", "Pretax Income": "1,411,000", "Tax Provision": "83,000", "Net Income Common Stockholders": "-401,000", "Average Dilution Earnings": "-", "Diluted NI Available to Com Stockholders": "-401,000", "Basic EPS": "-", "Diluted EPS": "-", "Basic Average Shares": "-", "Diluted Average Shares": "-", "Total Operating Income as Reported": "2,055,000", "Total Expenses": "10,073,000", "Interest Expense": "1,377,000", "Net Interest Income": "-1,377,000", "Net Income from Continuing & Discontinued Operation": "-401,000", "Normalized Income": "3,400,765", "EBIT": "2,788,000", "EBITDA": "-", "Reconciled Cost of Revenue": "6,366,000", "Reconciled Depreciation": "2,836,000", "Net Income from Continuing Operation Net Minority Interest": "1,477,000", "Total Unusual Items Excluding Goodwill": "-2,044,000", "Total Unusual Items": "-2,044,000", "Normalized EBITDA": "7,668,000", "Tax Rate for Calcs": "0", "Tax Effect of Unusual Items": "-120,235"}, "12/31/2019": {"Duration": "12/31/2019", "Total Revenue": "16,572,000", "Cost of Revenue": "8,990,000", "Gross Profit": "7,582,000", "Operating Expense": "3,695,000", "Operating Income": "3,887,000", "Net Non Operating Interest Income Expense": "-1,773,000", "Other Income Expense": "-387,000", "Pretax Income": "1,727,000", "Tax Provision": "351,000", "Net Income Common Stockholders": "1,341,000", "Average Dilution Earnings": "-28,000", "Diluted NI Available to Com Stockholders": "1,313,000", "Basic EPS": "1.73", "Diluted EPS": "1.73", "Basic Average Shares": "838,000", "Diluted Average Shares": "838,000", "Total Operating Income as Reported": "2,514,000", "Total Expenses": "12,685,000", "Interest Expense": "1,773,000", "Net Interest Income": "-1,773,000", "Net Income from Continuing & Discontinued Operation": "1,358,000", "Normalized Income": "2,451,948", "EBIT": "3,500,000", "EBITDA": "-", "Reconciled Cost of Revenue": "8,668,000", "Reconciled Depreciation": "2,977,000", "Net Income from Continuing Operation Net Minority Interest": "1,358,000", "Total Unusual Items Excluding Goodwill": "-1,373,000", "Total Unusual Items": "-1,373,000", "Normalized EBITDA": "7,850,000", "Tax Rate for Calcs": "0", "Tax Effect of Unusual Items": "-279,052"}, "12/31/2018": {"Duration": "12/31/2018", "Total Revenue": "13,366,000", "Cost of Revenue": "7,039,000", "Gross Profit": "6,327,000", "Operating Expense": "2,703,000", "Operating Income": "3,624,000", "Net Non Operating Interest Income Expense": "-1,493,000", "Other Income Expense": "998,000", "Pretax Income": "3,129,000", "Tax Provision": "580,000", "Net Income Common Stockholders": "2,447,000", "Average Dilution Earnings": "-", "Diluted NI Available to Com Stockholders": "2,447,000", "Basic EPS": "3.59", "Diluted EPS": "3.59", "Basic Average Shares": "681,000", "Diluted Average Shares": "681,000", "Total Operating Income as Reported": "3,601,000", "Total Expenses": "9,742,000", "Interest Expense": "1,493,000", "Net Interest Income": "-1,493,000", "Net Income from Continuing & Discontinued Operation": "2,447,000", "Normalized Income": "2,465,745", "EBIT": "4,622,000", "EBITDA": "-", "Reconciled Cost of Revenue": "6,759,000", "Reconciled Depreciation": "2,280,000", "Net Income from Continuing Operation Net Minority Interest": "2,447,000", "Total Unusual Items Excluding Goodwill": "-23,000", "Total Unusual Items": "-23,000", "Normalized EBITDA": "6,925,000", "Tax Rate for Calcs": "0", "Tax Effect of Unusual Items": "-4,255"}}, "bs": {"12/31/2020": {"Duration": "12/31/2020", "Total Assets": "95,905,000", "Total Liabilities Net Minority Interest": "69,444,000", "Total Equity Gross Minority Interest": "26,461,000", "Total Capitalization": "60,074,000", "Preferred Stock Equity": "2,387,000", "Common Stock Equity": "23,730,000", "Capital Lease Obligations": "-", "Net Tangible Assets": "17,971,000", "Working Capital": "-3,957,000", "Invested Capital": "60,744,000", "Tangible Book Value": "15,584,000", "Total Debt": "37,014,000", "Net Debt": "36,842,000", "Share Issued": "806,000", "Ordinary Shares Number": "806,000"}, "12/31/2019": {"Duration": "12/31/2019", "Total Assets": "103,823,000", "Total Liabilities Net Minority Interest": "69,790,000", "Total Equity Gross Minority Interest": "34,033,000", "Total Capitalization": "65,713,000", "Preferred Stock Equity": "2,387,000", "Common Stock Equity": "29,607,000", "Capital Lease Obligations": "105,000", "Net Tangible Assets": "22,257,000", "Working Capital": "-3,851,000", "Invested Capital": "67,399,000", "Tangible Book Value": "19,870,000", "Total Debt": "37,897,000", "Net Debt": "37,626,000", "Share Issued": "838,000", "Ordinary Shares Number": "838,000"}, "12/31/2018": {"Duration": "12/31/2018", "Total Assets": "77,914,000", "Total Liabilities Net Minority Interest": "55,866,000", "Total Equity Gross Minority Interest": "22,048,000", "Total Capitalization": "51,251,000", "Preferred Stock Equity": "-", "Common Stock Equity": "20,107,000", "Capital Lease Obligations": "-", "Net Tangible Assets": "13,027,000", "Working Capital": "-2,486,000", "Invested Capital": "55,282,000", "Tangible Book Value": "13,027,000", "Total Debt": "35,175,000", "Net Debt": "34,907,000", "Share Issued": "681,000", "Ordinary Shares Number": "681,000"}}, "cf": {"TTM": {"Duration": "TTM", "Operating Cash Flow": "5,046,000", "Investing Cash Flow": "-3,583,000", "Financing Cash Flow": "-2,168,000", "End Cash Position": "562,000", "Income Tax Paid Supplemental Data": "106,000", "Interest Paid Supplemental Data": "1,643,000", "Capital Expenditure": "-5,886,000", "Issuance of Capital Stock": "129,000", "Issuance of Debt": "7,269,000", "Repayment of Debt": "-3,474,000", "Repurchase of Capital Stock": "-", "Free Cash Flow": "-840,000"}, "12/31/2020": {"Duration": "12/31/2020", "Operating Cash Flow": "5,227,000", "Investing Cash Flow": "-2,916,000", "Financing Cash Flow": "-2,333,000", "End Cash Position": "247,000", "Income Tax Paid Supplemental Data": "-", "Interest Paid Supplemental Data": "-", "Capital Expenditure": "-6,020,000", "Issuance of Capital Stock": "159,000", "Issuance of Debt": "7,927,000", "Repayment of Debt": "-4,020,000", "Repurchase of Capital Stock": "-3,080,000", "Free Cash Flow": "-793,000"}, "12/31/2019": {"Duration": "12/31/2019", "Operating Cash Flow": "5,204,000", "Investing Cash Flow": "-4,622,000", "Financing Cash Flow": "-704,000", "End Cash Position": "269,000", "Income Tax Paid Supplemental Data": "106,000", "Interest Paid Supplemental Data": "1,643,000", "Capital Expenditure": "-4,980,000", "Issuance of Capital Stock": "4,888,000", "Issuance of Debt": "7,778,000", "Repayment of Debt": "-12,229,000", "Repurchase of Capital Stock": "-", "Free Cash Flow": "224,000"}, "12/31/2018": {"Duration": "12/31/2018", "Operating Cash Flow": "4,773,000", "Investing Cash Flow": "-2,358,000", "Financing Cash Flow": "-2,209,000", "End Cash Position": "391,000", "Income Tax Paid Supplemental Data": "89,000", "Interest Paid Supplemental Data": "1,362,000", "Capital Expenditure": "-4,254,000", "Issuance of Capital Stock": "2,465,000", "Issuance of Debt": "7,885,000", "Repayment of Debt": "-10,096,000", "Repurchase of Capital Stock": "-", "Free Cash Flow": "519,000"}}}}, {"DYN": {"quote": {"05/12/2021": {"value": "17.24", "Market Cap": "882.79M", "Beta (5Y Monthly)": "N/A", "PE Ratio (TTM)": "N/A", "EPS (TTM)": "N/A", "Earnings Date": "N/A", "Forward Dividend & Yield": "N/A (N/A)", "Ex-Dividend Date": "N/A", "1y Target Est": "38.75"}}, "fin": {"TTM": {"Duration": "TTM", "Total Revenue": "0", "Operating Expense": "58,647", "Operating Income": "-58,647", "Net Non Operating Interest Income Expense": "-340", "Other Income Expense": "-450", "Pretax Income": "-59,437", "Net Income Common Stockholders": "-59,437", "Diluted NI Available to Com Stockholders": "-59,437", "Basic EPS": "-", "Diluted EPS": "-", "Basic Average Shares": "-", "Diluted Average Shares": "-", "Total Operating Income as Reported": "-58,647", "Total Expenses": "58,647", "Net Income from Continuing & Discontinued Operation": "-59,437", "Normalized Income": "-59,437", "Interest Income": "56", "Interest Expense": "396", "Net Interest Income": "-340", "EBIT": "-59,041", "EBITDA": "-58,341", "Reconciled Depreciation": "700", "Net Income from Continuing Operation Net Minority Interest": "-59,437", "Normalized EBITDA": "-58,341", "Tax Rate for Calcs": "0", "Tax Effect of Unusual Items": "0"}, "12/31/2020": {"Duration": "12/31/2020", "Total Revenue": "0", "Operating Expense": "58,647", "Operating Income": "-58,647", "Net Non Operating Interest Income Expense": "-340", "Other Income Expense": "-450", "Pretax Income": "-59,437", "Net Income Common Stockholders": "-59,437", "Diluted NI Available to Com Stockholders": "-59,437", "Basic EPS": "-", "Diluted EPS": "-", "Basic Average Shares": "-", "Diluted Average Shares": "-", "Total Operating Income as Reported": "-58,647", "Total Expenses": "58,647", "Net Income from Continuing & Discontinued Operation": "-59,437", "Normalized Income": "-59,437", "Interest Income": "56", "Interest Expense": "396", "Net Interest Income": "-340", "EBIT": "-59,041", "EBITDA": "-", "Reconciled Depreciation": "700", "Net Income from Continuing Operation Net Minority Interest": "-59,437", "Normalized EBITDA": "-58,341", "Tax Rate for Calcs": "0", "Tax Effect of Unusual Items": "0"}, "12/31/2019": {"Duration": "12/31/2019", "Total Revenue": "0", "Operating Expense": "13,826", "Operating Income": "-13,826", "Net Non Operating Interest Income Expense": "290", "Other Income Expense": "-1,323", "Pretax Income": "-14,859", "Net Income Common Stockholders": "-13,536", "Diluted NI Available to Com Stockholders": "-13,536", "Basic EPS": "-1.31", "Diluted EPS": "-1.31", "Basic Average Shares": "10,325", "Diluted Average Shares": "10,325", "Total Operating Income as Reported": "-13,826", "Total Expenses": "13,826", "Net Income from Continuing & Discontinued Operation": "-14,859", "Normalized Income": "-14,859", "Interest Income": "290", "Interest Expense": "0", "Net Interest Income": "290", "EBIT": "-14,859", "EBITDA": "-", "Reconciled Depreciation": "271", "Net Income from Continuing Operation Net Minority Interest": "-14,859", "Normalized EBITDA": "-14,588", "Tax Rate for Calcs": "0", "Tax Effect of Unusual Items": "0"}}, "bs": {"12/31/2020": {"Duration": "12/31/2020", "Total Assets": "353,334", "Total Liabilities Net Minority Interest": "10,967", "Total Equity Gross Minority Interest": "342,367", "Total Capitalization": "342,367", "Preferred Stock Equity": "-", "Common Stock Equity": "342,367", "Net Tangible Assets": "342,367", "Working Capital": "338,120", "Invested Capital": "342,367", "Tangible Book Value": "342,367", "Share Issued": "45,447", "Ordinary Shares Number": "45,077", "Treasury Shares Number": "370.329"}, "12/31/2019": {"Duration": "12/31/2019", "Total Assets": "16,436", "Total Liabilities Net Minority Interest": "2,400", "Total Equity Gross Minority Interest": "14,036", "Total Capitalization": "14,036", "Preferred Stock Equity": "27,429", "Common Stock Equity": "-13,393", "Net Tangible Assets": "14,036", "Working Capital": "12,401", "Invested Capital": "-13,393", "Tangible Book Value": "-13,393", "Share Issued": "41,634", "Ordinary Shares Number": "41,634", "Treasury Shares Number": "-"}}, "cf": {"TTM": {"Duration": "TTM", "Operating Cash Flow": "-46,508", "Investing Cash Flow": "-45,661", "Financing Cash Flow": "380,690", "End Cash Position": "303,153", "Interest Paid Supplemental Data": "328", "Capital Expenditure": "-1,161", "Issuance of Capital Stock": "381,174", "Issuance of Debt": "9,936", "Repayment of Debt": "-10,000", "Free Cash Flow": "-47,669"}, "12/31/2020": {"Duration": "12/31/2020", "Operating Cash Flow": "-46,508", "Investing Cash Flow": "-45,661", "Financing Cash Flow": "380,690", "End Cash Position": "303,153", "Interest Paid Supplemental Data": "328", "Capital Expenditure": "-1,161", "Issuance of Capital Stock": "381,174", "Issuance of Debt": "9,936", "Repayment of Debt": "-10,000", "Free Cash Flow": "-47,669"}, "12/31/2019": {"Duration": "12/31/2019", "Operating Cash Flow": "-11,834", "Investing Cash Flow": "-1,647", "Financing Cash Flow": "19,989", "End Cash Position": "14,632", "Interest Paid Supplemental Data": "0", "Capital Expenditure": "-1,647", "Issuance of Capital Stock": "19,989", "Issuance of Debt": "0", "Repayment of Debt": "-", "Free Cash Flow": "-13,481"}}}}, {"NEE": {"quote": {"05/12/2021": {"value": "71.54", "Market Cap": "140.322B", "Beta (5Y Monthly)": "0.17", "PE Ratio (TTM)": "33.91", "EPS (TTM)": "2.11", "Earnings Date": "Jul 22, 2021 - Jul 26, 2021", "Forward Dividend & Yield": "1.54 (2.08%)", "Ex-Dividend Date": "Feb 25, 2021", "1y Target Est": "89.95"}}, "fin": {"TTM": {"Duration": "TTM", "Total Revenue": "17,110,000", "Cost of Revenue": "7,534,000", "Gross Profit": "9,576,000", "Operating Expense": "5,866,000", "Operating Income": "3,710,000", "Net Non Operating Interest Income Expense": "-174,000", "Other Income Expense": "552,000", "Pretax Income": "4,088,000", "Tax Provision": "529,000", "Net Income Common Stockholders": "4,164,000", "Average Dilution Earnings": "-", "Diluted NI Available to Com Stockholders": "4,164,000", "Basic EPS": "-", "Diluted EPS": "-", "Basic Average Shares": "-", "Diluted Average Shares": "-", "Total Operating Income as Reported": "3,804,000", "Total Expenses": "13,400,000", "Interest Income": "465,000", "Interest Expense": "-", "Net Interest Income": "-174,000", "Net Income from Continuing & Discontinued Operation": "4,164,000", "Normalized Income": "3,469,264", "EBIT": "3,634,000", "EBITDA": "7,850,000", "Reconciled Cost of Revenue": "7,271,000", "Reconciled Depreciation": "4,216,000", "Net Income from Continuing Operation Net Minority Interest": "4,164,000", "Total Unusual Items Excluding Goodwill": "798,000", "Total Unusual Items": "798,000", "Normalized EBITDA": "7,052,000", "Tax Rate for Calcs": "0", "Tax Effect of Unusual Items": "103,264"}, "12/31/2020": {"Duration": "12/31/2020", "Total Revenue": "17,997,000", "Cost of Revenue": "7,290,000", "Gross Profit": "10,707,000", "Operating Expense": "5,944,000", "Operating Income": "4,763,000", "Net Non Operating Interest Income Expense": "-1,912,000", "Other Income Expense": "-438,000", "Pretax Income": "2,413,000", "Tax Provision": "44,000", "Net Income Common Stockholders": "2,919,000", "Average Dilution Earnings": "-", "Diluted NI Available to Com Stockholders": "2,919,000", "Basic EPS": "1.49", "Diluted EPS": "1.48", "Basic Average Shares": "1,960,000", "Diluted Average Shares": "1,969,000", "Total Operating Income as Reported": "5,116,000", "Total Expenses": "13,234,000", "Interest Income": "38,000", "Interest Expense": "1,950,000", "Net Interest Income": "-1,912,000", "Net Income from Continuing & Discontinued Operation": "2,919,000", "Normalized Income": "2,271,862", "EBIT": "4,363,000", "EBITDA": "-", "Reconciled Cost of Revenue": "7,027,000", "Reconciled Depreciation": "4,315,000", "Net Income from Continuing Operation Net Minority Interest": "2,919,000", "Total Unusual Items Excluding Goodwill": "659,000", "Total Unusual Items": "659,000", "Normalized EBITDA": "8,019,000", "Tax Rate for Calcs": "0", "Tax Effect of Unusual Items": "11,862"}, "12/31/2019": {"Duration": "12/31/2019", "Total Revenue": "19,204,000", "Cost of Revenue": "8,003,000", "Gross Profit": "11,201,000", "Operating Expense": "6,147,000", "Operating Income": "5,054,000", "Net Non Operating Interest Income Expense": "-2,195,000", "Other Income Expense": "977,000", "Pretax Income": "3,836,000", "Tax Provision": "448,000", "Net Income Common Stockholders": "3,769,000", "Average Dilution Earnings": "0", "Diluted NI Available to Com Stockholders": "3,769,000", "Basic EPS": "1.93", "Diluted EPS": "1.93", "Basic Average Shares": "1,956,000", "Diluted Average Shares": "1,956,000", "Total Operating Income as Reported": "5,353,000", "Total Expenses": "14,150,000", "Interest Income": "54,000", "Interest Expense": "2,249,000", "Net Interest Income": "-2,195,000", "Net Income from Continuing & Discontinued Operation": "3,769,000", "Normalized Income": "3,187,103", "EBIT": "6,085,000", "EBITDA": "-", "Reconciled Cost of Revenue": "7,741,000", "Reconciled Depreciation": "4,478,000", "Net Income from Continuing Operation Net Minority Interest": "3,769,000", "Total Unusual Items Excluding Goodwill": "659,000", "Total Unusual Items": "659,000", "Normalized EBITDA": "9,904,000", "Tax Rate for Calcs": "0", "Tax Effect of Unusual Items": "77,103"}, "12/31/2018": {"Duration": "12/31/2018", "Total Revenue": "16,727,000", "Cost of Revenue": "7,062,000", "Gross Profit": "9,665,000", "Operating Expense": "5,422,000", "Operating Income": "4,243,000", "Net Non Operating Interest Income Expense": "-1,447,000", "Other Income Expense": "4,556,000", "Pretax Income": "7,352,000", "Tax Provision": "1,576,000", "Net Income Common Stockholders": "6,638,000", "Average Dilution Earnings": "-19,000", "Diluted NI Available to Com Stockholders": "6,619,000", "Basic EPS": "3.47", "Diluted EPS": "3.47", "Basic Average Shares": "1,912,000", "Diluted Average Shares": "1,912,000", "Total Operating Income as Reported": "4,280,000", "Total Expenses": "12,484,000", "Interest Income": "51,000", "Interest Expense": "1,498,000", "Net Interest Income": "-1,447,000", "Net Income from Continuing & Discontinued Operation": "6,638,000", "Normalized Income": "3,508,148", "EBIT": "8,850,000", "EBITDA": "-", "Reconciled Cost of Revenue": "6,826,000", "Reconciled Depreciation": "4,147,000", "Net Income from Continuing Operation Net Minority Interest": "6,638,000", "Total Unusual Items Excluding Goodwill": "3,982,000", "Total Unusual Items": "3,982,000", "Normalized EBITDA": "9,015,000", "Tax Rate for Calcs": "0", "Tax Effect of Unusual Items": "852,148"}}, "bs": {"12/31/2020": {"Duration": "12/31/2020", "Total Assets": "127,684,000", "Total Liabilities Net Minority Interest": "82,755,000", "Total Equity Gross Minority Interest": "44,929,000", "Total Capitalization": "78,457,000", "Common Stock Equity": "36,513,000", "Net Tangible Assets": "32,259,000", "Working Capital": "-8,176,000", "Invested Capital": "84,604,000", "Tangible Book Value": "32,259,000", "Total Debt": "48,091,000", "Net Debt": "46,986,000", "Share Issued": "1,960,000", "Ordinary Shares Number": "1,960,000"}, "12/31/2019": {"Duration": "12/31/2019", "Total Assets": "117,691,000", "Total Liabilities Net Minority Interest": "76,331,000", "Total Equity Gross Minority Interest": "41,360,000", "Total Capitalization": "74,548,000", "Common Stock Equity": "37,005,000", "Net Tangible Assets": "32,249,000", "Working Capital": "-6,445,000", "Invested Capital": "79,588,000", "Tangible Book Value": "32,249,000", "Total Debt": "42,583,000", "Net Debt": "41,983,000", "Share Issued": "1,956,000", "Ordinary Shares Number": "1,956,000"}, "12/31/2018": {"Duration": "12/31/2018", "Total Assets": "103,702,000", "Total Liabilities Net Minority Interest": "66,289,000", "Total Equity Gross Minority Interest": "37,413,000", "Total Capitalization": "60,926,000", "Common Stock Equity": "34,144,000", "Net Tangible Assets": "32,545,000", "Working Capital": "-11,170,000", "Invested Capital": "71,856,000", "Tangible Book Value": "32,545,000", "Total Debt": "37,712,000", "Net Debt": "37,074,000", "Share Issued": "1,912,000", "Ordinary Shares Number": "1,912,000"}}, "cf": {"TTM": {"Duration": "TTM", "Operating Cash Flow": "7,381,000", "Investing Cash Flow": "-14,984,000", "Financing Cash Flow": "5,956,000", "End Cash Position": "2,187,000", "Income Tax Paid Supplemental Data": "-", "Interest Paid Supplemental Data": "-", "Capital Expenditure": "-7,544,000", "Issuance of Capital Stock": "-", "Issuance of Debt": "13,658,000", "Repayment of Debt": "-8,550,000", "Repurchase of Capital Stock": "-", "Free Cash Flow": "-163,000"}, "12/31/2020": {"Duration": "12/31/2020", "Operating Cash Flow": "7,983,000", "Investing Cash Flow": "-13,699,000", "Financing Cash Flow": "6,174,000", "End Cash Position": "1,546,000", "Income Tax Paid Supplemental Data": "235,000", "Interest Paid Supplemental Data": "1,432,000", "Capital Expenditure": "-7,759,000", "Issuance of Capital Stock": "-", "Issuance of Debt": "14,562,000", "Repayment of Debt": "-9,170,000", "Repurchase of Capital Stock": "-92,000", "Free Cash Flow": "224,000"}, "12/31/2019": {"Duration": "12/31/2019", "Operating Cash Flow": "8,155,000", "Investing Cash Flow": "-16,177,000", "Financing Cash Flow": "3,873,000", "End Cash Position": "1,108,000", "Income Tax Paid Supplemental Data": "184,000", "Interest Paid Supplemental Data": "1,799,000", "Capital Expenditure": "-11,077,000", "Issuance of Capital Stock": "1,494,000", "Issuance of Debt": "14,119,000", "Repayment of Debt": "-10,491,000", "Repurchase of Capital Stock": "-", "Free Cash Flow": "-2,922,000"}, "12/31/2018": {"Duration": "12/31/2018", "Operating Cash Flow": "6,593,000", "Investing Cash Flow": "-10,950,000", "Financing Cash Flow": "7,634,000", "End Cash Position": "5,253,000", "Income Tax Paid Supplemental Data": "-200,000", "Interest Paid Supplemental Data": "-1,209,000", "Capital Expenditure": "-6,010,000", "Issuance of Capital Stock": "718,000", "Issuance of Debt": "11,126,000", "Repayment of Debt": "-3,557,000", "Repurchase of Capital Stock": "-", "Free Cash Flow": "583,000"}}}}, {"WEC": {"quote": {"05/12/2021": {"value": "95.02", "Market Cap": "29.973B", "Beta (5Y Monthly)": "0.17", "PE Ratio (TTM)": "23.94", "EPS (TTM)": "3.97", "Earnings Date": "Aug 02, 2021 - Aug 06, 2021", "Forward Dividend & Yield": "2.71 (2.81%)", "Ex-Dividend Date": "May 13, 2021", "1y Target Est": "96.46"}}, "fin": {"TTM": {"Duration": "TTM", "Total Revenue": "7,824,500", "Cost of Revenue": "4,906,800", "Gross Profit": "2,917,700", "Operating Expense": "1,208,900", "Operating Income": "1,708,800", "Net Non Operating Interest Income Expense": "-483,800", "Other Income Expense": "246,900", "Pretax Income": "1,471,900", "Tax Provision": "212,800", "Net Income Common Stockholders": "1,257,500", "Diluted NI Available to Com Stockholders": "1,257,500", "Basic EPS": "-", "Diluted EPS": "-", "Basic Average Shares": "-", "Diluted Average Shares": "-", "Total Operating Income as Reported": "1,708,800", "Total Expenses": "6,115,700", "Interest Expense": "483,800", "Net Interest Income": "-483,800", "Net Income from Continuing & Discontinued Operation": "1,258,700", "Normalized Income": "1,255,022", "EBIT": "1,955,700", "EBITDA": "2,953,900", "Reconciled Cost of Revenue": "4,906,800", "Reconciled Depreciation": "998,200", "Net Income from Continuing Operation Net Minority Interest": "1,258,700", "Total Unusual Items Excluding Goodwill": "4,300", "Total Unusual Items": "4,300", "Normalized EBITDA": "2,949,600", "Tax Rate for Calcs": "0", "Tax Effect of Unusual Items": "621.6727"}, "12/31/2020": {"Duration": "12/31/2020", "Total Revenue": "7,241,700", "Cost of Revenue": "4,351,700", "Gross Profit": "2,890,000", "Operating Expense": "1,183,900", "Operating Income": "1,706,100", "Net Non Operating Interest Income Expense": "-493,700", "Other Income Expense": "216,900", "Pretax Income": "1,429,300", "Tax Provision": "227,900", "Net Income Common Stockholders": "1,199,900", "Diluted NI Available to Com Stockholders": "1,199,900", "Basic EPS": "-", "Diluted EPS": "-", "Basic Average Shares": "-", "Diluted Average Shares": "-", "Total Operating Income as Reported": "1,706,100", "Total Expenses": "5,535,600", "Interest Expense": "493,700", "Net Interest Income": "-493,700", "Net Income from Continuing & Discontinued Operation": "1,201,100", "Normalized Income": "1,205,137", "EBIT": "1,923,000", "EBITDA": "-", "Reconciled Cost of Revenue": "4,351,700", "Reconciled Depreciation": "975,900", "Net Income from Continuing Operation Net Minority Interest": "1,201,100", "Total Unusual Items Excluding Goodwill": "-4,800", "Total Unusual Items": "-4,800", "Normalized EBITDA": "2,903,700", "Tax Rate for Calcs": "0", "Tax Effect of Unusual Items": "-763.2"}, "12/31/2019": {"Duration": "12/31/2019", "Total Revenue": "7,523,100", "Cost of Revenue": "4,863,600", "Gross Profit": "2,659,500", "Operating Expense": "1,128,100", "Operating Income": "1,531,400", "Net Non Operating Interest Income Expense": "-501,500", "Other Income Expense": "229,800", "Pretax Income": "1,259,700", "Tax Provision": "125,000", "Net Income Common Stockholders": "1,134,000", "Diluted NI Available to Com Stockholders": "1,134,000", "Basic EPS": "3.60", "Diluted EPS": "3.58", "Basic Average Shares": "315,400", "Diluted Average Shares": "316,700", "Total Operating Income as Reported": "1,531,400", "Total Expenses": "5,991,700", "Interest Expense": "501,500", "Net Interest Income": "-501,500", "Net Income from Continuing & Discontinued Operation": "1,135,200", "Normalized Income": "1,103,124", "EBIT": "1,761,200", "EBITDA": "-", "Reconciled Cost of Revenue": "4,863,600", "Reconciled Depreciation": "926,300", "Net Income from Continuing Operation Net Minority Interest": "1,135,200", "Total Unusual Items Excluding Goodwill": "35,600", "Total Unusual Items": "35,600", "Normalized EBITDA": "2,651,900", "Tax Rate for Calcs": "0", "Tax Effect of Unusual Items": "3,524"}, "12/31/2018": {"Duration": "12/31/2018", "Total Revenue": "7,679,500", "Cost of Revenue": "5,168,400", "Gross Profit": "2,511,100", "Operating Expense": "1,042,700", "Operating Income": "1,468,400", "Net Non Operating Interest Income Expense": "-445,100", "Other Income Expense": "207,000", "Pretax Income": "1,230,300", "Tax Provision": "169,800", "Net Income Common Stockholders": "1,059,300", "Diluted NI Available to Com Stockholders": "1,059,300", "Basic EPS": "3.36", "Diluted EPS": "3.34", "Basic Average Shares": "315,500", "Diluted Average Shares": "316,900", "Total Operating Income as Reported": "1,468,400", "Total Expenses": "6,211,100", "Interest Expense": "445,100", "Net Interest Income": "-445,100", "Net Income from Continuing & Discontinued Operation": "1,060,500", "Normalized Income": "1,047,398", "EBIT": "1,675,400", "EBITDA": "-", "Reconciled Cost of Revenue": "5,168,400", "Reconciled Depreciation": "845,800", "Net Income from Continuing Operation Net Minority Interest": "1,060,500", "Total Unusual Items Excluding Goodwill": "15,200", "Total Unusual Items": "15,200", "Normalized EBITDA": "2,506,000", "Tax Rate for Calcs": "0", "Tax Effect of Unusual Items": "2,098"}}, "bs": {"12/31/2020": {"Duration": "12/31/2020", "Total Assets": "37,028,100", "Total Liabilities Net Minority Interest": "26,365,600", "Total Equity Gross Minority Interest": "10,662,500", "Total Capitalization": "22,172,900", "Preferred Stock Equity": "30,400", "Common Stock Equity": "10,469,700", "Capital Lease Obligations": "63,400", "Net Tangible Assets": "7,447,300", "Working Capital": "-2,065,100", "Invested Capital": "24,697,100", "Tangible Book Value": "7,416,900", "Total Debt": "14,290,800", "Net Debt": "14,202,600", "Share Issued": "315,435", "Ordinary Shares Number": "315,435"}, "12/31/2019": {"Duration": "12/31/2019", "Total Assets": "34,951,800", "Total Liabilities Net Minority Interest": "24,697,200", "Total Equity Gross Minority Interest": "10,254,600", "Total Capitalization": "21,315,200", "Preferred Stock Equity": "30,400", "Common Stock Equity": "10,113,400", "Capital Lease Obligations": "45,900", "Net Tangible Assets": "7,091,000", "Working Capital": "-1,089,100", "Invested Capital": "22,802,500", "Tangible Book Value": "7,060,600", "Total Debt": "12,735,000", "Net Debt": "12,651,600", "Share Issued": "315,435", "Ordinary Shares Number": "315,435"}, "12/31/2018": {"Duration": "12/31/2018", "Total Assets": "33,475,800", "Total Liabilities Net Minority Interest": "23,633,100", "Total Equity Gross Minority Interest": "9,842,700", "Total Capitalization": "19,813,300", "Preferred Stock Equity": "30,400", "Common Stock Equity": "9,788,900", "Capital Lease Obligations": "-", "Net Tangible Assets": "6,766,500", "Working Capital": "-1,084,100", "Invested Capital": "21,588,000", "Tangible Book Value": "6,736,100", "Total Debt": "11,799,100", "Net Debt": "11,714,600", "Share Issued": "315,523", "Ordinary Shares Number": "315,523"}}, "cf": {"TTM": {"Duration": "TTM", "Operating Cash Flow": "1,900,700", "Investing Cash Flow": "-2,885,100", "Financing Cash Flow": "1,008,300", "End Cash Position": "89,600", "Capital Expenditure": "-2,213,300", "Issuance of Debt": "3,723,200", "Repayment of Debt": "-1,764,100", "Repurchase of Capital Stock": "-65,400", "Free Cash Flow": "-312,600"}, "12/31/2020": {"Duration": "12/31/2020", "Operating Cash Flow": "2,196,000", "Investing Cash Flow": "-2,806,800", "Financing Cash Flow": "601,100", "End Cash Position": "72,600", "Capital Expenditure": "-2,238,800", "Issuance of Debt": "3,319,700", "Repayment of Debt": "-1,767,000", "Repurchase of Capital Stock": "-99,200", "Free Cash Flow": "-42,800"}, "12/31/2019": {"Duration": "12/31/2019", "Operating Cash Flow": "2,345,500", "Investing Cash Flow": "-2,494,900", "Financing Cash Flow": "85,600", "End Cash Position": "82,300", "Capital Expenditure": "-2,260,800", "Issuance of Debt": "1,895,000", "Repayment of Debt": "-360,100", "Repurchase of Capital Stock": "-140,100", "Free Cash Flow": "84,700"}, "12/31/2018": {"Duration": "12/31/2018", "Operating Cash Flow": "2,445,500", "Investing Cash Flow": "-2,384,400", "Financing Cash Flow": "26,400", "End Cash Position": "146,100", "Capital Expenditure": "-2,115,700", "Issuance of Debt": "1,740,000", "Repayment of Debt": "-953,300", "Repurchase of Capital Stock": "-72,400", "Free Cash Flow": "329,800"}}}}, {"XEL": {"quote": {"05/12/2021": {"value": "70.17", "Market Cap": "37.766B", "Beta (5Y Monthly)": "0.30", "PE Ratio (TTM)": "24.20", "EPS (TTM)": "2.90", "Earnings Date": "Jul 28, 2021 - Aug 02, 2021", "Forward Dividend & Yield": "1.83 (2.58%)", "Ex-Dividend Date": "Mar 12, 2021", "1y Target Est": "70.77"}}, "fin": {"TTM": {"Duration": "TTM", "Total Revenue": "12,256,000", "Cost of Revenue": "7,169,000", "Gross Profit": "5,087,000", "Operating Expense": "2,919,000", "Operating Income": "2,168,000", "Net Non Operating Interest Income Expense": "-809,000", "Other Income Expense": "159,000", "Pretax Income": "1,518,000", "Tax Provision": "-22,000", "Net Income Common Stockholders": "1,540,000", "Average Dilution Earnings": "-", "Diluted NI Available to Com Stockholders": "1,540,000", "Basic EPS": "-", "Diluted EPS": "-", "Basic Average Shares": "-", "Diluted Average Shares": "-", "Total Operating Income as Reported": "2,168,000", "Total Expenses": "10,088,000", "Interest Income": "-", "Interest Expense": "809,000", "Net Interest Income": "-809,000", "Net Income from Continuing & Discontinued Operation": "1,540,000", "Normalized Income": "1,476,400", "EBIT": "2,327,000", "EBITDA": "4,457,000", "Reconciled Cost of Revenue": "7,045,000", "Reconciled Depreciation": "2,130,000", "Net Income from Continuing Operation Net Minority Interest": "1,540,000", "Total Unusual Items Excluding Goodwill": "106,000", "Total Unusual Items": "106,000", "Normalized EBITDA": "4,351,000", "Tax Rate for Calcs": "0", "Tax Effect of Unusual Items": "42,400"}, "12/31/2020": {"Duration": "12/31/2020", "Total Revenue": "11,526,000", "Cost of Revenue": "6,562,000", "Gross Profit": "4,964,000", "Operating Expense": "2,848,000", "Operating Income": "2,116,000", "Net Non Operating Interest Income Expense": "-798,000", "Other Income Expense": "149,000", "Pretax Income": "1,467,000", "Tax Provision": "-6,000", "Net Income Common Stockholders": "1,473,000", "Average Dilution Earnings": "-", "Diluted NI Available to Com Stockholders": "1,473,000", "Basic EPS": "2.79", "Diluted EPS": "2.79", "Basic Average Shares": "527,000", "Diluted Average Shares": "528,000", "Total Operating Income as Reported": "2,116,000", "Total Expenses": "9,410,000", "Interest Income": "-", "Interest Expense": "798,000", "Net Interest Income": "-798,000", "Net Income from Continuing & Discontinued Operation": "1,473,000", "Normalized Income": "1,389,050", "EBIT": "2,265,000", "EBITDA": "-", "Reconciled Cost of Revenue": "6,428,000", "Reconciled Depreciation": "2,082,000", "Net Income from Continuing Operation Net Minority Interest": "1,473,000", "Total Unusual Items Excluding Goodwill": "115,000", "Total Unusual Items": "115,000", "Normalized EBITDA": "4,232,000", "Tax Rate for Calcs": "0", "Tax Effect of Unusual Items": "31,050"}, "12/31/2019": {"Duration": "12/31/2019", "Total Revenue": "11,529,000", "Cost of Revenue": "6,806,000", "Gross Profit": "4,723,000", "Operating Expense": "2,619,000", "Operating Income": "2,104,000", "Net Non Operating Interest Income Expense": "-736,000", "Other Income Expense": "132,000", "Pretax Income": "1,500,000", "Tax Provision": "128,000", "Net Income Common Stockholders": "1,372,000", "Average Dilution Earnings": "-", "Diluted NI Available to Com Stockholders": "1,372,000", "Basic EPS": "2.64", "Diluted EPS": "2.64", "Basic Average Shares": "519,000", "Diluted Average Shares": "520,000", "Total Operating Income as Reported": "2,104,000", "Total Expenses": "9,425,000", "Interest Income": "-", "Interest Expense": "710,000", "Net Interest Income": "-736,000", "Net Income from Continuing & Discontinued Operation": "1,372,000", "Normalized Income": "1,301,545", "EBIT": "2,210,000", "EBITDA": "-", "Reconciled Cost of Revenue": "6,667,000", "Reconciled Depreciation": "1,904,000", "Net Income from Continuing Operation Net Minority Interest": "1,372,000", "Total Unusual Items Excluding Goodwill": "77,000", "Total Unusual Items": "77,000", "Normalized EBITDA": "4,037,000", "Tax Rate for Calcs": "0", "Tax Effect of Unusual Items": "6,545"}, "12/31/2018": {"Duration": "12/31/2018", "Total Revenue": "11,537,000", "Cost of Revenue": "7,084,000", "Gross Profit": "4,453,000", "Operating Expense": "2,488,000", "Operating Income": "1,965,000", "Net Non Operating Interest Income Expense": "-652,000", "Other Income Expense": "129,000", "Pretax Income": "1,442,000", "Tax Provision": "181,000", "Net Income Common Stockholders": "1,261,000", "Average Dilution Earnings": "-", "Diluted NI Available to Com Stockholders": "1,261,000", "Basic EPS": "2.47", "Diluted EPS": "2.47", "Basic Average Shares": "511,000", "Diluted Average Shares": "511,000", "Total Operating Income as Reported": "1,965,000", "Total Expenses": "9,572,000", "Interest Income": "-", "Interest Expense": "627,000", "Net Interest Income": "-652,000", "Net Income from Continuing & Discontinued Operation": "1,261,000", "Normalized Income": "1,166,608", "EBIT": "2,069,000", "EBITDA": "-", "Reconciled Cost of Revenue": "6,945,000", "Reconciled Depreciation": "1,781,000", "Net Income from Continuing Operation Net Minority Interest": "1,261,000", "Total Unusual Items Excluding Goodwill": "108,000", "Total Unusual Items": "108,000", "Normalized EBITDA": "3,742,000", "Tax Rate for Calcs": "0", "Tax Effect of Unusual Items": "13,608"}}, "bs": {"12/31/2020": {"Duration": "12/31/2020", "Total Assets": "53,957,000", "Total Liabilities Net Minority Interest": "39,382,000", "Total Equity Gross Minority Interest": "14,575,000", "Total Capitalization": "34,220,000", "Common Stock Equity": "14,575,000", "Capital Lease Obligations": "1,558,000", "Net Tangible Assets": "14,575,000", "Working Capital": "-964,000", "Invested Capital": "35,225,000", "Tangible Book Value": "14,575,000", "Total Debt": "22,208,000", "Net Debt": "20,521,000", "Share Issued": "537,438", "Ordinary Shares Number": "537,438"}, "12/31/2019": {"Duration": "12/31/2019", "Total Assets": "50,448,000", "Total Liabilities Net Minority Interest": "37,209,000", "Total Equity Gross Minority Interest": "13,239,000", "Total Capitalization": "30,646,000", "Common Stock Equity": "13,239,000", "Capital Lease Obligations": "1,549,000", "Net Tangible Assets": "13,239,000", "Working Capital": "-1,455,000", "Invested Capital": "31,943,000", "Tangible Book Value": "13,239,000", "Total Debt": "20,253,000", "Net Debt": "18,456,000", "Share Issued": "524,539", "Ordinary Shares Number": "524,539"}, "12/31/2018": {"Duration": "12/31/2018", "Total Assets": "45,987,000", "Total Liabilities Net Minority Interest": "33,765,000", "Total Equity Gross Minority Interest": "12,222,000", "Total Capitalization": "28,025,000", "Common Stock Equity": "12,222,000", "Capital Lease Obligations": "-", "Net Tangible Assets": "12,222,000", "Working Capital": "-1,366,000", "Invested Capital": "29,469,000", "Tangible Book Value": "12,222,000", "Total Debt": "17,247,000", "Net Debt": "17,100,000", "Share Issued": "514,037", "Ordinary Shares Number": "514,037"}}, "cf": {"TTM": {"Duration": "TTM", "Operating Cash Flow": "2,043,000", "Investing Cash Flow": "-4,169,000", "Financing Cash Flow": "2,921,000", "End Cash Position": "1,039,000", "Income Tax Paid Supplemental Data": "-", "Interest Paid Supplemental Data": "757,000", "Capital Expenditure": "-4,786,000", "Issuance of Capital Stock": "-", "Issuance of Debt": "4,484,000", "Repayment of Debt": "-1,401,000", "Repurchase of Capital Stock": "-", "Free Cash Flow": "-2,743,000"}, "12/31/2020": {"Duration": "12/31/2020", "Operating Cash Flow": "2,848,000", "Investing Cash Flow": "-4,740,000", "Financing Cash Flow": "1,773,000", "End Cash Position": "129,000", "Income Tax Paid Supplemental Data": "-12,000", "Interest Paid Supplemental Data": "758,000", "Capital Expenditure": "-5,369,000", "Issuance of Capital Stock": "727,000", "Issuance of Debt": "2,940,000", "Repayment of Debt": "-1,001,000", "Repurchase of Capital Stock": "-", "Free Cash Flow": "-2,521,000"}, "12/31/2019": {"Duration": "12/31/2019", "Operating Cash Flow": "3,263,000", "Investing Cash Flow": "-4,343,000", "Financing Cash Flow": "1,181,000", "End Cash Position": "248,000", "Income Tax Paid Supplemental Data": "-", "Interest Paid Supplemental Data": "698,000", "Capital Expenditure": "-4,225,000", "Issuance of Capital Stock": "458,000", "Issuance of Debt": "2,920,000", "Repayment of Debt": "-949,000", "Repurchase of Capital Stock": "-", "Free Cash Flow": "-962,000"}, "12/31/2018": {"Duration": "12/31/2018", "Operating Cash Flow": "3,122,000", "Investing Cash Flow": "-3,986,000", "Financing Cash Flow": "928,000", "End Cash Position": "147,000", "Income Tax Paid Supplemental Data": "-", "Interest Paid Supplemental Data": "633,000", "Capital Expenditure": "-3,957,000", "Issuance of Capital Stock": "230,000", "Issuance of Debt": "1,675,000", "Repayment of Debt": "-452,000", "Repurchase of Capital Stock": "-1,000", "Free Cash Flow": "-835,000"}}}}, {"EIX": {"quote": {"05/12/2021": {"value": "56.81", "Market Cap": "21.556B", "Beta (5Y Monthly)": "0.60", "PE Ratio (TTM)": "26.29", "EPS (TTM)": "2.16", "Earnings Date": "Jul 26, 2021 - Jul 30, 2021", "Forward Dividend & Yield": "2.65 (4.52%)", "Ex-Dividend Date": "Mar 30, 2021", "1y Target Est": "71.22"}}, "fin": {"TTM": {"Duration": "TTM", "Total Revenue": "13,748,000", "Cost of Revenue": "8,589,000", "Gross Profit": "5,159,000", "Operating Expense": "3,961,000", "Operating Income": "1,198,000", "Net Non Operating Interest Income Expense": "-883,000", "Other Income Expense": "376,000", "Pretax Income": "691,000", "Tax Provision": "-257,000", "Net Income Common Stockholders": "815,000", "Diluted NI Available to Com Stockholders": "815,000", "Basic EPS": "-", "Diluted EPS": "-", "Basic Average Shares": "-", "Diluted Average Shares": "-", "Total Operating Income as Reported": "1,314,000", "Total Expenses": "12,550,000", "Interest Income": "-", "Interest Expense": "894,000", "Net Interest Income": "-883,000", "Net Income from Continuing & Discontinued Operation": "948,000", "Normalized Income": "757,800", "EBIT": "1,585,000", "EBITDA": "3,655,000", "Reconciled Cost of Revenue": "8,527,000", "Reconciled Depreciation": "2,070,000", "Net Income from Continuing Operation Net Minority Interest": "948,000", "Total Unusual Items Excluding Goodwill": "317,000", "Total Unusual Items": "317,000", "Normalized EBITDA": "3,338,000", "Tax Rate for Calcs": "0", "Tax Effect of Unusual Items": "126,800"}, "12/31/2020": {"Duration": "12/31/2020", "Total Revenue": "13,578,000", "Cost of Revenue": "8,541,000", "Gross Profit": "5,037,000", "Operating Expense": "3,936,000", "Operating Income": "1,101,000", "Net Non Operating Interest Income Expense": "-882,000", "Other Income Expense": "347,000", "Pretax Income": "566,000", "Tax Provision": "-305,000", "Net Income Common Stockholders": "739,000", "Diluted NI Available to Com Stockholders": "739,000", "Basic EPS": "1.98", "Diluted EPS": "1.98", "Basic Average Shares": "373,000", "Diluted Average Shares": "374,000", "Total Operating Income as Reported": "1,217,000", "Total Expenses": "12,477,000", "Interest Income": "20,000", "Interest Expense": "902,000", "Net Interest Income": "-882,000", "Net Income from Continuing & Discontinued Operation": "871,000", "Normalized Income": "649,810", "EBIT": "1,468,000", "EBITDA": "-", "Reconciled Cost of Revenue": "8,479,000", "Reconciled Depreciation": "2,029,000", "Net Income from Continuing Operation Net Minority Interest": "871,000", "Total Unusual Items Excluding Goodwill": "303,000", "Total Unusual Items": "303,000", "Normalized EBITDA": "3,194,000", "Tax Rate for Calcs": "0", "Tax Effect of Unusual Items": "81,810"}, "12/31/2019": {"Duration": "12/31/2019", "Total Revenue": "12,347,000", "Cost of Revenue": "7,857,000", "Gross Profit": "4,490,000", "Operating Expense": "2,531,000", "Operating Income": "1,959,000", "Net Non Operating Interest Income Expense": "-804,000", "Other Income Expense": "-28,000", "Pretax Income": "1,127,000", "Tax Provision": "-278,000", "Net Income Common Stockholders": "1,284,000", "Diluted NI Available to Com Stockholders": "1,284,000", "Basic EPS": "3.78", "Diluted EPS": "3.77", "Basic Average Shares": "340,000", "Diluted Average Shares": "341,000", "Total Operating Income as Reported": "1,775,000", "Total Expenses": "10,388,000", "Interest Income": "37,000", "Interest Expense": "841,000", "Net Interest Income": "-804,000", "Net Income from Continuing & Discontinued Operation": "1,405,000", "Normalized Income": "1,437,120", "EBIT": "1,968,000", "EBITDA": "-", "Reconciled Cost of Revenue": "7,784,000", "Reconciled Depreciation": "1,803,000", "Net Income from Continuing Operation Net Minority Interest": "1,405,000", "Total Unusual Items Excluding Goodwill": "-44,000", "Total Unusual Items": "-44,000", "Normalized EBITDA": "3,815,000", "Tax Rate for Calcs": "0", "Tax Effect of Unusual Items": "-11,880"}, "12/31/2018": {"Duration": "12/31/2018", "Total Revenue": "12,657,000", "Cost of Revenue": "8,203,000", "Gross Profit": "4,454,000", "Operating Expense": "4,928,000", "Operating Income": "-474,000", "Net Non Operating Interest Income Expense": "-710,000", "Other Income Expense": "95,000", "Pretax Income": "-1,089,000", "Tax Provision": "-739,000", "Net Income Common Stockholders": "-423,000", "Diluted NI Available to Com Stockholders": "-423,000", "Basic EPS": "-1.30", "Diluted EPS": "-1.30", "Basic Average Shares": "326,000", "Diluted Average Shares": "326,000", "Total Operating Income as Reported": "-552,000", "Total Expenses": "13,131,000", "Interest Income": "24,000", "Interest Expense": "734,000", "Net Interest Income": "-710,000", "Net Income from Continuing & Discontinued Operation": "-302,000", "Normalized Income": "-381,260", "EBIT": "-355,000", "EBITDA": "-", "Reconciled Cost of Revenue": "8,134,000", "Reconciled Depreciation": "1,940,000", "Net Income from Continuing Operation Net Minority Interest": "-336,000", "Total Unusual Items Excluding Goodwill": "62,000", "Total Unusual Items": "62,000", "Normalized EBITDA": "1,523,000", "Tax Rate for Calcs": "0", "Tax Effect of Unusual Items": "16,740"}}, "bs": {"12/31/2020": {"Duration": "12/31/2020", "Total Assets": "69,372,000", "Total Liabilities Net Minority Interest": "53,423,000", "Total Equity Gross Minority Interest": "15,949,000", "Total Capitalization": "33,680,000", "Common Stock Equity": "14,048,000", "Capital Lease Obligations": "1,088,000", "Net Tangible Assets": "14,048,000", "Working Capital": "-5,216,000", "Invested Capital": "37,107,000", "Tangible Book Value": "14,048,000", "Total Debt": "24,147,000", "Net Debt": "22,972,000", "Share Issued": "378,907", "Ordinary Shares Number": "378,907"}, "12/31/2019": {"Duration": "12/31/2019", "Total Assets": "64,382,000", "Total Liabilities Net Minority Interest": "48,886,000", "Total Equity Gross Minority Interest": "15,496,000", "Total Capitalization": "31,167,000", "Common Stock Equity": "13,303,000", "Capital Lease Obligations": "693,000", "Net Tangible Assets": "13,303,000", "Working Capital": "-1,963,000", "Invested Capital": "32,196,000", "Tangible Book Value": "13,303,000", "Total Debt": "19,586,000", "Net Debt": "18,825,000", "Share Issued": "361,985", "Ordinary Shares Number": "361,985"}, "12/31/2018": {"Duration": "12/31/2018", "Total Assets": "56,715,000", "Total Liabilities Net Minority Interest": "44,063,000", "Total Equity Gross Minority Interest": "12,652,000", "Total Capitalization": "25,091,000", "Common Stock Equity": "10,459,000", "Capital Lease Obligations": "-", "Net Tangible Assets": "10,459,000", "Working Capital": "-2,036,000", "Invested Capital": "25,890,000", "Tangible Book Value": "10,459,000", "Total Debt": "15,431,000", "Net Debt": "15,287,000", "Share Issued": "325,811", "Ordinary Shares Number": "325,811"}}, "cf": {"TTM": {"Duration": "TTM", "Operating Cash Flow": "1,020,000", "Investing Cash Flow": "-4,975,000", "Financing Cash Flow": "3,007,000", "End Cash Position": "390,000", "Income Tax Paid Supplemental Data": "-", "Interest Paid Supplemental Data": "-", "Capital Expenditure": "-5,574,000", "Issuance of Capital Stock": "2,090,000", "Issuance of Debt": "4,601,000", "Repayment of Debt": "-2,328,000", "Repurchase of Capital Stock": "-", "Free Cash Flow": "-4,554,000"}, "12/31/2020": {"Duration": "12/31/2020", "Operating Cash Flow": "1,263,000", "Investing Cash Flow": "-4,971,000", "Financing Cash Flow": "3,727,000", "End Cash Position": "89,000", "Income Tax Paid Supplemental Data": "-", "Interest Paid Supplemental Data": "836,000", "Capital Expenditure": "-5,484,000", "Issuance of Capital Stock": "912,000", "Issuance of Debt": "6,067,000", "Repayment of Debt": "-1,921,000", "Repurchase of Capital Stock": "-308,000", "Free Cash Flow": "-4,221,000"}, "12/31/2019": {"Duration": "12/31/2019", "Operating Cash Flow": "-307,000", "Investing Cash Flow": "-4,678,000", "Financing Cash Flow": "4,903,000", "End Cash Position": "70,000", "Income Tax Paid Supplemental Data": "85,000", "Interest Paid Supplemental Data": "705,000", "Capital Expenditure": "-4,877,000", "Issuance of Capital Stock": "2,391,000", "Issuance of Debt": "5,446,000", "Repayment of Debt": "-1,832,000", "Repurchase of Capital Stock": "0", "Free Cash Flow": "-5,184,000"}, "12/31/2018": {"Duration": "12/31/2018", "Operating Cash Flow": "3,177,000", "Investing Cash Flow": "-4,239,000", "Financing Cash Flow": "82,000", "End Cash Position": "152,000", "Income Tax Paid Supplemental Data": "-", "Interest Paid Supplemental Data": "595,000", "Capital Expenditure": "-4,509,000", "Issuance of Capital Stock": "0", "Issuance of Debt": "3,237,000", "Repayment of Debt": "-654,000", "Repurchase of Capital Stock": "0", "Free Cash Flow": "-1,332,000"}}}}, {"GXP": {"quote": {"05/12/2021": {"value": "", "Net Assets": "N/A", "Beta (5Y Monthly)": "N/A", "Yield": "N/A", "5y Average Return": "N/A", "Holdings Turnover": "N/A", "Last Dividend": "N/A", "Average for Category": "N/A", "Inception Date": "N/A"}}, "fin": {}, "bs": {}, "cf": {}}}, {"HE": {"quote": {"05/12/2021": {"value": "43.84", "Market Cap": "4.791B", "Beta (5Y Monthly)": "0.23", "PE Ratio (TTM)": "20.98", "EPS (TTM)": "2.09", "Earnings Date": "Aug 04, 2021 - Aug 09, 2021", "Forward Dividend & Yield": "1.36 (3.00%)", "Ex-Dividend Date": "May 19, 2021", "1y Target Est": "41.50"}}, "fin": {"TTM": {"Duration": "TTM", "Total Revenue": "2,579,775", "Cost of Revenue": "2,268,282", "Gross Profit": "311,493", "Operating Expense": "-", "Operating Income": "311,493", "Net Non Operating Interest Income Expense": "-85,702", "Other Income Expense": "14,833", "Pretax Income": "240,624", "Tax Provision": "40,910", "Net Income Common Stockholders": "197,824", "Diluted NI Available to Com Stockholders": "197,824", "Basic EPS": "-", "Diluted EPS": "-", "Basic Average Shares": "-", "Diluted Average Shares": "-", "Total Operating Income as Reported": "311,493", "Total Expenses": "2,268,282", "Interest Expense": "85,702", "Net Interest Income": "-85,702", "Net Income from Continuing & Discontinued Operation": "199,714", "Normalized Income": "185,117", "EBIT": "326,326", "EBITDA": "617,104", "Reconciled Cost of Revenue": "2,268,282", "Reconciled Depreciation": "290,778", "Net Income from Continuing Operation Net Minority Interest": "199,714", "Total Unusual Items Excluding Goodwill": "18,043", "Total Unusual Items": "18,043", "Normalized EBITDA": "599,061", "Tax Rate for Calcs": "0", "Tax Effect of Unusual Items": "3,446"}, "12/31/2020": {"Duration": "12/31/2020", "Total Revenue": "2,579,775", "Cost of Revenue": "2,268,282", "Gross Profit": "311,493", "Operating Expense": "-", "Operating Income": "311,493", "Net Non Operating Interest Income Expense": "-85,702", "Other Income Expense": "14,833", "Pretax Income": "240,624", "Tax Provision": "40,910", "Net Income Common Stockholders": "197,824", "Diluted NI Available to Com Stockholders": "197,824", "Basic EPS": "-", "Diluted EPS": "-", "Basic Average Shares": "-", "Diluted Average Shares": "-", "Total Operating Income as Reported": "311,493", "Total Expenses": "2,268,282", "Interest Expense": "85,702", "Net Interest Income": "-85,702", "Net Income from Continuing & Discontinued Operation": "199,714", "Normalized Income": "185,117", "EBIT": "326,326", "EBITDA": "-", "Reconciled Cost of Revenue": "2,268,282", "Reconciled Depreciation": "290,778", "Net Income from Continuing Operation Net Minority Interest": "199,714", "Total Unusual Items Excluding Goodwill": "18,043", "Total Unusual Items": "18,043", "Normalized EBITDA": "599,061", "Tax Rate for Calcs": "0", "Tax Effect of Unusual Items": "3,446"}, "12/31/2019": {"Duration": "12/31/2019", "Total Revenue": "2,874,601", "Cost of Revenue": "2,525,927", "Gross Profit": "348,674", "Operating Expense": "-11,987", "Operating Income": "348,674", "Net Non Operating Interest Income Expense": "-86,446", "Other Income Expense": "9,181", "Pretax Income": "271,409", "Tax Provision": "51,637", "Net Income Common Stockholders": "217,882", "Diluted NI Available to Com Stockholders": "217,882", "Basic EPS": "2.00", "Diluted EPS": "1.99", "Basic Average Shares": "108,949", "Diluted Average Shares": "109,407", "Total Operating Income as Reported": "348,674", "Total Expenses": "2,525,927", "Interest Expense": "86,446", "Net Interest Income": "-86,446", "Net Income from Continuing & Discontinued Operation": "219,772", "Normalized Income": "210,063", "EBIT": "357,855", "EBITDA": "-", "Reconciled Cost of Revenue": "2,525,927", "Reconciled Depreciation": "278,113", "Net Income from Continuing Operation Net Minority Interest": "219,772", "Total Unusual Items Excluding Goodwill": "11,987", "Total Unusual Items": "11,987", "Normalized EBITDA": "623,981", "Tax Rate for Calcs": "0", "Tax Effect of Unusual Items": "2,278"}, "12/31/2018": {"Duration": "12/31/2018", "Total Revenue": "2,860,849", "Cost of Revenue": "2,527,493", "Gross Profit": "333,356", "Operating Expense": "-10,877", "Operating Income": "333,356", "Net Non Operating Interest Income Expense": "-83,810", "Other Income Expense": "4,915", "Pretax Income": "254,461", "Tax Provision": "50,797", "Net Income Common Stockholders": "201,774", "Diluted NI Available to Com Stockholders": "201,774", "Basic EPS": "1.85", "Diluted EPS": "1.85", "Basic Average Shares": "108,855", "Diluted Average Shares": "109,146", "Total Operating Income as Reported": "333,356", "Total Expenses": "2,527,493", "Interest Expense": "83,810", "Net Interest Income": "-83,810", "Net Income from Continuing & Discontinued Operation": "203,664", "Normalized Income": "194,958", "EBIT": "338,271", "EBITDA": "-", "Reconciled Cost of Revenue": "2,527,493", "Reconciled Depreciation": "255,629", "Net Income from Continuing Operation Net Minority Interest": "203,664", "Total Unusual Items Excluding Goodwill": "10,877", "Total Unusual Items": "10,877", "Normalized EBITDA": "583,023", "Tax Rate for Calcs": "0", "Tax Effect of Unusual Items": "2,171"}}, "bs": {"12/31/2020": {"Duration": "12/31/2020", "Total Assets": "15,004,007", "Total Liabilities Net Minority Interest": "12,666,505", "Total Equity Gross Minority Interest": "2,337,502", "Total Capitalization": "4,546,301", "Common Stock Equity": "2,337,502", "Capital Lease Obligations": "160,432", "Net Tangible Assets": "2,255,312", "Working Capital": "7,536,256", "Invested Capital": "4,675,680", "Tangible Book Value": "2,255,312", "Total Debt": "2,498,610", "Net Debt": "1,996,757", "Share Issued": "109,181", "Ordinary Shares Number": "109,181"}, "12/31/2019": {"Duration": "12/31/2019", "Total Assets": "13,745,251", "Total Liabilities Net Minority Interest": "11,464,991", "Total Equity Gross Minority Interest": "2,280,260", "Total Capitalization": "4,359,735", "Common Stock Equity": "2,280,260", "Capital Lease Obligations": "199,571", "Net Tangible Assets": "2,198,070", "Working Capital": "6,410,128", "Invested Capital": "4,545,445", "Tangible Book Value": "2,198,070", "Total Debt": "2,464,756", "Net Debt": "2,068,372", "Share Issued": "108,973", "Ordinary Shares Number": "108,973"}, "12/31/2018": {"Duration": "12/31/2018", "Total Assets": "13,104,051", "Total Liabilities Net Minority Interest": "10,941,771", "Total Equity Gross Minority Interest": "2,162,280", "Total Capitalization": "4,151,961", "Common Stock Equity": "2,162,280", "Capital Lease Obligations": "-", "Net Tangible Assets": "2,080,090", "Working Capital": "6,359,101", "Invested Capital": "4,225,953", "Tangible Book Value": "2,080,090", "Total Debt": "2,063,673", "Net Debt": "1,894,465", "Share Issued": "108,879", "Ordinary Shares Number": "108,879"}}, "cf": {"TTM": {"Duration": "TTM", "Operating Cash Flow": "429,407", "Investing Cash Flow": "-1,413,648", "Financing Cash Flow": "1,115,535", "End Cash Position": "341,421", "Income Tax Paid Supplemental Data": "-", "Interest Paid Supplemental Data": "-", "Capital Expenditure": "-383,895", "Issuance of Capital Stock": "-", "Issuance of Debt": "1,726,052", "Repayment of Debt": "-455,628", "Free Cash Flow": "45,512"}, "12/31/2020": {"Duration": "12/31/2020", "Operating Cash Flow": "429,407", "Investing Cash Flow": "-1,413,648", "Financing Cash Flow": "1,115,535", "End Cash Position": "341,421", "Income Tax Paid Supplemental Data": "-", "Interest Paid Supplemental Data": "-", "Capital Expenditure": "-383,895", "Issuance of Capital Stock": "-", "Issuance of Debt": "1,726,052", "Repayment of Debt": "-455,628", "Free Cash Flow": "45,512"}, "12/31/2019": {"Duration": "12/31/2019", "Operating Cash Flow": "512,470", "Investing Cash Flow": "-541,709", "Financing Cash Flow": "87,716", "End Cash Position": "227,685", "Income Tax Paid Supplemental Data": "-", "Interest Paid Supplemental Data": "-", "Capital Expenditure": "-457,520", "Issuance of Capital Stock": "-", "Issuance of Debt": "569,187", "Repayment of Debt": "-337,285", "Free Cash Flow": "54,950"}, "12/31/2018": {"Duration": "12/31/2018", "Operating Cash Flow": "499,312", "Investing Cash Flow": "-792,059", "Financing Cash Flow": "200,074", "End Cash Position": "169,208", "Income Tax Paid Supplemental Data": "-", "Interest Paid Supplemental Data": "-", "Capital Expenditure": "-537,369", "Issuance of Capital Stock": "0", "Issuance of Debt": "1,136,880", "Repayment of Debt": "-823,886", "Free Cash Flow": "-38,057"}}}}, {"SPKE": {"quote": {"05/12/2021": {"value": "10.03", "Market Cap": "355.336M", "Beta (5Y Monthly)": "1.00", "PE Ratio (TTM)": "16.05", "EPS (TTM)": "0.62", "Earnings Date": "Aug 02, 2021 - Aug 06, 2021", "Forward Dividend & Yield": "0.72 (7.09%)", "Ex-Dividend Date": "May 28, 2021", "1y Target Est": "N/A"}}, "fin": {"TTM": {"Duration": "TTM", "Total Revenue": "554,890", "Cost of Revenue": "344,592", "Gross Profit": "210,298", "Operating Expense": "121,501", "Operating Income": "88,797", "Net Non Operating Interest Income Expense": "-4,843", "Other Income Expense": "-", "Pretax Income": "83,954", "Tax Provision": "15,736", "Net Income Common Stockholders": "21,849", "Average Dilution Earnings": "-", "Diluted NI Available to Com Stockholders": "21,849", "Basic EPS": "-", "Diluted EPS": "-", "Basic Average Shares": "-", "Diluted Average Shares": "-", "Total Operating Income as Reported": "88,797", "Total Expenses": "466,093", "Interest Income": "423", "Interest Expense": "2,584", "Net Interest Income": "-4,843", "Net Income from Continuing & Discontinued Operation": "29,290", "Normalized Income": "29,290", "EBIT": "86,538", "EBITDA": "117,305", "Reconciled Cost of Revenue": "344,592", "Reconciled Depreciation": "30,767", "Net Income from Continuing Operation Net Minority Interest": "29,290", "Total Unusual Items Excluding Goodwill": "0", "Total Unusual Items": "0", "Normalized EBITDA": "117,305", "Tax Rate for Calcs": "0", "Tax Effect of Unusual Items": "0"}, "12/31/2020": {"Duration": "12/31/2020", "Total Revenue": "554,890", "Cost of Revenue": "344,592", "Gross Profit": "210,298", "Operating Expense": "121,501", "Operating Income": "88,797", "Net Non Operating Interest Income Expense": "-4,843", "Other Income Expense": "-", "Pretax Income": "83,954", "Tax Provision": "15,736", "Net Income Common Stockholders": "21,849", "Average Dilution Earnings": "-", "Diluted NI Available to Com Stockholders": "21,849", "Basic EPS": "-", "Diluted EPS": "-", "Basic Average Shares": "-", "Diluted Average Shares": "-", "Total Operating Income as Reported": "88,797", "Total Expenses": "466,093", "Interest Income": "423", "Interest Expense": "2,584", "Net Interest Income": "-4,843", "Net Income from Continuing & Discontinued Operation": "29,290", "Normalized Income": "29,290", "EBIT": "86,538", "EBITDA": "-", "Reconciled Cost of Revenue": "344,592", "Reconciled Depreciation": "30,767", "Net Income from Continuing Operation Net Minority Interest": "29,290", "Total Unusual Items Excluding Goodwill": "0", "Total Unusual Items": "0", "Normalized EBITDA": "117,305", "Tax Rate for Calcs": "0", "Tax Effect of Unusual Items": "0"}, "12/31/2019": {"Duration": "12/31/2019", "Total Revenue": "813,725", "Cost of Revenue": "615,225", "Gross Profit": "198,500", "Operating Expense": "174,521", "Operating Income": "23,979", "Net Non Operating Interest Income Expense": "-8,621", "Other Income Expense": "6,112", "Pretax Income": "21,470", "Tax Provision": "7,257", "Net Income Common Stockholders": "359", "Average Dilution Earnings": "-", "Diluted NI Available to Com Stockholders": "359", "Basic EPS": "0.03", "Diluted EPS": "0.02", "Basic Average Shares": "14,286", "Diluted Average Shares": "14,568", "Total Operating Income as Reported": "23,979", "Total Expenses": "789,746", "Interest Income": "-", "Interest Expense": "8,621", "Net Interest Income": "-8,621", "Net Income from Continuing & Discontinued Operation": "8,450", "Normalized Income": "5,241", "EBIT": "30,091", "EBITDA": "-", "Reconciled Cost of Revenue": "615,210", "Reconciled Depreciation": "41,002", "Net Income from Continuing Operation Net Minority Interest": "8,450", "Total Unusual Items Excluding Goodwill": "4,862", "Total Unusual Items": "4,862", "Normalized EBITDA": "66,231", "Tax Rate for Calcs": "0", "Tax Effect of Unusual Items": "1,653"}, "12/31/2018": {"Duration": "12/31/2018", "Total Revenue": "1,005,928", "Cost of Revenue": "845,493", "Gross Profit": "160,435", "Operating Expense": "164,089", "Operating Income": "-3,654", "Net Non Operating Interest Income Expense": "-8,661", "Other Income Expense": "-", "Pretax Income": "-12,315", "Tax Provision": "2,077", "Net Income Common Stockholders": "-9,295", "Average Dilution Earnings": "0", "Diluted NI Available to Com Stockholders": "-9,295", "Basic EPS": "-0.69", "Diluted EPS": "-0.69", "Basic Average Shares": "13,390", "Diluted Average Shares": "13,390", "Total Operating Income as Reported": "-3,654", "Total Expenses": "1,009,582", "Interest Income": "749", "Interest Expense": "6,515", "Net Interest Income": "-8,661", "Net Income from Continuing & Discontinued Operation": "-1,186", "Normalized Income": "-1,186", "EBIT": "-5,800", "EBITDA": "-", "Reconciled Cost of Revenue": "846,715", "Reconciled Depreciation": "51,436", "Net Income from Continuing Operation Net Minority Interest": "-1,186", "Total Unusual Items Excluding Goodwill": "0", "Total Unusual Items": "0", "Normalized EBITDA": "46,858", "Tax Rate for Calcs": "0", "Tax Effect of Unusual Items": "0"}}, "bs": {"12/31/2020": {"Duration": "12/31/2020", "Total Assets": "366,667", "Total Liabilities Net Minority Interest": "190,918", "Total Equity Gross Minority Interest": "175,749", "Total Capitalization": "252,142", "Preferred Stock Equity": "87,288", "Common Stock Equity": "64,854", "Net Tangible Assets": "26,108", "Working Capital": "114,213", "Invested Capital": "164,854", "Tangible Book Value": "-61,180", "Total Debt": "100,000", "Net Debt": "28,316", "Share Issued": "35,572", "Ordinary Shares Number": "35,427", "Preferred Shares Number": "3,568", "Treasury Shares Number": "144.594"}, "12/31/2019": {"Duration": "12/31/2019", "Total Assets": "422,968", "Total Liabilities Net Minority Interest": "265,667", "Total Equity Gross Minority Interest": "157,301", "Total Capitalization": "264,234", "Preferred Stock Equity": "90,015", "Common Stock Equity": "51,219", "Net Tangible Assets": "3,124", "Working Capital": "94,173", "Invested Capital": "174,219", "Tangible Book Value": "-86,891", "Total Debt": "123,000", "Net Debt": "66,336", "Share Issued": "35,279", "Ordinary Shares Number": "35,180", "Preferred Shares Number": "3,677", "Treasury Shares Number": "99.446"}, "12/31/2018": {"Duration": "12/31/2018", "Total Assets": "488,738", "Total Liabilities Net Minority Interest": "307,686", "Total Equity Gross Minority Interest": "181,052", "Total Capitalization": "276,064", "Preferred Stock Equity": "90,758", "Common Stock Equity": "45,806", "Net Tangible Assets": "-10,208", "Working Capital": "150,029", "Invested Capital": "192,242", "Tangible Book Value": "-100,966", "Total Debt": "146,436", "Net Debt": "105,434", "Share Issued": "34,978", "Ordinary Shares Number": "34,879", "Preferred Shares Number": "3,707", "Treasury Shares Number": "99.446"}}, "cf": {"TTM": {"Duration": "TTM", "Operating Cash Flow": "91,831", "Investing Cash Flow": "-2,154", "Financing Cash Flow": "-75,661", "End Cash Position": "71,684", "Income Tax Paid Supplemental Data": "23,890", "Interest Paid Supplemental Data": "3,859", "Capital Expenditure": "-2,154", "Issuance of Capital Stock": "-", "Issuance of Debt": "612,000", "Repayment of Debt": "-635,000", "Repurchase of Capital Stock": "-395", "Free Cash Flow": "89,677"}, "12/31/2020": {"Duration": "12/31/2020", "Operating Cash Flow": "91,831", "Investing Cash Flow": "-2,154", "Financing Cash Flow": "-75,661", "End Cash Position": "71,684", "Income Tax Paid Supplemental Data": "23,890", "Interest Paid Supplemental Data": "3,859", "Capital Expenditure": "-2,154", "Issuance of Capital Stock": "-", "Issuance of Debt": "612,000", "Repayment of Debt": "-635,000", "Repurchase of Capital Stock": "-395", "Free Cash Flow": "89,677"}, "12/31/2019": {"Duration": "12/31/2019", "Operating Cash Flow": "91,735", "Investing Cash Flow": "1,398", "Financing Cash Flow": "-85,103", "End Cash Position": "57,668", "Income Tax Paid Supplemental Data": "7,516", "Interest Paid Supplemental Data": "6,634", "Capital Expenditure": "-7,033", "Issuance of Capital Stock": "-", "Issuance of Debt": "356,000", "Repayment of Debt": "-374,536", "Repurchase of Capital Stock": "-1,348", "Free Cash Flow": "84,702"}, "12/31/2018": {"Duration": "12/31/2018", "Operating Cash Flow": "59,763", "Investing Cash Flow": "-18,981", "Financing Cash Flow": "-20,563", "End Cash Position": "49,638", "Income Tax Paid Supplemental Data": "8,561", "Interest Paid Supplemental Data": "7,883", "Capital Expenditure": "-1,429", "Issuance of Capital Stock": "48,490", "Issuance of Debt": "417,300", "Repayment of Debt": "-416,472", "Repurchase of Capital Stock": "-2,895", "Free Cash Flow": "58,334"}}}}, {"PAM": {"quote": {"05/12/2021": {"value": "14.04", "Market Cap": "1.335B", "Beta (5Y Monthly)": "1.44", "PE Ratio (TTM)": "N/A", "EPS (TTM)": "-5.82", "Earnings Date": "N/A", "Forward Dividend & Yield": "N/A (N/A)", "Ex-Dividend Date": "Jan 11, 2011", "1y Target Est": "14.65"}}, "fin": {"TTM": {"Duration": "TTM", "Total Revenue": "90,121,715", "Cost of Revenue": "55,873,781", "Gross Profit": "34,247,935", "Operating Expense": "12,453,794", "Operating Income": "21,794,140", "Net Non Operating Interest Income Expense": "-11,612,322", "Other Income Expense": "3,197,596", "Pretax Income": "13,379,414", "Tax Provision": "2,945,154", "Net Income Common Stockholders": "-30,882,044", "Diluted NI Available to Com Stockholders": "-30,882,044", "Basic EPS": "-", "Diluted EPS": "-", "Basic Average Shares": "-", "Diluted Average Shares": "-", "Total Operating Income as Reported": "20,447,784", "Rent Expense Supplemental": "2,019,534", "Total Expenses": "68,327,575", "Interest Income": "3,281,743", "Interest Expense": "14,305,034", "Net Interest Income": "-11,612,322", "Net Income from Continuing & Discontinued Operation": "-30,882,044", "Normalized Income": "22,017,475", "EBIT": "27,684,449", "EBITDA": "44,934,637", "Reconciled Cost of Revenue": "39,044,329", "Reconciled Depreciation": "17,250,188", "Net Income from Continuing Operation Net Minority Interest": "18,933,134", "Total Unusual Items Excluding Goodwill": "-3,954,921", "Total Unusual Items": "-3,954,921", "Normalized EBITDA": "48,889,558", "Tax Rate for Calcs": "0", "Tax Effect of Unusual Items": "-870,580"}, "12/31/2020": {"Duration": "12/31/2020", "Total Revenue": "90,121,715", "Cost of Revenue": "55,873,781", "Gross Profit": "34,247,935", "Operating Expense": "12,453,794", "Operating Income": "21,794,140", "Net Non Operating Interest Income Expense": "-11,612,322", "Other Income Expense": "3,197,596", "Pretax Income": "13,379,414", "Tax Provision": "2,945,154", "Net Income Common Stockholders": "-30,882,044", "Diluted NI Available to Com Stockholders": "-30,882,044", "Basic EPS": "-", "Diluted EPS": "-", "Basic Average Shares": "-", "Diluted Average Shares": "-", "Total Operating Income as Reported": "20,447,784", "Rent Expense Supplemental": "2,019,534", "Total Expenses": "68,327,575", "Interest Income": "3,281,743", "Interest Expense": "14,305,034", "Net Interest Income": "-11,612,322", "Net Income from Continuing & Discontinued Operation": "-30,882,044", "Normalized Income": "22,017,475", "EBIT": "27,684,449", "EBITDA": "-", "Reconciled Cost of Revenue": "39,044,329", "Reconciled Depreciation": "17,250,188", "Net Income from Continuing Operation Net Minority Interest": "18,933,134", "Total Unusual Items Excluding Goodwill": "-3,954,921", "Total Unusual Items": "-3,954,921", "Normalized EBITDA": "48,889,558", "Tax Rate for Calcs": "0", "Tax Effect of Unusual Items": "-870,580"}, "12/31/2019": {"Duration": "12/31/2019", "Total Revenue": "169,861,284", "Cost of Revenue": "121,825,759", "Gross Profit": "48,035,525", "Operating Expense": "22,580,291", "Operating Income": "25,455,235", "Net Non Operating Interest Income Expense": "0", "Other Income Expense": "25,335,445", "Pretax Income": "50,790,680", "Tax Provision": "2,874,944", "Net Income Common Stockholders": "41,447,112", "Diluted NI Available to Com Stockholders": "41,447,112", "Basic EPS": "21.59k", "Diluted EPS": "21.59k", "Basic Average Shares": "1,920", "Diluted Average Shares": "1,920", "Total Operating Income as Reported": "44,980,897", "Rent Expense Supplemental": "1,557,261", "Total Expenses": "144,406,049", "Interest Income": "5,749,888", "Interest Expense": "17,668,928", "Net Interest Income": "0", "Net Income from Continuing & Discontinued Operation": "41,447,112", "Normalized Income": "23,252,693", "EBIT": "68,459,608", "EBITDA": "-", "Reconciled Cost of Revenue": "106,792,197", "Reconciled Depreciation": "15,991,877", "Net Income from Continuing Operation Net Minority Interest": "41,447,112", "Total Unusual Items Excluding Goodwill": "19,286,084", "Total Unusual Items": "19,286,084", "Normalized EBITDA": "65,165,401", "Tax Rate for Calcs": "0", "Tax Effect of Unusual Items": "1,091,665"}, "12/31/2018": {"Duration": "12/31/2018", "Total Revenue": "110,080,000", "Cost of Revenue": "74,161,000", "Gross Profit": "35,919,000", "Operating Expense": "18,197,000", "Operating Income": "17,722,000", "Net Non Operating Interest Income Expense": "15,504,000", "Other Income Expense": "-24,779,000", "Pretax Income": "8,447,000", "Tax Provision": "658,000", "Net Income Common Stockholders": "8,435,000", "Diluted NI Available to Com Stockholders": "8,435,000", "Basic EPS": "107.64", "Diluted EPS": "107.64", "Basic Average Shares": "78,360", "Diluted Average Shares": "78,360", "Total Operating Income as Reported": "25,309,000", "Rent Expense Supplemental": "714,000", "Total Expenses": "92,358,000", "Interest Income": "3,751,000", "Interest Expense": "11,746,000", "Net Interest Income": "15,504,000", "Net Income from Continuing & Discontinued Operation": "8,435,000", "Normalized Income": "32,136,687", "EBIT": "20,193,000", "EBITDA": "-", "Reconciled Cost of Revenue": "74,161,000", "Reconciled Depreciation": "8,816,000", "Net Income from Continuing Operation Net Minority Interest": "5,416,000", "Total Unusual Items Excluding Goodwill": "-28,978,000", "Total Unusual Items": "-28,978,000", "Normalized EBITDA": "57,987,000", "Tax Rate for Calcs": "0", "Tax Effect of Unusual Items": "-2,257,313"}}, "bs": {"12/31/2020": {"Duration": "12/31/2020", "Total Assets": "411,480,101", "Total Liabilities Net Minority Interest": "262,623,598", "Total Equity Gross Minority Interest": "148,856,503", "Total Capitalization": "235,612,328", "Common Stock Equity": "120,162,287", "Capital Lease Obligations": "168,295", "Net Tangible Assets": "116,712,250", "Working Capital": "79,771,602", "Invested Capital": "255,975,965", "Tangible Book Value": "116,712,250", "Total Debt": "135,981,972", "Net Debt": "123,948,914", "Share Issued": "1,455,501", "Ordinary Shares Number": "1,451,171", "Treasury Shares Number": "4,330"}, "12/31/2019": {"Duration": "12/31/2019", "Total Assets": "340,441,304", "Total Liabilities Net Minority Interest": "196,155,044", "Total Equity Gross Minority Interest": "144,286,260", "Total Capitalization": "220,472,280", "Common Stock Equity": "114,818,082", "Capital Lease Obligations": "239,579", "Net Tangible Assets": "105,773,987", "Working Capital": "30,426,492", "Invested Capital": "231,433,005", "Tangible Book Value": "105,773,987", "Total Debt": "116,854,501", "Net Debt": "103,138,622", "Share Issued": "1,747,873", "Ordinary Shares Number": "1,677,112", "Treasury Shares Number": "70,761"}, "12/31/2018": {"Duration": "12/31/2018", "Total Assets": "213,835,000", "Total Liabilities Net Minority Interest": "146,152,000", "Total Equity Gross Minority Interest": "67,683,000", "Total Capitalization": "120,712,000", "Common Stock Equity": "51,523,000", "Capital Lease Obligations": "-", "Net Tangible Assets": "45,443,000", "Working Capital": "12,755,000", "Invested Capital": "133,613,000", "Tangible Book Value": "45,443,000", "Total Debt": "82,090,000", "Net Debt": "72,993,000", "Share Issued": "1,899,870", "Ordinary Shares Number": "1,874,435", "Treasury Shares Number": "25,436"}}, "cf": {"TTM": {"Duration": "TTM", "Operating Cash Flow": "58,314,051", "Investing Cash Flow": "-21,457,551", "Financing Cash Flow": "-37,445,531", "End Cash Position": "11,864,764", "Capital Expenditure": "-10,434,260", "Issuance of Debt": "29,703,983", "Repayment of Debt": "-33,911,346", "Repurchase of Capital Stock": "-8,751,315", "Free Cash Flow": "47,879,791"}, "12/31/2020": {"Duration": "12/31/2020", "Operating Cash Flow": "58,314,051", "Investing Cash Flow": "-21,457,551", "Financing Cash Flow": "-37,445,531", "End Cash Position": "11,864,764", "Capital Expenditure": "-10,434,260", "Issuance of Debt": "29,703,983", "Repayment of Debt": "-33,911,346", "Repurchase of Capital Stock": "-8,751,315", "Free Cash Flow": "47,879,791"}, "12/31/2019": {"Duration": "12/31/2019", "Operating Cash Flow": "48,035,525", "Investing Cash Flow": "-22,101,133", "Financing Cash Flow": "-23,358,921", "End Cash Position": "13,476,301", "Capital Expenditure": "-34,858,698", "Issuance of Debt": "33,301,437", "Repayment of Debt": "-38,691,957", "Repurchase of Capital Stock": "-9,044,095", "Free Cash Flow": "13,176,827"}, "12/31/2018": {"Duration": "12/31/2018", "Operating Cash Flow": "22,935,000", "Investing Cash Flow": "740,000", "Financing Cash Flow": "-17,714,000", "End Cash Position": "9,097,000", "Capital Expenditure": "-25,413,000", "Issuance of Debt": "9,250,000", "Repayment of Debt": "-9,505,000", "Repurchase of Capital Stock": "-13,938,000", "Free Cash Flow": "-2,478,000"}}}}, {"WGEI": {"quote": {"05/12/2021": {"value": "0.0146", "Market Cap": "144,939", "Beta (5Y Monthly)": "-2.48", "PE Ratio (TTM)": "N/A", "EPS (TTM)": "-0.0100", "Earnings Date": "N/A", "Forward Dividend & Yield": "N/A (N/A)", "Ex-Dividend Date": "N/A", "1y Target Est": "N/A"}}, "fin": {}, "bs": {}, "cf": {}}}, {"GEIG": {"quote": {"05/12/2021": {"value": "", "Net Assets": "N/A", "Beta (5Y Monthly)": "N/A", "Yield": "N/A", "5y Average Return": "N/A", "Holdings Turnover": "N/A", "Last Dividend": "N/A", "Average for Category": "N/A", "Inception Date": "N/A"}}, "fin": {}, "bs": {}, "cf": {}}}, {"FNEC": {"quote": {"05/12/2021": {"value": "1.1300", "Market Cap": "113.412M", "Beta (5Y Monthly)": "-5.82", "PE Ratio (TTM)": "N/A", "EPS (TTM)": "-0.0020", "Earnings Date": "N/A", "Forward Dividend & Yield": "N/A (N/A)", "Ex-Dividend Date": "N/A", "1y Target Est": "N/A"}}, "fin": {"TTM": {"Duration": "TTM", "Total Revenue": "5.75", "Operating Expense": "31.135", "Operating Income": "-25.385", "Pretax Income": "-25.385", "Tax Provision": "0", "Net Income Common Stockholders": "-25.385", "Diluted NI Available to Com Stockholders": "-25.385", "Basic EPS": "-", "Diluted EPS": "-", "Basic Average Shares": "-", "Diluted Average Shares": "-", "Total Operating Income as Reported": "-", "Total Expenses": "31.135", "Net Income from Continuing & Discontinued Operation": "-25.385", "Normalized Income": "-25.385", "EBIT": "-25.385", "EBITDA": "-25.385", "Net Income from Continuing Operation Net Minority Interest": "-25.385", "Normalized EBITDA": "-25.385", "Tax Rate for Calcs": "0", "Tax Effect of Unusual Items": "0"}, "12/31/2018": {"Duration": "12/31/2018", "Total Revenue": "5.75", "Operating Expense": "31.135", "Operating Income": "-25.385", "Pretax Income": "-25.385", "Tax Provision": "0", "Net Income Common Stockholders": "-25.385", "Diluted NI Available to Com Stockholders": "-25.385", "Basic EPS": "-", "Diluted EPS": "-", "Basic Average Shares": "-", "Diluted Average Shares": "-", "Total Operating Income as Reported": "-", "Total Expenses": "31.135", "Net Income from Continuing & Discontinued Operation": "-25.385", "Normalized Income": "-25.385", "EBIT": "-25.385", "EBITDA": "-", "Net Income from Continuing Operation Net Minority Interest": "-25.385", "Normalized EBITDA": "-25.385", "Tax Rate for Calcs": "0", "Tax Effect of Unusual Items": "0"}}, "bs": {"12/31/2018": {"Duration": "12/31/2018", "Total Assets": "6.246", "Total Liabilities Net Minority Interest": "741.521", "Total Equity Gross Minority Interest": "-735.275", "Total Capitalization": "-735.328", "Common Stock Equity": "-735.328", "Net Tangible Assets": "-735.528", "Working Capital": "-735.475", "Invested Capital": "-29.083", "Tangible Book Value": "-735.528", "Total Debt": "706.245", "Net Debt": "705.949", "Share Issued": "100,225", "Ordinary Shares Number": "100,225"}}, "cf": {"TTM": {"Duration": "TTM", "Operating Cash Flow": "-31.977", "Financing Cash Flow": "31.629", "End Cash Position": "0.296", "Income Tax Paid Supplemental Data": "0", "Interest Paid Supplemental Data": "0", "Issuance of Capital Stock": "15", "Issuance of Debt": "-", "Free Cash Flow": "-31.977"}, "12/31/2018": {"Duration": "12/31/2018", "Operating Cash Flow": "-31.977", "Financing Cash Flow": "31.629", "End Cash Position": "0.296", "Income Tax Paid Supplemental Data": "0", "Interest Paid Supplemental Data": "0", "Issuance of Capital Stock": "15", "Issuance of Debt": "-", "Free Cash Flow": "-31.977"}}}}, {"HNP": {"quote": {"05/12/2021": {"value": "14.32", "Market Cap": "5.62B", "Beta (5Y Monthly)": "0.59", "PE Ratio (TTM)": "9.18", "EPS (TTM)": "1.56", "Earnings Date": "N/A", "Forward Dividend & Yield": "0.78 (5.27%)", "Ex-Dividend Date": "Jul 01, 2020", "1y Target Est": "12.31"}}, "fin": {"TTM": {"Duration": "TTM", "Total Revenue": "169,446,338", "Cost of Revenue": "100,580,960", "Gross Profit": "68,865,378", "Operating Expense": "47,193,142", "Operating Income": "21,672,236", "Net Non Operating Interest Income Expense": "-8,907,888", "Other Income Expense": "-7,990,612", "Pretax Income": "4,773,736", "Tax Provision": "2,163,173", "Net Income Common Stockholders": "607,382", "Diluted NI Available to Com Stockholders": "607,382", "Basic EPS": "-", "Diluted EPS": "-", "Basic Average Shares": "-", "Diluted Average Shares": "-", "Total Operating Income as Reported": "11,918,215", "Rent Expense Supplemental": "106,031", "Total Expenses": "147,774,102", "Net Income from Continuing & Discontinued Operation": "2,377,851", "Normalized Income": "9,701,552", "Interest Income": "292,724", "Interest Expense": "9,200,612", "Net Interest Income": "-8,907,888", "EBIT": "13,974,348", "EBITDA": "36,120,664", "Reconciled Cost of Revenue": "100,580,960", "Reconciled Depreciation": "22,146,316", "Net Income from Continuing Operation Net Minority Interest": "2,377,851", "Total Unusual Items Excluding Goodwill": "-9,764,934", "Total Unusual Items": "-9,764,934", "Normalized EBITDA": "45,885,598", "Tax Rate for Calcs": "0", "Tax Effect of Unusual Items": "-2,441,233"}, "12/31/2020": {"Duration": "12/31/2020", "Total Revenue": "169,446,338", "Cost of Revenue": "100,580,960", "Gross Profit": "68,865,378", "Operating Expense": "47,193,142", "Operating Income": "21,672,236", "Net Non Operating Interest Income Expense": "-8,907,888", "Other Income Expense": "-7,990,612", "Pretax Income": "4,773,736", "Tax Provision": "2,163,173", "Net Income Common Stockholders": "607,382", "Diluted NI Available to Com Stockholders": "607,382", "Basic EPS": "-", "Diluted EPS": "-", "Basic Average Shares": "-", "Diluted Average Shares": "-", "Total Operating Income as Reported": "11,918,215", "Rent Expense Supplemental": "106,031", "Total Expenses": "147,774,102", "Net Income from Continuing & Discontinued Operation": "2,377,851", "Normalized Income": "9,701,552", "Interest Income": "292,724", "Interest Expense": "9,200,612", "Net Interest Income": "-8,907,888", "EBIT": "13,974,348", "EBITDA": "-", "Reconciled Cost of Revenue": "100,580,960", "Reconciled Depreciation": "22,146,316", "Net Income from Continuing Operation Net Minority Interest": "2,377,851", "Total Unusual Items Excluding Goodwill": "-9,764,934", "Total Unusual Items": "-9,764,934", "Normalized EBITDA": "45,885,598", "Tax Rate for Calcs": "0", "Tax Effect of Unusual Items": "-2,441,233"}, "12/31/2019": {"Duration": "12/31/2019", "Total Revenue": "174,009,401", "Cost of Revenue": "107,539,615", "Gross Profit": "66,469,786", "Operating Expense": "54,092,055", "Operating Income": "12,377,731", "Net Non Operating Interest Income Expense": "-10,498,164", "Other Income Expense": "1,239,893", "Pretax Income": "3,119,460", "Tax Provision": "2,011,255", "Net Income Common Stockholders": "80,423", "Diluted NI Available to Com Stockholders": "80,423", "Basic EPS": "0.40", "Diluted EPS": "0.40", "Basic Average Shares": "392,452", "Diluted Average Shares": "392,452", "Total Operating Income as Reported": "12,377,731", "Rent Expense Supplemental": "-", "Total Expenses": "161,631,670", "Net Income from Continuing & Discontinued Operation": "766,345", "Normalized Income": "725,642", "Interest Income": "264,554", "Interest Expense": "10,762,718", "Net Interest Income": "-10,498,164", "EBIT": "13,882,178", "EBITDA": "-", "Reconciled Cost of Revenue": "107,539,615", "Reconciled Depreciation": "21,864,903", "Net Income from Continuing Operation Net Minority Interest": "766,345", "Total Unusual Items Excluding Goodwill": "54,271", "Total Unusual Items": "54,271", "Normalized EBITDA": "35,692,810", "Tax Rate for Calcs": "0", "Tax Effect of Unusual Items": "13,568"}, "12/31/2018": {"Duration": "12/31/2018", "Total Revenue": "169,550,624", "Cost of Revenue": "114,904,660", "Gross Profit": "54,645,964", "Operating Expense": "44,531,699", "Operating Income": "10,114,265", "Net Non Operating Interest Income Expense": "-10,251,808", "Other Income Expense": "2,110,690", "Pretax Income": "1,973,147", "Tax Provision": "643,173", "Net Income Common Stockholders": "392,086", "Diluted NI Available to Com Stockholders": "392,086", "Basic EPS": "1.20", "Diluted EPS": "1.20", "Basic Average Shares": "382,083", "Diluted Average Shares": "382,083", "Total Operating Income as Reported": "10,114,265", "Rent Expense Supplemental": "-", "Total Expenses": "159,436,359", "Net Income from Continuing & Discontinued Operation": "734,435", "Normalized Income": "540,840", "Interest Income": "234,604", "Interest Expense": "10,486,412", "Net Interest Income": "-10,251,808", "EBIT": "12,459,559", "EBITDA": "-", "Reconciled Cost of Revenue": "114,560,592", "Reconciled Depreciation": "20,810,491", "Net Income from Continuing Operation Net Minority Interest": "734,435", "Total Unusual Items Excluding Goodwill": "287,275", "Total Unusual Items": "287,275", "Normalized EBITDA": "32,982,775", "Tax Rate for Calcs": "0", "Tax Effect of Unusual Items": "93,680"}}, "bs": {"12/31/2020": {"Duration": "12/31/2020", "Total Assets": "449,904,658", "Total Liabilities Net Minority Interest": "298,288,460", "Total Equity Gross Minority Interest": "151,616,198", "Total Capitalization": "262,305,723", "Common Stock Equity": "129,845,923", "Capital Lease Obligations": "5,482,346", "Net Tangible Assets": "97,662,886", "Working Capital": "-87,910,460", "Invested Capital": "366,106,584", "Tangible Book Value": "97,662,886", "Total Debt": "241,743,007", "Net Debt": "223,002,769", "Share Issued": "15,698,093", "Ordinary Shares Number": "15,698,093"}, "12/31/2019": {"Duration": "12/31/2019", "Total Assets": "428,250,063", "Total Liabilities Net Minority Interest": "297,871,017", "Total Equity Gross Minority Interest": "130,379,046", "Total Capitalization": "252,655,448", "Common Stock Equity": "108,803,735", "Capital Lease Obligations": "4,712,670", "Net Tangible Assets": "75,381,241", "Working Capital": "-80,839,009", "Invested Capital": "350,258,273", "Tangible Book Value": "75,381,241", "Total Debt": "246,167,208", "Net Debt": "229,011,280", "Share Issued": "15,698,093", "Ordinary Shares Number": "15,698,093"}, "12/31/2018": {"Duration": "12/31/2018", "Total Assets": "419,903,311", "Total Liabilities Net Minority Interest": "303,781,641", "Total Equity Gross Minority Interest": "116,121,670", "Total Capitalization": "249,968,242", "Common Stock Equity": "94,435,418", "Capital Lease Obligations": "1,442,174", "Net Tangible Assets": "74,149,678", "Working Capital": "-76,407,145", "Invested Capital": "347,162,796", "Tangible Book Value": "74,149,678", "Total Debt": "254,169,552", "Net Debt": "237,324,800", "Share Issued": "15,698,093", "Ordinary Shares Number": "15,698,093"}}, "cf": {"TTM": {"Duration": "TTM", "Operating Cash Flow": "41,987,038", "Investing Cash Flow": "-42,237,132", "Financing Cash Flow": "1,803,816", "End Cash Position": "13,257,892", "Capital Expenditure": "-42,558,250", "Issuance of Capital Stock": "0", "Issuance of Debt": "192,895,535", "Repayment of Debt": "-200,045,616", "Free Cash Flow": "-571,212"}, "12/31/2020": {"Duration": "12/31/2020", "Operating Cash Flow": "41,987,038", "Investing Cash Flow": "-42,237,132", "Financing Cash Flow": "1,803,816", "End Cash Position": "13,257,892", "Capital Expenditure": "-42,558,250", "Issuance of Capital Stock": "0", "Issuance of Debt": "192,895,535", "Repayment of Debt": "-200,045,616", "Free Cash Flow": "-571,212"}, "12/31/2019": {"Duration": "12/31/2019", "Operating Cash Flow": "37,324,193", "Investing Cash Flow": "-29,033,985", "Financing Cash Flow": "-11,328,183", "End Cash Position": "12,443,258", "Capital Expenditure": "-31,382,657", "Issuance of Capital Stock": "0", "Issuance of Debt": "155,598,321", "Repayment of Debt": "-167,905,380", "Free Cash Flow": "5,941,536"}, "12/31/2018": {"Duration": "12/31/2018", "Operating Cash Flow": "28,727,978", "Investing Cash Flow": "-20,375,882", "Financing Cash Flow": "-2,243,070", "End Cash Position": "15,417,682", "Capital Expenditure": "-20,707,998", "Issuance of Capital Stock": "3,245,330", "Issuance of Debt": "179,864,208", "Repayment of Debt": "-176,752,357", "Free Cash Flow": "8,019,980"}}}}, {"HYSR": {"quote": {"05/12/2021": {"value": "0.0750", "Market Cap": "226.622M", "Beta (5Y Monthly)": "3.12", "PE Ratio (TTM)": "N/A", "EPS (TTM)": "-0.0980", "Earnings Date": "N/A", "Forward Dividend & Yield": "N/A (N/A)", "Ex-Dividend Date": "N/A", "1y Target Est": "N/A"}}, "fin": {"TTM": {"Duration": "TTM", "Total Revenue": "0", "Operating Expense": "4,025", "Operating Income": "-4,025", "Net Non Operating Interest Income Expense": "-942.575", "Other Income Expense": "-175,354", "Pretax Income": "-180,322", "Net Income Common Stockholders": "-180,322", "Diluted NI Available to Com Stockholders": "-180,322", "Basic EPS": "-", "Diluted EPS": "-", "Basic Average Shares": "-", "Diluted Average Shares": "-", "Total Operating Income as Reported": "-4,025", "Total Expenses": "4,025", "Interest Expense": "942.575", "Net Interest Income": "-942.575", "Net Income from Continuing & Discontinued Operation": "-180,322", "Normalized Income": "-4,968", "EBIT": "-179,379", "EBITDA": "-179,369", "Reconciled Depreciation": "10.888", "Net Income from Continuing Operation Net Minority Interest": "-180,322", "Total Unusual Items Excluding Goodwill": "-175,354", "Total Unusual Items": "-175,354", "Normalized EBITDA": "-4,014", "Tax Rate for Calcs": "0", "Tax Effect of Unusual Items": "0"}, "6/30/2020": {"Duration": "6/30/2020", "Total Revenue": "0", "Operating Expense": "1,681", "Operating Income": "-1,681", "Net Non Operating Interest Income Expense": "-931.923", "Other Income Expense": "-54,916", "Pretax Income": "-57,529", "Net Income Common Stockholders": "-57,529", "Diluted NI Available to Com Stockholders": "-57,529", "Basic EPS": "-0.04", "Diluted EPS": "-0.04", "Basic Average Shares": "1,551,749", "Diluted Average Shares": "1,551,749", "Total Operating Income as Reported": "-1,681", "Total Expenses": "1,681", "Interest Expense": "931.923", "Net Interest Income": "-931.923", "Net Income from Continuing & Discontinued Operation": "-57,529", "Normalized Income": "-2,613", "EBIT": "-56,597", "EBITDA": "-", "Reconciled Depreciation": "8.419", "Net Income from Continuing Operation Net Minority Interest": "-57,529", "Total Unusual Items Excluding Goodwill": "-54,916", "Total Unusual Items": "-54,916", "Normalized EBITDA": "-1,673", "Tax Rate for Calcs": "0", "Tax Effect of Unusual Items": "0"}, "6/30/2019": {"Duration": "6/30/2019", "Total Revenue": "0", "Operating Expense": "1,829", "Operating Income": "-1,829", "Net Non Operating Interest Income Expense": "-834.873", "Other Income Expense": "6,642", "Pretax Income": "3,978", "Net Income Common Stockholders": "3,978", "Diluted NI Available to Com Stockholders": "3,978", "Basic EPS": "0.00", "Diluted EPS": "0.00", "Basic Average Shares": "924,583", "Diluted Average Shares": "924,583", "Total Operating Income as Reported": "-1,829", "Total Expenses": "1,829", "Interest Expense": "834.873", "Net Interest Income": "-834.873", "Net Income from Continuing & Discontinued Operation": "3,978", "Normalized Income": "-870.1485", "EBIT": "4,813", "EBITDA": "-", "Reconciled Depreciation": "6.988", "Net Income from Continuing Operation Net Minority Interest": "3,978", "Total Unusual Items Excluding Goodwill": "6,642", "Total Unusual Items": "6,642", "Normalized EBITDA": "-1,822", "Tax Rate for Calcs": "0", "Tax Effect of Unusual Items": "1,793"}, "6/30/2018": {"Duration": "6/30/2018", "Total Revenue": "0", "Operating Expense": "750.827", "Operating Income": "-750.827", "Net Non Operating Interest Income Expense": "-334.566", "Other Income Expense": "-9,114", "Pretax Income": "-10,199", "Net Income Common Stockholders": "-10,199", "Diluted NI Available to Com Stockholders": "-10,199", "Basic EPS": "-0.01", "Diluted EPS": "-0.01", "Basic Average Shares": "758,787", "Diluted Average Shares": "758,787", "Total Operating Income as Reported": "-750.827", "Total Expenses": "750.827", "Interest Expense": "334.566", "Net Interest Income": "-334.566", "Net Income from Continuing & Discontinued Operation": "-10,199", "Normalized Income": "-1,085", "EBIT": "-9,865", "EBITDA": "-", "Reconciled Depreciation": "5.205", "Net Income from Continuing Operation Net Minority Interest": "-10,199", "Total Unusual Items Excluding Goodwill": "-9,114", "Total Unusual Items": "-9,114", "Normalized EBITDA": "-745.622", "Tax Rate for Calcs": "0", "Tax Effect of Unusual Items": "0"}}, "bs": {"6/30/2020": {"Duration": "6/30/2020", "Total Assets": "291.802", "Total Liabilities Net Minority Interest": "62,124", "Total Equity Gross Minority Interest": "-61,832", "Total Capitalization": "-60,372", "Common Stock Equity": "-61,832", "Net Tangible Assets": "-61,919", "Working Capital": "-60,460", "Invested Capital": "-60,212", "Tangible Book Value": "-61,919", "Total Debt": "1,621", "Net Debt": "1,426", "Share Issued": "2,053,410", "Ordinary Shares Number": "2,053,410"}, "6/30/2019": {"Duration": "6/30/2019", "Total Assets": "150.553", "Total Liabilities Net Minority Interest": "6,662", "Total Equity Gross Minority Interest": "-6,511", "Total Capitalization": "-4,729", "Common Stock Equity": "-6,511", "Net Tangible Assets": "-6,611", "Working Capital": "-4,829", "Invested Capital": "-4,473", "Tangible Book Value": "-6,611", "Total Debt": "2,039", "Net Debt": "2,004", "Share Issued": "1,077,319", "Ordinary Shares Number": "1,077,319"}, "6/30/2018": {"Duration": "6/30/2018", "Total Assets": "196.572", "Total Liabilities Net Minority Interest": "13,212", "Total Equity Gross Minority Interest": "-13,015", "Total Capitalization": "-11,646", "Common Stock Equity": "-13,015", "Net Tangible Assets": "-13,108", "Working Capital": "-11,741", "Invested Capital": "-11,240", "Tangible Book Value": "-13,108", "Total Debt": "1,775", "Net Debt": "1,678", "Share Issued": "852,458", "Ordinary Shares Number": "852,458"}}, "cf": {"TTM": {"Duration": "TTM", "Operating Cash Flow": "-3,240", "Investing Cash Flow": "-53.96", "Financing Cash Flow": "20,602", "End Cash Position": "17,366", "Income Tax Paid Supplemental Data": "0", "Interest Paid Supplemental Data": "2.636", "Capital Expenditure": "-53.96", "Issuance of Debt": "510", "Free Cash Flow": "-3,294"}, "6/30/2020": {"Duration": "6/30/2020", "Operating Cash Flow": "-695.784", "Investing Cash Flow": "-0.78", "Financing Cash Flow": "856.5", "End Cash Position": "195.01", "Income Tax Paid Supplemental Data": "0", "Interest Paid Supplemental Data": "2.249", "Capital Expenditure": "-0.78", "Issuance of Debt": "856.5", "Free Cash Flow": "-696.564"}, "6/30/2019": {"Duration": "6/30/2019", "Operating Cash Flow": "-853.693", "Investing Cash Flow": "-13.059", "Financing Cash Flow": "804.5", "End Cash Position": "35.074", "Income Tax Paid Supplemental Data": "0", "Interest Paid Supplemental Data": "0.94", "Capital Expenditure": "-13.059", "Issuance of Debt": "804.5", "Free Cash Flow": "-866.752"}, "6/30/2018": {"Duration": "6/30/2018", "Operating Cash Flow": "-708.831", "Investing Cash Flow": "-18.976", "Financing Cash Flow": "745", "End Cash Position": "97.326", "Income Tax Paid Supplemental Data": "0", "Interest Paid Supplemental Data": "0.038", "Capital Expenditure": "-18.976", "Issuance of Debt": "745", "Free Cash Flow": "-727.807"}}}}, {"NYLD": {"quote": {"05/12/2021": {"value": "", "Net Assets": "N/A", "Beta (5Y Monthly)": "N/A", "Yield": "N/A", "5y Average Return": "N/A", "Holdings Turnover": "N/A", "Last Dividend": "N/A", "Average for Category": "N/A", "Inception Date": "N/A"}}, "fin": {}, "bs": {}, "cf": {}}}, {"ORA": {"quote": {"05/12/2021": {"value": "64.22", "Market Cap": "3.595B", "Beta (5Y Monthly)": "0.32", "PE Ratio (TTM)": "45.74", "EPS (TTM)": "1.40", "Earnings Date": "Aug 02, 2021 - Aug 06, 2021", "Forward Dividend & Yield": "0.48 (0.72%)", "Ex-Dividend Date": "May 17, 2021", "1y Target Est": "84.00"}}, "fin": {"TTM": {"Duration": "TTM", "Total Revenue": "705,342", "Cost of Revenue": "429,067", "Gross Profit": "276,275", "Operating Expense": "83,005", "Operating Income": "193,270", "Net Non Operating Interest Income Expense": "-76,236", "Other Income Expense": "51,683", "Pretax Income": "168,717", "Tax Provision": "67,003", "Earnings from Equity Interest Net of Tax": "92", "Net Income Common Stockholders": "85,456", "Diluted NI Available to Com Stockholders": "85,456", "Basic EPS": "-", "Diluted EPS": "-", "Basic Average Shares": "-", "Diluted Average Shares": "-", "Total Operating Income as Reported": "214,013", "Total Expenses": "512,072", "Interest Income": "1,717", "Interest Expense": "77,953", "Net Interest Income": "-76,236", "Net Income from Continuing & Discontinued Operation": "85,456", "Normalized Income": "70,655", "EBIT": "246,670", "EBITDA": "403,282", "Reconciled Cost of Revenue": "429,067", "Reconciled Depreciation": "156,612", "Net Income from Continuing Operation Net Minority Interest": "85,456", "Total Unusual Items Excluding Goodwill": "24,545", "Total Unusual Items": "24,545", "Normalized EBITDA": "378,737", "Tax Rate for Calcs": "0", "Tax Effect of Unusual Items": "9,744"}, "12/31/2020": {"Duration": "12/31/2020", "Total Revenue": "705,342", "Cost of Revenue": "429,067", "Gross Profit": "276,275", "Operating Expense": "83,005", "Operating Income": "193,270", "Net Non Operating Interest Income Expense": "-76,236", "Other Income Expense": "51,683", "Pretax Income": "168,717", "Tax Provision": "67,003", "Earnings from Equity Interest Net of Tax": "92", "Net Income Common Stockholders": "85,456", "Diluted NI Available to Com Stockholders": "85,456", "Basic EPS": "-", "Diluted EPS": "-", "Basic Average Shares": "-", "Diluted Average Shares": "-", "Total Operating Income as Reported": "214,013", "Total Expenses": "512,072", "Interest Income": "1,717", "Interest Expense": "77,953", "Net Interest Income": "-76,236", "Net Income from Continuing & Discontinued Operation": "85,456", "Normalized Income": "70,655", "EBIT": "246,670", "EBITDA": "-", "Reconciled Cost of Revenue": "429,067", "Reconciled Depreciation": "156,612", "Net Income from Continuing Operation Net Minority Interest": "85,456", "Total Unusual Items Excluding Goodwill": "24,545", "Total Unusual Items": "24,545", "Normalized EBITDA": "378,737", "Tax Rate for Calcs": "0", "Tax Effect of Unusual Items": "9,744"}, "12/31/2019": {"Duration": "12/31/2019", "Total Revenue": "746,044", "Cost of Revenue": "476,721", "Gross Profit": "269,323", "Operating Expense": "75,527", "Operating Income": "193,796", "Net Non Operating Interest Income Expense": "-78,869", "Other Income Expense": "22,376", "Pretax Income": "137,303", "Tax Provision": "45,613", "Earnings from Equity Interest Net of Tax": "1,853", "Net Income Common Stockholders": "88,095", "Diluted NI Available to Com Stockholders": "88,095", "Basic EPS": "1.73", "Diluted EPS": "1.72", "Basic Average Shares": "50,867", "Diluted Average Shares": "51,227", "Total Operating Income as Reported": "193,796", "Total Expenses": "552,248", "Interest Income": "1,515", "Interest Expense": "80,384", "Net Interest Income": "-78,869", "Net Income from Continuing & Discontinued Operation": "88,095", "Normalized Income": "87,678", "EBIT": "217,687", "EBITDA": "-", "Reconciled Cost of Revenue": "476,721", "Reconciled Depreciation": "148,761", "Net Income from Continuing Operation Net Minority Interest": "88,095", "Total Unusual Items Excluding Goodwill": "624", "Total Unusual Items": "624", "Normalized EBITDA": "365,824", "Tax Rate for Calcs": "0", "Tax Effect of Unusual Items": "207.168"}, "12/31/2018": {"Duration": "12/31/2018", "Total Revenue": "719,267", "Cost of Revenue": "448,832", "Gross Profit": "270,435", "Operating Expense": "71,735", "Operating Income": "198,700", "Net Non Operating Interest Income Expense": "-69,950", "Other Income Expense": "8,431", "Pretax Income": "137,181", "Tax Provision": "34,733", "Earnings from Equity Interest Net of Tax": "7,663", "Net Income Common Stockholders": "97,966", "Diluted NI Available to Com Stockholders": "97,966", "Basic EPS": "1.93", "Diluted EPS": "1.92", "Basic Average Shares": "50,643", "Diluted Average Shares": "50,969", "Total Operating Income as Reported": "185,110", "Total Expenses": "520,567", "Interest Income": "974", "Interest Expense": "70,924", "Net Interest Income": "-69,950", "Net Income from Continuing & Discontinued Operation": "97,966", "Normalized Income": "111,674", "EBIT": "208,105", "EBITDA": "-", "Reconciled Cost of Revenue": "448,832", "Reconciled Depreciation": "132,233", "Net Income from Continuing Operation Net Minority Interest": "97,966", "Total Unusual Items Excluding Goodwill": "-18,351", "Total Unusual Items": "-18,351", "Normalized EBITDA": "358,689", "Tax Rate for Calcs": "0", "Tax Effect of Unusual Items": "-4,643"}}, "bs": {"12/31/2020": {"Duration": "12/31/2020", "Total Assets": "3,888,987", "Total Liabilities Net Minority Interest": "1,947,550", "Total Equity Gross Minority Interest": "1,941,437", "Total Capitalization": "3,183,198", "Common Stock Equity": "1,805,985", "Capital Lease Obligations": "28,092", "Net Tangible Assets": "1,586,998", "Working Capital": "530,507", "Invested Capital": "3,261,812", "Tangible Book Value": "1,586,998", "Total Debt": "1,483,919", "Net Debt": "1,007,575", "Share Issued": "55,983", "Ordinary Shares Number": "55,983"}, "12/31/2019": {"Duration": "12/31/2019", "Total Assets": "3,250,494", "Total Liabilities Net Minority Interest": "1,735,084", "Total Equity Gross Minority Interest": "1,515,410", "Total Capitalization": "2,404,351", "Common Stock Equity": "1,392,420", "Capital Lease Obligations": "31,028", "Net Tangible Assets": "1,186,060", "Working Capital": "39,188", "Invested Capital": "2,630,404", "Tangible Book Value": "1,186,060", "Total Debt": "1,269,012", "Net Debt": "1,166,811", "Share Issued": "51,032", "Ordinary Shares Number": "51,032"}, "12/31/2018": {"Duration": "12/31/2018", "Total Assets": "3,121,350", "Total Liabilities Net Minority Interest": "1,676,254", "Total Equity Gross Minority Interest": "1,445,096", "Total Capitalization": "2,360,570", "Common Stock Equity": "1,319,837", "Capital Lease Obligations": "-", "Net Tangible Assets": "1,100,013", "Working Capital": "111,120", "Invested Capital": "2,587,750", "Tangible Book Value": "1,100,013", "Total Debt": "1,267,913", "Net Debt": "1,169,111", "Share Issued": "50,700", "Ordinary Shares Number": "50,700"}}, "cf": {"TTM": {"Duration": "TTM", "Operating Cash Flow": "265,005", "Investing Cash Flow": "-385,969", "Financing Cash Flow": "503,478", "End Cash Position": "536,778", "Income Tax Paid Supplemental Data": "64,795", "Interest Paid Supplemental Data": "60,830", "Capital Expenditure": "-320,738", "Issuance of Capital Stock": "339,471", "Issuance of Debt": "1,668,662", "Repayment of Debt": "-1,478,224", "Free Cash Flow": "-55,733"}, "12/31/2020": {"Duration": "12/31/2020", "Operating Cash Flow": "265,005", "Investing Cash Flow": "-385,969", "Financing Cash Flow": "503,478", "End Cash Position": "536,778", "Income Tax Paid Supplemental Data": "64,795", "Interest Paid Supplemental Data": "60,830", "Capital Expenditure": "-320,738", "Issuance of Capital Stock": "339,471", "Issuance of Debt": "1,668,662", "Repayment of Debt": "-1,478,224", "Free Cash Flow": "-55,733"}, "12/31/2019": {"Duration": "12/31/2019", "Operating Cash Flow": "236,493", "Investing Cash Flow": "-254,538", "Financing Cash Flow": "-5,765", "End Cash Position": "153,110", "Income Tax Paid Supplemental Data": "1,649", "Interest Paid Supplemental Data": "61,628", "Capital Expenditure": "-279,986", "Issuance of Capital Stock": "-", "Issuance of Debt": "1,633,697", "Repayment of Debt": "-1,666,245", "Free Cash Flow": "-43,493"}, "12/31/2018": {"Duration": "12/31/2018", "Operating Cash Flow": "145,822", "Investing Cash Flow": "-342,434", "Financing Cash Flow": "251,131", "End Cash Position": "177,495", "Income Tax Paid Supplemental Data": "18,028", "Interest Paid Supplemental Data": "53,864", "Capital Expenditure": "-258,521", "Issuance of Capital Stock": "-", "Issuance of Debt": "4,311,700", "Repayment of Debt": "-4,054,825", "Free Cash Flow": "-112,699"}}}}, {"IDA": {"quote": {"05/12/2021": {"value": "100.05", "Market Cap": "5.054B", "Beta (5Y Monthly)": "0.49", "PE Ratio (TTM)": "20.67", "EPS (TTM)": "4.84", "Earnings Date": "Jul 28, 2021 - Aug 02, 2021", "Forward Dividend & Yield": "2.84 (2.73%)", "Ex-Dividend Date": "May 04, 2021", "1y Target Est": "109.50"}}, "fin": {"TTM": {"Duration": "TTM", "Total Revenue": "1,375,775", "Cost of Revenue": "975,946", "Gross Profit": "399,829", "Operating Expense": "92,634", "Operating Income": "307,195", "Net Non Operating Interest Income Expense": "-88,232", "Other Income Expense": "56,245", "Pretax Income": "275,208", "Tax Provision": "29,898", "Net Income Common Stockholders": "244,758", "Diluted NI Available to Com Stockholders": "244,758", "Basic EPS": "-", "Diluted EPS": "-", "Basic Average Shares": "-", "Diluted Average Shares": "-", "Total Operating Income as Reported": "319,060", "Total Expenses": "1,068,580", "Interest Expense": "88,232", "Net Interest Income": "-88,232", "Net Income from Continuing & Discontinued Operation": "244,758", "Normalized Income": "210,978", "EBIT": "363,440", "EBITDA": "540,001", "Reconciled Cost of Revenue": "975,946", "Reconciled Depreciation": "176,561", "Net Income from Continuing Operation Net Minority Interest": "244,758", "Total Unusual Items Excluding Goodwill": "37,897", "Total Unusual Items": "37,897", "Normalized EBITDA": "502,104", "Tax Rate for Calcs": "0", "Tax Effect of Unusual Items": "4,117"}, "12/31/2020": {"Duration": "12/31/2020", "Total Revenue": "1,350,729", "Cost of Revenue": "960,168", "Gross Profit": "390,561", "Operating Expense": "92,905", "Operating Income": "297,656", "Net Non Operating Interest Income Expense": "-87,426", "Other Income Expense": "56,438", "Pretax Income": "266,668", "Tax Provision": "28,700", "Net Income Common Stockholders": "237,417", "Diluted NI Available to Com Stockholders": "237,417", "Basic EPS": "-", "Diluted EPS": "-", "Basic Average Shares": "-", "Diluted Average Shares": "-", "Total Operating Income as Reported": "309,521", "Total Expenses": "1,053,073", "Interest Expense": "87,426", "Net Interest Income": "-87,426", "Net Income from Continuing & Discontinued Operation": "237,417", "Normalized Income": "204,056", "EBIT": "354,094", "EBITDA": "-", "Reconciled Cost of Revenue": "960,168", "Reconciled Depreciation": "175,941", "Net Income from Continuing Operation Net Minority Interest": "237,417", "Total Unusual Items Excluding Goodwill": "37,400", "Total Unusual Items": "37,400", "Normalized EBITDA": "492,635", "Tax Rate for Calcs": "0", "Tax Effect of Unusual Items": "4,039"}, "12/31/2019": {"Duration": "12/31/2019", "Total Revenue": "1,346,383", "Cost of Revenue": "969,165", "Gross Profit": "377,218", "Operating Expense": "89,868", "Operating Income": "287,350", "Net Non Operating Interest Income Expense": "-86,475", "Other Income Expense": "56,960", "Pretax Income": "257,835", "Tax Provision": "24,507", "Net Income Common Stockholders": "232,854", "Diluted NI Available to Com Stockholders": "232,854", "Basic EPS": "4.61", "Diluted EPS": "4.61", "Basic Average Shares": "50,502", "Diluted Average Shares": "50,537", "Total Operating Income as Reported": "298,326", "Total Expenses": "1,059,033", "Interest Expense": "86,475", "Net Interest Income": "-86,475", "Net Income from Continuing & Discontinued Operation": "232,854", "Normalized Income": "197,200", "EBIT": "344,310", "EBITDA": "-", "Reconciled Cost of Revenue": "969,165", "Reconciled Depreciation": "173,800", "Net Income from Continuing Operation Net Minority Interest": "232,854", "Total Unusual Items Excluding Goodwill": "39,397", "Total Unusual Items": "39,397", "Normalized EBITDA": "478,713", "Tax Rate for Calcs": "0", "Tax Effect of Unusual Items": "3,743"}, "12/31/2018": {"Duration": "12/31/2018", "Total Revenue": "1,370,752", "Cost of Revenue": "998,764", "Gross Profit": "371,988", "Operating Expense": "90,847", "Operating Income": "281,141", "Net Non Operating Interest Income Expense": "-85,948", "Other Income Expense": "49,716", "Pretax Income": "244,909", "Tax Provision": "17,386", "Net Income Common Stockholders": "226,801", "Diluted NI Available to Com Stockholders": "226,801", "Basic EPS": "4.50", "Diluted EPS": "4.49", "Basic Average Shares": "50,432", "Diluted Average Shares": "50,510", "Total Operating Income as Reported": "296,922", "Total Expenses": "1,089,611", "Interest Expense": "85,948", "Net Interest Income": "-85,948", "Net Income from Continuing & Discontinued Operation": "226,801", "Normalized Income": "196,388", "EBIT": "330,857", "EBITDA": "-", "Reconciled Cost of Revenue": "998,764", "Reconciled Depreciation": "169,120", "Net Income from Continuing Operation Net Minority Interest": "226,801", "Total Unusual Items Excluding Goodwill": "32,737", "Total Unusual Items": "32,737", "Normalized EBITDA": "467,240", "Tax Rate for Calcs": "0", "Tax Effect of Unusual Items": "2,324"}}, "bs": {"12/31/2020": {"Duration": "12/31/2020", "Total Assets": "7,095,244", "Total Liabilities Net Minority Interest": "4,528,788", "Total Equity Gross Minority Interest": "2,566,456", "Total Capitalization": "4,560,394", "Common Stock Equity": "2,559,980", "Net Tangible Assets": "2,559,980", "Working Capital": "354,830", "Invested Capital": "4,560,394", "Tangible Book Value": "2,559,980", "Total Debt": "2,000,414", "Net Debt": "1,725,298", "Share Issued": "50,462", "Ordinary Shares Number": "50,462", "Treasury Shares Number": "0"}, "12/31/2019": {"Duration": "12/31/2019", "Total Assets": "6,641,201", "Total Liabilities Net Minority Interest": "4,170,648", "Total Equity Gross Minority Interest": "2,470,553", "Total Capitalization": "4,201,287", "Common Stock Equity": "2,464,628", "Net Tangible Assets": "2,464,628", "Working Capital": "190,287", "Invested Capital": "4,301,287", "Tangible Book Value": "2,464,628", "Total Debt": "1,836,659", "Net Debt": "1,619,405", "Share Issued": "50,420", "Ordinary Shares Number": "50,398", "Treasury Shares Number": "22"}, "12/31/2018": {"Duration": "12/31/2018", "Total Assets": "6,382,754", "Total Liabilities Net Minority Interest": "4,006,943", "Total Equity Gross Minority Interest": "2,375,811", "Total Capitalization": "4,205,148", "Common Stock Equity": "2,370,360", "Net Tangible Assets": "2,370,360", "Working Capital": "339,048", "Invested Capital": "4,205,148", "Tangible Book Value": "2,370,360", "Total Debt": "1,834,788", "Net Debt": "1,567,296", "Share Issued": "50,420", "Ordinary Shares Number": "50,393", "Treasury Shares Number": "27"}}, "cf": {"TTM": {"Duration": "TTM", "Operating Cash Flow": "437,997", "Investing Cash Flow": "-352,933", "Financing Cash Flow": "16,072", "End Cash Position": "240,007", "Income Tax Paid Supplemental Data": "-", "Interest Paid Supplemental Data": "86,493", "Capital Expenditure": "-314,665", "Issuance of Debt": "-", "Repayment of Debt": "-", "Repurchase of Capital Stock": "-", "Free Cash Flow": "123,332"}, "12/31/2020": {"Duration": "12/31/2020", "Operating Cash Flow": "388,131", "Investing Cash Flow": "-347,258", "Financing Cash Flow": "16,989", "End Cash Position": "275,116", "Income Tax Paid Supplemental Data": "9,975", "Interest Paid Supplemental Data": "81,074", "Capital Expenditure": "-310,938", "Issuance of Debt": "341,384", "Repayment of Debt": "-178,305", "Repurchase of Capital Stock": "-", "Free Cash Flow": "77,193"}, "12/31/2019": {"Duration": "12/31/2019", "Operating Cash Flow": "366,625", "Investing Cash Flow": "-280,492", "Financing Cash Flow": "-136,371", "End Cash Position": "217,254", "Income Tax Paid Supplemental Data": "14,055", "Interest Paid Supplemental Data": "85,260", "Capital Expenditure": "-278,705", "Issuance of Debt": "166,100", "Repayment of Debt": "-166,100", "Repurchase of Capital Stock": "-4,160", "Free Cash Flow": "87,920"}, "12/31/2018": {"Duration": "12/31/2018", "Operating Cash Flow": "491,626", "Investing Cash Flow": "-258,177", "Financing Cash Flow": "-42,606", "End Cash Position": "267,492", "Income Tax Paid Supplemental Data": "5,272", "Interest Paid Supplemental Data": "80,951", "Capital Expenditure": "-277,853", "Issuance of Debt": "220,000", "Repayment of Debt": "-134,607", "Repurchase of Capital Stock": "-3,614", "Free Cash Flow": "213,773"}}}}, {"NYLD-A": {"quote": {"05/12/2021": {"value": "", "Net Assets": "N/A", "Beta (5Y Monthly)": "N/A", "Yield": "N/A", "5y Average Return": "N/A", "Holdings Turnover": "N/A", "Last Dividend": "N/A", "Average for Category": "N/A", "Inception Date": "N/A"}}, "fin": {}, "bs": {}, "cf": {}}}, {"PWVI": {"quote": {"05/12/2021": {"value": "0.7400", "Market Cap": "20.63M", "Beta (5Y Monthly)": "N/A", "PE Ratio (TTM)": "N/A", "EPS (TTM)": "-0.0170", "Earnings Date": "N/A", "Forward Dividend & Yield": "N/A (N/A)", "Ex-Dividend Date": "N/A", "1y Target Est": "N/A"}}, "fin": {"TTM": {"Duration": "TTM", "Total Revenue": "40", "Operating Expense": "438.365", "Operating Income": "-398.365", "Net Non Operating Interest Income Expense": "-135.295", "Other Income Expense": "-", "Pretax Income": "-533.66", "Tax Provision": "0", "Net Income Common Stockholders": "-533.66", "Diluted NI Available to Com Stockholders": "-533.66", "Basic EPS": "-", "Diluted EPS": "-", "Basic Average Shares": "-", "Diluted Average Shares": "-", "Total Operating Income as Reported": "-398.365", "Total Expenses": "438.365", "Net Income from Continuing & Discontinued Operation": "-533.66", "Normalized Income": "-533.66", "Interest Income": "-", "Interest Expense": "135.295", "Net Interest Income": "-135.295", "EBIT": "-398.365", "EBITDA": "-398.365", "Reconciled Depreciation": "0", "Net Income from Continuing Operation Net Minority Interest": "-533.66", "Total Unusual Items Excluding Goodwill": "0", "Total Unusual Items": "0", "Normalized EBITDA": "-398.365", "Tax Rate for Calcs": "0", "Tax Effect of Unusual Items": "0"}, "12/31/2020": {"Duration": "12/31/2020", "Total Revenue": "40", "Operating Expense": "438.365", "Operating Income": "-398.365", "Net Non Operating Interest Income Expense": "-135.295", "Other Income Expense": "-", "Pretax Income": "-533.66", "Tax Provision": "0", "Net Income Common Stockholders": "-533.66", "Diluted NI Available to Com Stockholders": "-533.66", "Basic EPS": "-", "Diluted EPS": "-", "Basic Average Shares": "-", "Diluted Average Shares": "-", "Total Operating Income as Reported": "-398.365", "Total Expenses": "438.365", "Net Income from Continuing & Discontinued Operation": "-533.66", "Normalized Income": "-533.66", "Interest Income": "-", "Interest Expense": "135.295", "Net Interest Income": "-135.295", "EBIT": "-398.365", "EBITDA": "-", "Reconciled Depreciation": "0", "Net Income from Continuing Operation Net Minority Interest": "-533.66", "Total Unusual Items Excluding Goodwill": "0", "Total Unusual Items": "0", "Normalized EBITDA": "-398.365", "Tax Rate for Calcs": "0", "Tax Effect of Unusual Items": "0"}, "12/31/2019": {"Duration": "12/31/2019", "Total Revenue": "24", "Operating Expense": "436.429", "Operating Income": "-412.429", "Net Non Operating Interest Income Expense": "-33.309", "Other Income Expense": "-69.178", "Pretax Income": "-514.916", "Tax Provision": "0", "Net Income Common Stockholders": "-514.916", "Diluted NI Available to Com Stockholders": "-514.916", "Basic EPS": "-0.02", "Diluted EPS": "-0.02", "Basic Average Shares": "31,750", "Diluted Average Shares": "31,750", "Total Operating Income as Reported": "-412.429", "Total Expenses": "436.429", "Net Income from Continuing & Discontinued Operation": "-514.916", "Normalized Income": "-445.738", "Interest Income": "0", "Interest Expense": "33.309", "Net Interest Income": "-33.309", "EBIT": "-481.607", "EBITDA": "-", "Reconciled Depreciation": "5.634", "Net Income from Continuing Operation Net Minority Interest": "-514.916", "Total Unusual Items Excluding Goodwill": "-69.178", "Total Unusual Items": "-69.178", "Normalized EBITDA": "-406.795", "Tax Rate for Calcs": "0", "Tax Effect of Unusual Items": "0"}, "12/31/2018": {"Duration": "12/31/2018", "Total Revenue": "190.094", "Operating Expense": "870.094", "Operating Income": "-680", "Net Non Operating Interest Income Expense": "0.922", "Other Income Expense": "-", "Pretax Income": "-679.078", "Tax Provision": "0", "Net Income Common Stockholders": "-679.078", "Diluted NI Available to Com Stockholders": "-679.078", "Basic EPS": "-0.02", "Diluted EPS": "-0.02", "Basic Average Shares": "31,750", "Diluted Average Shares": "31,750", "Total Operating Income as Reported": "-680", "Total Expenses": "870.094", "Net Income from Continuing & Discontinued Operation": "-679.078", "Normalized Income": "-679.078", "Interest Income": "1.621", "Interest Expense": "0.699", "Net Interest Income": "0.922", "EBIT": "-678.379", "EBITDA": "-", "Reconciled Depreciation": "19.963", "Net Income from Continuing Operation Net Minority Interest": "-679.078", "Total Unusual Items Excluding Goodwill": "-", "Total Unusual Items": "-", "Normalized EBITDA": "-658.416", "Tax Rate for Calcs": "0", "Tax Effect of Unusual Items": "0"}}, "bs": {"12/31/2020": {"Duration": "12/31/2020", "Total Assets": "130.386", "Total Liabilities Net Minority Interest": "592.366", "Total Equity Gross Minority Interest": "-461.98", "Total Capitalization": "-237.593", "Common Stock Equity": "-461.98", "Net Tangible Assets": "-461.98", "Working Capital": "-237.593", "Invested Capital": "54.005", "Tangible Book Value": "-461.98", "Total Debt": "515.985", "Net Debt": "420.599", "Share Issued": "40,455", "Ordinary Shares Number": "27,878", "Treasury Shares Number": "12,577"}, "12/31/2019": {"Duration": "12/31/2019", "Total Assets": "37.493", "Total Liabilities Net Minority Interest": "407.385", "Total Equity Gross Minority Interest": "-369.892", "Total Capitalization": "-63.638", "Common Stock Equity": "-369.892", "Net Tangible Assets": "-369.892", "Working Capital": "-63.638", "Invested Capital": "-63.638", "Tangible Book Value": "-369.892", "Total Debt": "306.254", "Net Debt": "286.221", "Share Issued": "40,300", "Ordinary Shares Number": "31,750", "Treasury Shares Number": "8,550"}, "12/31/2018": {"Duration": "12/31/2018", "Total Assets": "104.16", "Total Liabilities Net Minority Interest": "39.136", "Total Equity Gross Minority Interest": "65.024", "Total Capitalization": "65.024", "Common Stock Equity": "65.024", "Net Tangible Assets": "-9.154", "Working Capital": "-9.788", "Invested Capital": "65.024", "Tangible Book Value": "-9.154", "Total Debt": "-", "Net Debt": "-", "Share Issued": "40,300", "Ordinary Shares Number": "31,750", "Treasury Shares Number": "8,550"}}, "cf": {"TTM": {"Duration": "TTM", "Operating Cash Flow": "-502.022", "Financing Cash Flow": "577.375", "End Cash Position": "95.386", "Income Tax Paid Supplemental Data": "0", "Interest Paid Supplemental Data": "62.438", "Issuance of Debt": "886", "Repayment of Debt": "-", "Repurchase of Capital Stock": "-300", "Free Cash Flow": "-502.022"}, "12/31/2020": {"Duration": "12/31/2020", "Operating Cash Flow": "-502.022", "Financing Cash Flow": "577.375", "End Cash Position": "95.386", "Income Tax Paid Supplemental Data": "0", "Interest Paid Supplemental Data": "62.438", "Issuance of Debt": "886", "Repayment of Debt": "-", "Repurchase of Capital Stock": "-300", "Free Cash Flow": "-502.022"}, "12/31/2019": {"Duration": "12/31/2019", "Operating Cash Flow": "-287.449", "Financing Cash Flow": "299", "End Cash Position": "20.033", "Income Tax Paid Supplemental Data": "-", "Interest Paid Supplemental Data": "25.871", "Issuance of Debt": "325", "Repayment of Debt": "0", "Repurchase of Capital Stock": "-", "Free Cash Flow": "-287.449"}, "12/31/2018": {"Duration": "12/31/2018", "Operating Cash Flow": "157.146", "Financing Cash Flow": "-150", "End Cash Position": "8.482", "Income Tax Paid Supplemental Data": "-", "Interest Paid Supplemental Data": "0.699", "Issuance of Debt": "-", "Repayment of Debt": "-150", "Repurchase of Capital Stock": "-", "Free Cash Flow": "157.146"}}}}, {"VVIT": {"quote": {"05/12/2021": {"value": "0.0100", "Market Cap": "352,518", "Beta (5Y Monthly)": "1.19", "PE Ratio (TTM)": "N/A", "EPS (TTM)": "-0.0160", "Earnings Date": "N/A", "Forward Dividend & Yield": "N/A (N/A)", "Ex-Dividend Date": "N/A", "1y Target Est": "N/A"}}, "fin": {}, "bs": {}, "cf": {}}}, {"ELLO": {"fin": {"TTM": {"Duration": "TTM", "Total Revenue": "9,645", "Cost of Revenue": "7,926", "Gross Profit": "1,719", "Operating Expense": "8,003", "Operating Income": "-6,284", "Net Non Operating Interest Income Expense": "-2,609", "Other Income Expense": "2,600", "Pretax Income": "-6,293", "Tax Provision": "-125", "Net Income Common Stockholders": "-4,627", "Diluted NI Available to Com Stockholders": "-4,627", "Basic EPS": "-", "Diluted EPS": "-", "Basic Average Shares": "-", "Diluted Average Shares": "-", "Total Operating Income as Reported": "-2,659", "Rent Expense Supplemental": "16", "Total Expenses": "15,929", "Net Income from Continuing & Discontinued Operation": "-4,627", "Normalized Income": "-3,622", "Interest Income": "2,134", "Interest Expense": "4,167", "Net Interest Income": "-2,609", "EBIT": "-2,126", "EBITDA": "849", "Reconciled Cost of Revenue": "7,926", "Reconciled Depreciation": "2,975", "Net Income from Continuing Operation Net Minority Interest": "-4,627", "Total Unusual Items Excluding Goodwill": "-1,025", "Total Unusual Items": "-1,025", "Normalized EBITDA": "1,874", "Tax Rate for Calcs": "0", "Tax Effect of Unusual Items": "-20.3599"}, "12/31/2020": {"Duration": "12/31/2020", "Total Revenue": "9,645", "Cost of Revenue": "7,926", "Gross Profit": "1,719", "Operating Expense": "8,003", "Operating Income": "-6,284", "Net Non Operating Interest Income Expense": "-2,609", "Other Income Expense": "2,600", "Pretax Income": "-6,293", "Tax Provision": "-125", "Net Income Common Stockholders": "-4,627", "Diluted NI Available to Com Stockholders": "-4,627", "Basic EPS": "-", "Diluted EPS": "-", "Basic Average Shares": "-", "Diluted Average Shares": "-", "Total Operating Income as Reported": "-2,659", "Rent Expense Supplemental": "16", "Total Expenses": "15,929", "Net Income from Continuing & Discontinued Operation": "-4,627", "Normalized Income": "-3,622", "Interest Income": "2,134", "Interest Expense": "4,167", "Net Interest Income": "-2,609", "EBIT": "-2,126", "EBITDA": "-", "Reconciled Cost of Revenue": "7,926", "Reconciled Depreciation": "2,975", "Net Income from Continuing Operation Net Minority Interest": "-4,627", "Total Unusual Items Excluding Goodwill": "-1,025", "Total Unusual Items": "-1,025", "Normalized EBITDA": "1,874", "Tax Rate for Calcs": "0", "Tax Effect of Unusual Items": "-20.3599"}, "12/31/2019": {"Duration": "12/31/2019", "Total Revenue": "18,988", "Cost of Revenue": "13,054", "Gross Profit": "5,934", "Operating Expense": "8,040", "Operating Income": "-2,106", "Net Non Operating Interest Income Expense": "-6,492", "Other Income Expense": "18,095", "Pretax Income": "9,497", "Tax Provision": "-287", "Net Income Common Stockholders": "12,060", "Diluted NI Available to Com Stockholders": "12,060", "Basic EPS": "1.09", "Diluted EPS": "1.09", "Basic Average Shares": "11,064", "Diluted Average Shares": "11,064", "Total Operating Income as Reported": "17,650", "Rent Expense Supplemental": "9", "Total Expenses": "21,094", "Net Income from Continuing & Discontinued Operation": "12,060", "Normalized Income": "-942.84", "Interest Income": "1,827", "Interest Expense": "7,632", "Net Interest Income": "-6,492", "EBIT": "17,129", "EBITDA": "-", "Reconciled Cost of Revenue": "13,054", "Reconciled Depreciation": "6,416", "Net Income from Continuing Operation Net Minority Interest": "12,060", "Total Unusual Items Excluding Goodwill": "17,109", "Total Unusual Items": "17,109", "Normalized EBITDA": "6,436", "Tax Rate for Calcs": "0", "Tax Effect of Unusual Items": "4,106"}, "12/31/2018": {"Duration": "12/31/2018", "Total Revenue": "18,117", "Cost of Revenue": "12,158", "Gross Profit": "5,959", "Operating Expense": "6,478", "Operating Income": "-519", "Net Non Operating Interest Income Expense": "-3,282", "Other Income Expense": "4,620", "Pretax Income": "819", "Tax Provision": "215", "Net Income Common Stockholders": "1,057", "Diluted NI Available to Com Stockholders": "1,057", "Basic EPS": "0.10", "Diluted EPS": "0.10", "Basic Average Shares": "10,570", "Diluted Average Shares": "10,570", "Total Operating Income as Reported": "2,910", "Rent Expense Supplemental": "390", "Total Expenses": "18,636", "Net Income from Continuing & Discontinued Operation": "1,057", "Normalized Income": "178.6557", "Interest Income": "2,239", "Interest Expense": "5,140", "Net Interest Income": "-3,282", "EBIT": "5,959", "EBITDA": "-", "Reconciled Cost of Revenue": "12,158", "Reconciled Depreciation": "5,816", "Net Income from Continuing Operation Net Minority Interest": "1,057", "Total Unusual Items Excluding Goodwill": "1,191", "Total Unusual Items": "1,191", "Normalized EBITDA": "10,584", "Tax Rate for Calcs": "0", "Tax Effect of Unusual Items": "312.6557"}}, "bs": {"12/31/2020": {"Duration": "12/31/2020", "Total Assets": "460,172", "Total Liabilities Net Minority Interest": "335,146", "Total Equity Gross Minority Interest": "125,026", "Total Capitalization": "380,268", "Common Stock Equity": "124,228", "Capital Lease Obligations": "17,789", "Net Tangible Assets": "119,624", "Working Capital": "42,883", "Invested Capital": "405,121", "Tangible Book Value": "119,624", "Total Debt": "298,682", "Net Debt": "214,048", "Share Issued": "12,910", "Ordinary Shares Number": "12,652", "Treasury Shares Number": "258.046"}, "12/31/2019": {"Duration": "12/31/2019", "Total Assets": "310,172", "Total Liabilities Net Minority Interest": "202,606", "Total Equity Gross Minority Interest": "107,566", "Total Capitalization": "240,622", "Common Stock Equity": "106,629", "Capital Lease Obligations": "15,627", "Net Tangible Assets": "101,587", "Working Capital": "45,436", "Invested Capital": "271,533", "Tangible Book Value": "101,587", "Total Debt": "180,531", "Net Debt": "120,395", "Share Issued": "11,737", "Ordinary Shares Number": "11,479", "Treasury Shares Number": "258.046"}, "12/31/2018": {"Duration": "12/31/2018", "Total Assets": "211,160", "Total Liabilities Net Minority Interest": "134,203", "Total Equity Gross Minority Interest": "76,957", "Total Capitalization": "181,328", "Common Stock Equity": "78,515", "Capital Lease Obligations": "0", "Net Tangible Assets": "73,633", "Working Capital": "39,013", "Invested Capital": "195,950", "Tangible Book Value": "73,633", "Total Debt": "117,435", "Net Debt": "80,553", "Share Issued": "10,934", "Ordinary Shares Number": "10,676", "Treasury Shares Number": "258.046"}}, "cf": {"TTM": {"Duration": "TTM", "Operating Cash Flow": "-5,826", "Investing Cash Flow": "-112,135", "Financing Cash Flow": "141,637", "End Cash Position": "66,845", "Capital Expenditure": "-128,420", "Issuance of Capital Stock": "21,275", "Issuance of Debt": "149,414", "Repayment of Debt": "-30,882", "Repurchase of Capital Stock": "-", "Free Cash Flow": "-134,246"}, "12/31/2020": {"Duration": "12/31/2020", "Operating Cash Flow": "-5,826", "Investing Cash Flow": "-112,135", "Financing Cash Flow": "141,637", "End Cash Position": "66,845", "Capital Expenditure": "-128,420", "Issuance of Capital Stock": "21,275", "Issuance of Debt": "149,414", "Repayment of Debt": "-30,882", "Repurchase of Capital Stock": "-", "Free Cash Flow": "-134,246"}, "12/31/2019": {"Duration": "12/31/2019", "Operating Cash Flow": "3,712", "Investing Cash Flow": "-68,862", "Financing Cash Flow": "72,518", "End Cash Position": "44,509", "Capital Expenditure": "-74,587", "Issuance of Capital Stock": "7,807", "Issuance of Debt": "81,615", "Repayment of Debt": "-15,680", "Repurchase of Capital Stock": "-", "Free Cash Flow": "-70,875"}, "12/31/2018": {"Duration": "12/31/2018", "Operating Cash Flow": "6,590", "Investing Cash Flow": "-5,795", "Financing Cash Flow": "12,258", "End Cash Position": "36,882", "Capital Expenditure": "-3,708", "Issuance of Capital Stock": "-", "Issuance of Debt": "34,745", "Repayment of Debt": "-22,487", "Repurchase of Capital Stock": "0", "Free Cash Flow": "2,882"}}, "quote": {"05/12/2021": {"value": "29.30", "Market Cap": "376.194M", "Beta (5Y Monthly)": "1.24", "PE Ratio (TTM)": "N/A", "EPS (TTM)": "-0.46", "Earnings Date": "Jun 21, 2021 - Jun 25, 2021", "Forward Dividend & Yield": "N/A (N/A)", "Ex-Dividend Date": "Apr 04, 2016", "1y Target Est": "N/A"}}}}, {"SSOL": {"fin": {}, "bs": {}, "cf": {}}}]