[{"ATO": {"quote": {"05/08/2021": {"value": "103.00", "Market Cap": "13.459B", "Beta (5Y Monthly)": "0.39", "PE Ratio (TTM)": "18.60", "EPS (TTM)": "5.54", "Earnings Date": "Aug 03, 2021 - Aug 09, 2021", "Forward Dividend & Yield": "2.50 (2.43%)", "Ex-Dividend Date": "May 21, 2021", "1y Target Est": "105.22"}}, "fin": {"TTM": {"Duration": "TTM", "Total Revenue": "3,201,462", "Cost of Revenue": "1,530,722", "Gross Profit": "1,670,740", "Operating Expense": "750,216", "Operating Income": "920,524", "Net Non Operating Interest Income Expense": "-80,248", "Other Income Expense": "11,247", "Pretax Income": "851,523", "Tax Provision": "153,967", "Net Income Common Stockholders": "697,076", "Average Dilution Earnings": "-", "Diluted NI Available to Com Stockholders": "697,076", "Basic EPS": "-", "Diluted EPS": "-", "Basic Average Shares": "-", "Diluted Average Shares": "-", "Total Operating Income as Reported": "920,524", "Total Expenses": "2,280,938", "Interest Income": "-", "Interest Expense": "83,180", "Net Interest Income": "-80,248", "Net Income from Continuing & Discontinued Operation": "697,556", "Normalized Income": "687,918", "EBIT": "934,703", "EBITDA": "1,387,474", "Reconciled Cost of Revenue": "1,530,722", "Reconciled Depreciation": "452,771", "Net Income from Continuing Operation Net Minority Interest": "697,556", "Total Unusual Items Excluding Goodwill": "11,765", "Total Unusual Items": "11,765", "Normalized EBITDA": "1,375,709", "Tax Rate for Calcs": "0", "Tax Effect of Unusual Items": "2,127"}, "9/30/2020": {"Duration": "9/30/2020", "Total Revenue": "2,821,137", "Cost of Revenue": "1,288,455", "Gross Profit": "1,532,682", "Operating Expense": "708,583", "Operating Income": "824,099", "Net Non Operating Interest Income Expense": "-81,542", "Other Income Expense": "4,239", "Pretax Income": "746,796", "Tax Provision": "145,353", "Net Income Common Stockholders": "600,999", "Average Dilution Earnings": "-", "Diluted NI Available to Com Stockholders": "600,999", "Basic EPS": "4.89", "Diluted EPS": "4.89", "Basic Average Shares": "122,788", "Diluted Average Shares": "122,872", "Total Operating Income as Reported": "824,099", "Total Expenses": "1,997,038", "Interest Income": "2,932", "Interest Expense": "84,474", "Net Interest Income": "-81,542", "Net Income from Continuing & Discontinued Operation": "601,443", "Normalized Income": "591,968", "EBIT": "831,270", "EBITDA": "-", "Reconciled Cost of Revenue": "1,288,455", "Reconciled Depreciation": "429,828", "Net Income from Continuing Operation Net Minority Interest": "601,443", "Total Unusual Items Excluding Goodwill": "11,765", "Total Unusual Items": "11,765", "Normalized EBITDA": "1,249,333", "Tax Rate for Calcs": "0", "Tax Effect of Unusual Items": "2,290"}, "9/30/2019": {"Duration": "9/30/2019", "Total Revenue": "2,901,848", "Cost of Revenue": "858,837", "Gross Profit": "2,043,011", "Operating Expense": "1,296,953", "Operating Income": "746,058", "Net Non Operating Interest Income Expense": "-98,993", "Other Income Expense": "3,244", "Pretax Income": "650,309", "Tax Provision": "138,903", "Net Income Common Stockholders": "510,990", "Average Dilution Earnings": "-", "Diluted NI Available to Com Stockholders": "510,990", "Basic EPS": "4.36", "Diluted EPS": "4.35", "Basic Average Shares": "117,200", "Diluted Average Shares": "117,461", "Total Operating Income as Reported": "746,058", "Total Expenses": "2,155,790", "Interest Income": "4,160", "Interest Expense": "103,153", "Net Interest Income": "-98,993", "Net Income from Continuing & Discontinued Operation": "511,406", "Normalized Income": "507,439", "EBIT": "753,462", "EBITDA": "-", "Reconciled Cost of Revenue": "858,837", "Reconciled Depreciation": "391,456", "Net Income from Continuing Operation Net Minority Interest": "511,406", "Total Unusual Items Excluding Goodwill": "5,045", "Total Unusual Items": "5,045", "Normalized EBITDA": "1,139,873", "Tax Rate for Calcs": "0", "Tax Effect of Unusual Items": "1,078"}, "9/30/2018": {"Duration": "9/30/2018", "Total Revenue": "3,115,546", "Cost of Revenue": "1,167,848", "Gross Profit": "1,947,698", "Operating Expense": "1,224,564", "Operating Income": "723,134", "Net Non Operating Interest Income Expense": "-106,646", "Other Income Expense": "-5,344", "Pretax Income": "611,144", "Tax Provision": "8,080", "Net Income Common Stockholders": "602,484", "Average Dilution Earnings": "0", "Diluted NI Available to Com Stockholders": "602,484", "Basic EPS": "5.43", "Diluted EPS": "5.43", "Basic Average Shares": "111,012", "Diluted Average Shares": "111,012", "Total Operating Income as Reported": "723,134", "Total Expenses": "2,392,412", "Interest Income": "-", "Interest Expense": "106,646", "Net Interest Income": "-106,646", "Net Income from Continuing & Discontinued Operation": "603,064", "Normalized Income": "603,064", "EBIT": "717,790", "EBITDA": "-", "Reconciled Cost of Revenue": "1,167,848", "Reconciled Depreciation": "361,083", "Net Income from Continuing Operation Net Minority Interest": "603,064", "Total Unusual Items Excluding Goodwill": "-", "Total Unusual Items": "-", "Normalized EBITDA": "1,078,873", "Tax Rate for Calcs": "0", "Tax Effect of Unusual Items": "0"}}, "bs": {"9/30/2020": {"Duration": "9/30/2020", "Total Assets": "15,359,032", "Total Liabilities Net Minority Interest": "8,567,829", "Total Equity Gross Minority Interest": "6,791,203", "Total Capitalization": "11,314,516", "Common Stock Equity": "6,791,203", "Capital Lease Obligations": "245,418", "Net Tangible Assets": "6,059,946", "Working Capital": "-311,143", "Invested Capital": "11,314,516", "Tangible Book Value": "6,059,946", "Total Debt": "4,768,731", "Net Debt": "4,502,505", "Share Issued": "125,882", "Ordinary Shares Number": "125,882"}, "9/30/2019": {"Duration": "9/30/2019", "Total Assets": "13,367,619", "Total Liabilities Net Minority Interest": "7,617,396", "Total Equity Gross Minority Interest": "5,750,223", "Total Capitalization": "9,279,675", "Common Stock Equity": "5,750,223", "Capital Lease Obligations": "-", "Net Tangible Assets": "5,019,517", "Working Capital": "-751,409", "Invested Capital": "9,744,590", "Tangible Book Value": "5,019,517", "Total Debt": "3,994,367", "Net Debt": "3,969,817", "Share Issued": "119,339", "Ordinary Shares Number": "119,339"}, "9/30/2018": {"Duration": "9/30/2018", "Total Assets": "11,874,437", "Total Liabilities Net Minority Interest": "7,104,486", "Total Equity Gross Minority Interest": "4,769,951", "Total Capitalization": "7,263,616", "Common Stock Equity": "4,769,951", "Capital Lease Obligations": "-", "Net Tangible Assets": "4,039,532", "Working Capital": "-1,436,278", "Invested Capital": "8,414,396", "Tangible Book Value": "4,039,532", "Total Debt": "3,644,445", "Net Debt": "3,630,674", "Share Issued": "111,274", "Ordinary Shares Number": "111,274"}}, "cf": {"TTM": {"Duration": "TTM", "Operating Cash Flow": "-998,022", "Investing Cash Flow": "-1,780,344", "Financing Cash Flow": "3,323,578", "End Cash Position": "865,311", "Income Tax Paid Supplemental Data": "-", "Interest Paid Supplemental Data": "-", "Capital Expenditure": "-1,786,667", "Issuance of Capital Stock": "826,933", "Issuance of Debt": "2,997,346", "Repayment of Debt": "264,992", "Free Cash Flow": "-2,784,689"}, "9/30/2020": {"Duration": "9/30/2020", "Operating Cash Flow": "1,037,999", "Investing Cash Flow": "-1,925,518", "Financing Cash Flow": "883,777", "End Cash Position": "20,808", "Income Tax Paid Supplemental Data": "-", "Interest Paid Supplemental Data": "-", "Capital Expenditure": "-1,935,676", "Issuance of Capital Stock": "624,302", "Issuance of Debt": "999,450", "Repayment of Debt": "0", "Free Cash Flow": "-897,677"}, "9/30/2019": {"Duration": "9/30/2019", "Operating Cash Flow": "968,769", "Investing Cash Flow": "-1,683,660", "Financing Cash Flow": "725,670", "End Cash Position": "24,550", "Income Tax Paid Supplemental Data": "11,467", "Interest Paid Supplemental Data": "184,852", "Capital Expenditure": "-1,693,477", "Issuance of Capital Stock": "694,103", "Issuance of Debt": "1,045,221", "Repayment of Debt": "-575,000", "Free Cash Flow": "-724,708"}, "9/30/2018": {"Duration": "9/30/2018", "Operating Cash Flow": "1,124,662", "Investing Cash Flow": "-1,463,566", "Financing Cash Flow": "326,266", "End Cash Position": "13,771", "Income Tax Paid Supplemental Data": "6,102", "Interest Paid Supplemental Data": "169,987", "Capital Expenditure": "-1,467,591", "Issuance of Capital Stock": "395,092", "Issuance of Debt": "128,035", "Repayment of Debt": "0", "Free Cash Flow": "-342,929"}}}}, {"CNP": {"quote": {"05/08/2021": {"value": "24.49", "Market Cap": "13.508B", "Beta (5Y Monthly)": "0.98", "PE Ratio (TTM)": "22.55", "EPS (TTM)": "1.09", "Earnings Date": "Aug 04, 2021 - Aug 09, 2021", "Forward Dividend & Yield": "0.64 (2.61%)", "Ex-Dividend Date": "May 19, 2021", "1y Target Est": "26.38"}}, "fin": {"TTM": {"Duration": "TTM", "Total Revenue": "7,418,000", "Cost of Revenue": "4,489,000", "Gross Profit": "2,929,000", "Operating Expense": "1,705,000", "Operating Income": "1,224,000", "Net Non Operating Interest Income Expense": "-525,000", "Other Income Expense": "-1,564,000", "Pretax Income": "-865,000", "Tax Provision": "-274,000", "Net Income Common Stockholders": "-949,000", "Average Dilution Earnings": "-", "Diluted NI Available to Com Stockholders": "-949,000", "Basic EPS": "-", "Diluted EPS": "-", "Basic Average Shares": "-", "Diluted Average Shares": "-", "Total Operating Income as Reported": "1,039,000", "Total Expenses": "6,194,000", "Interest Income": "4,000", "Interest Expense": "529,000", "Net Interest Income": "-525,000", "Net Income from Continuing & Discontinued Operation": "-773,000", "Normalized Income": "-457,720", "EBIT": "-336,000", "EBITDA": "855,000", "Reconciled Cost of Revenue": "4,487,000", "Reconciled Depreciation": "1,191,000", "Net Income from Continuing Operation Net Minority Interest": "-591,000", "Total Unusual Items Excluding Goodwill": "-196,000", "Total Unusual Items": "-196,000", "Normalized EBITDA": "1,051,000", "Tax Rate for Calcs": "0", "Tax Effect of Unusual Items": "-62,720"}, "12/31/2020": {"Duration": "12/31/2020", "Total Revenue": "7,418,000", "Cost of Revenue": "4,489,000", "Gross Profit": "2,929,000", "Operating Expense": "1,705,000", "Operating Income": "1,224,000", "Net Non Operating Interest Income Expense": "-525,000", "Other Income Expense": "-1,564,000", "Pretax Income": "-865,000", "Tax Provision": "-274,000", "Net Income Common Stockholders": "-949,000", "Average Dilution Earnings": "-", "Diluted NI Available to Com Stockholders": "-949,000", "Basic EPS": "-", "Diluted EPS": "-", "Basic Average Shares": "-", "Diluted Average Shares": "-", "Total Operating Income as Reported": "1,039,000", "Total Expenses": "6,194,000", "Interest Income": "4,000", "Interest Expense": "529,000", "Net Interest Income": "-525,000", "Net Income from Continuing & Discontinued Operation": "-773,000", "Normalized Income": "-457,720", "EBIT": "-336,000", "EBITDA": "-", "Reconciled Cost of Revenue": "4,487,000", "Reconciled Depreciation": "1,191,000", "Net Income from Continuing Operation Net Minority Interest": "-591,000", "Total Unusual Items Excluding Goodwill": "-196,000", "Total Unusual Items": "-196,000", "Normalized EBITDA": "1,051,000", "Tax Rate for Calcs": "0", "Tax Effect of Unusual Items": "-62,720"}, "12/31/2019": {"Duration": "12/31/2019", "Total Revenue": "12,301,000", "Cost of Revenue": "9,262,000", "Gross Profit": "3,039,000", "Operating Expense": "1,765,000", "Operating Income": "1,274,000", "Net Non Operating Interest Income Expense": "-567,000", "Other Income Expense": "222,000", "Pretax Income": "929,000", "Tax Provision": "138,000", "Net Income Common Stockholders": "674,000", "Average Dilution Earnings": "-", "Diluted NI Available to Com Stockholders": "674,000", "Basic EPS": "1.34", "Diluted EPS": "1.33", "Basic Average Shares": "502,000", "Diluted Average Shares": "505,000", "Total Operating Income as Reported": "1,226,000", "Total Expenses": "11,027,000", "Interest Income": "22,000", "Interest Expense": "567,000", "Net Interest Income": "-567,000", "Net Income from Continuing & Discontinued Operation": "791,000", "Normalized Income": "840,300", "EBIT": "1,496,000", "EBITDA": "-", "Reconciled Cost of Revenue": "9,238,000", "Reconciled Depreciation": "1,311,000", "Net Income from Continuing Operation Net Minority Interest": "791,000", "Total Unusual Items Excluding Goodwill": "-58,000", "Total Unusual Items": "-58,000", "Normalized EBITDA": "2,865,000", "Tax Rate for Calcs": "0", "Tax Effect of Unusual Items": "-8,700"}, "12/31/2018": {"Duration": "12/31/2018", "Total Revenue": "10,589,000", "Cost of Revenue": "8,109,000", "Gross Profit": "2,480,000", "Operating Expense": "1,649,000", "Operating Income": "831,000", "Net Non Operating Interest Income Expense": "-420,000", "Other Income Expense": "103,000", "Pretax Income": "514,000", "Tax Provision": "146,000", "Net Income Common Stockholders": "333,000", "Average Dilution Earnings": "0", "Diluted NI Available to Com Stockholders": "333,000", "Basic EPS": "0.74", "Diluted EPS": "0.74", "Basic Average Shares": "448,829", "Diluted Average Shares": "452,465", "Total Operating Income as Reported": "831,000", "Total Expenses": "9,758,000", "Interest Income": "-", "Interest Expense": "420,000", "Net Interest Income": "-420,000", "Net Income from Continuing & Discontinued Operation": "368,000", "Normalized Income": "550,880", "EBIT": "934,000", "EBITDA": "-", "Reconciled Cost of Revenue": "8,109,000", "Reconciled Depreciation": "1,243,000", "Net Income from Continuing Operation Net Minority Interest": "368,000", "Total Unusual Items Excluding Goodwill": "-254,000", "Total Unusual Items": "-254,000", "Normalized EBITDA": "2,431,000", "Tax Rate for Calcs": "0", "Tax Effect of Unusual Items": "-71,120"}}, "bs": {"12/31/2020": {"Duration": "12/31/2020", "Total Assets": "33,471,000", "Total Liabilities Net Minority Interest": "25,123,000", "Total Equity Gross Minority Interest": "8,348,000", "Total Capitalization": "19,869,000", "Preferred Stock Equity": "2,363,000", "Common Stock Equity": "5,985,000", "Net Tangible Assets": "3,651,000", "Working Capital": "-1,905,000", "Invested Capital": "19,425,000", "Tangible Book Value": "1,288,000", "Total Debt": "13,440,000", "Net Debt": "13,293,000", "Share Issued": "551,356", "Ordinary Shares Number": "551,356", "Preferred Shares Number": "19,550"}, "12/31/2019": {"Duration": "12/31/2019", "Total Assets": "35,439,000", "Total Liabilities Net Minority Interest": "27,080,000", "Total Equity Gross Minority Interest": "8,359,000", "Total Capitalization": "22,603,000", "Preferred Stock Equity": "1,740,000", "Common Stock Equity": "6,619,000", "Net Tangible Assets": "2,874,000", "Working Capital": "-41,000", "Invested Capital": "21,731,000", "Tangible Book Value": "1,134,000", "Total Debt": "15,112,000", "Net Debt": "14,871,000", "Share Issued": "502,242", "Ordinary Shares Number": "502,242", "Preferred Shares Number": "19,550"}, "12/31/2018": {"Duration": "12/31/2018", "Total Assets": "27,009,000", "Total Liabilities Net Minority Interest": "18,951,000", "Total Equity Gross Minority Interest": "8,058,000", "Total Capitalization": "16,740,000", "Preferred Stock Equity": "1,740,000", "Common Stock Equity": "6,318,000", "Net Tangible Assets": "7,126,000", "Working Capital": "3,723,000", "Invested Capital": "15,482,000", "Tangible Book Value": "5,386,000", "Total Debt": "9,164,000", "Net Debt": "4,933,000", "Share Issued": "501,198", "Ordinary Shares Number": "501,198", "Preferred Shares Number": "19,550"}}, "cf": {"TTM": {"Duration": "TTM", "Operating Cash Flow": "1,995,000", "Investing Cash Flow": "-1,265,000", "Financing Cash Flow": "-834,000", "End Cash Position": "167,000", "Income Tax Paid Supplemental Data": "-", "Interest Paid Supplemental Data": "-", "Capital Expenditure": "-2,596,000", "Issuance of Capital Stock": "1,395,000", "Issuance of Debt": "1,849,000", "Repayment of Debt": "-3,535,000", "Repurchase of Capital Stock": "-", "Free Cash Flow": "-601,000"}, "12/31/2020": {"Duration": "12/31/2020", "Operating Cash Flow": "1,995,000", "Investing Cash Flow": "-1,265,000", "Financing Cash Flow": "-834,000", "End Cash Position": "167,000", "Income Tax Paid Supplemental Data": "-", "Interest Paid Supplemental Data": "-", "Capital Expenditure": "-2,596,000", "Issuance of Capital Stock": "1,395,000", "Issuance of Debt": "1,849,000", "Repayment of Debt": "-3,535,000", "Repurchase of Capital Stock": "-", "Free Cash Flow": "-601,000"}, "12/31/2019": {"Duration": "12/31/2019", "Operating Cash Flow": "1,638,000", "Investing Cash Flow": "-8,421,000", "Financing Cash Flow": "2,776,000", "End Cash Position": "271,000", "Income Tax Paid Supplemental Data": "-", "Interest Paid Supplemental Data": "-", "Capital Expenditure": "-2,506,000", "Issuance of Capital Stock": "-", "Issuance of Debt": "4,807,000", "Repayment of Debt": "-1,302,000", "Repurchase of Capital Stock": "-", "Free Cash Flow": "-868,000"}, "12/31/2018": {"Duration": "12/31/2018", "Operating Cash Flow": "2,136,000", "Investing Cash Flow": "-1,207,000", "Financing Cash Flow": "3,053,000", "End Cash Position": "4,278,000", "Income Tax Paid Supplemental Data": "-", "Interest Paid Supplemental Data": "-", "Capital Expenditure": "-1,651,000", "Issuance of Capital Stock": "3,584,000", "Issuance of Debt": "2,495,000", "Repayment of Debt": "-2,027,000", "Repurchase of Capital Stock": "-11,000", "Free Cash Flow": "485,000"}}}}, {"TGS": {"quote": {"05/08/2021": {"value": "4.5200", "Market Cap": "680.495M", "Beta (5Y Monthly)": "1.24", "PE Ratio (TTM)": "19.65", "EPS (TTM)": "0.2300", "Earnings Date": "N/A", "Forward Dividend & Yield": "N/A (N/A)", "Ex-Dividend Date": "Apr 18, 2019", "1y Target Est": "7.00"}}, "fin": {"TTM": {"Duration": "TTM", "Total Revenue": "55,871,438", "Cost of Revenue": "27,565,705", "Gross Profit": "28,305,733", "Operating Expense": "4,526,973", "Operating Income": "23,778,760", "Net Non Operating Interest Income Expense": "3,687,929", "Other Income Expense": "-19,776,067", "Pretax Income": "7,690,622", "Tax Provision": "4,404,423", "Net Income Common Stockholders": "3,286,190", "Diluted NI Available to Com Stockholders": "3,286,190", "Basic EPS": "-", "Diluted EPS": "-", "Basic Average Shares": "-", "Diluted Average Shares": "-", "Total Operating Income as Reported": "20,640,970", "Rent Expense Supplemental": "9,157", "Total Expenses": "32,092,678", "Net Income from Continuing & Discontinued Operation": "3,286,190", "Normalized Income": "17,144,354", "Interest Income": "546,600", "Interest Expense": "3,358,279", "Net Interest Income": "3,687,929", "EBIT": "11,048,901", "EBITDA": "17,210,134", "Reconciled Cost of Revenue": "21,745,036", "Reconciled Depreciation": "6,161,233", "Net Income from Continuing Operation Net Minority Interest": "3,286,190", "Total Unusual Items Excluding Goodwill": "-19,797,377", "Total Unusual Items": "-19,797,377", "Normalized EBITDA": "37,007,511", "Tax Rate for Calcs": "0", "Tax Effect of Unusual Items": "-5,939,213"}, "12/31/2020": {"Duration": "12/31/2020", "Total Revenue": "55,871,438", "Cost of Revenue": "27,565,705", "Gross Profit": "28,305,733", "Operating Expense": "4,526,973", "Operating Income": "23,778,760", "Net Non Operating Interest Income Expense": "3,687,929", "Other Income Expense": "-19,776,067", "Pretax Income": "7,690,622", "Tax Provision": "4,404,423", "Net Income Common Stockholders": "3,286,190", "Diluted NI Available to Com Stockholders": "3,286,190", "Basic EPS": "21.55", "Diluted EPS": "21.55", "Basic Average Shares": "152,474", "Diluted Average Shares": "152,474", "Total Operating Income as Reported": "20,640,970", "Rent Expense Supplemental": "9,157", "Total Expenses": "32,092,678", "Net Income from Continuing & Discontinued Operation": "3,286,190", "Normalized Income": "17,144,354", "Interest Income": "546,600", "Interest Expense": "3,358,279", "Net Interest Income": "3,687,929", "EBIT": "11,048,901", "EBITDA": "-", "Reconciled Cost of Revenue": "21,745,036", "Reconciled Depreciation": "6,161,233", "Net Income from Continuing Operation Net Minority Interest": "3,286,190", "Total Unusual Items Excluding Goodwill": "-19,797,377", "Total Unusual Items": "-19,797,377", "Normalized EBITDA": "37,007,511", "Tax Rate for Calcs": "0", "Tax Effect of Unusual Items": "-5,939,213"}, "12/31/2019": {"Duration": "12/31/2019", "Total Revenue": "48,561,494", "Cost of Revenue": "24,375,503", "Gross Profit": "24,185,991", "Operating Expense": "4,408,075", "Operating Income": "19,777,916", "Net Non Operating Interest Income Expense": "4,381,144", "Other Income Expense": "-7,329,731", "Pretax Income": "16,829,329", "Tax Provision": "4,024,211", "Net Income Common Stockholders": "12,805,105", "Diluted NI Available to Com Stockholders": "12,805,105", "Basic EPS": "82.50", "Diluted EPS": "82.50", "Basic Average Shares": "155,224", "Diluted Average Shares": "155,224", "Total Operating Income as Reported": "19,758,608", "Rent Expense Supplemental": "8,888", "Total Expenses": "28,783,578", "Net Income from Continuing & Discontinued Operation": "12,805,105", "Normalized Income": "18,357,918", "Interest Income": "719,559", "Interest Expense": "2,063,620", "Net Interest Income": "4,381,144", "EBIT": "18,892,949", "EBITDA": "-", "Reconciled Cost of Revenue": "20,835,446", "Reconciled Depreciation": "3,695,615", "Net Income from Continuing Operation Net Minority Interest": "12,805,105", "Total Unusual Items Excluding Goodwill": "-7,297,873", "Total Unusual Items": "-7,297,873", "Normalized EBITDA": "29,886,437", "Tax Rate for Calcs": "0", "Tax Effect of Unusual Items": "-1,745,060"}, "12/31/2018": {"Duration": "12/31/2018", "Total Revenue": "34,062,670", "Cost of Revenue": "16,188,310", "Gross Profit": "17,874,360", "Operating Expense": "3,482,659", "Operating Income": "14,391,701", "Net Non Operating Interest Income Expense": "632,512", "Other Income Expense": "-3,595,206", "Pretax Income": "11,429,007", "Tax Provision": "13,171", "Net Income Common Stockholders": "11,415,832", "Diluted NI Available to Com Stockholders": "11,415,832", "Basic EPS": "69.72", "Diluted EPS": "69.72", "Basic Average Shares": "163,750", "Diluted Average Shares": "163,750", "Total Operating Income as Reported": "14,257,059", "Rent Expense Supplemental": "-", "Total Expenses": "19,670,969", "Net Income from Continuing & Discontinued Operation": "11,415,832", "Normalized Income": "15,025,081", "Interest Income": "1,345,278", "Interest Expense": "1,675,437", "Net Interest Income": "632,512", "EBIT": "13,104,444", "EBITDA": "-", "Reconciled Cost of Revenue": "16,188,310", "Reconciled Depreciation": "2,223,083", "Net Income from Continuing Operation Net Minority Interest": "11,415,832", "Total Unusual Items Excluding Goodwill": "-3,613,413", "Total Unusual Items": "-3,613,413", "Normalized EBITDA": "18,940,940", "Tax Rate for Calcs": "0", "Tax Effect of Unusual Items": "-4,164"}}, "bs": {"12/31/2020": {"Duration": "12/31/2020", "Total Assets": "128,594,366", "Total Liabilities Net Minority Interest": "62,567,722", "Total Equity Gross Minority Interest": "66,026,644", "Total Capitalization": "106,546,658", "Common Stock Equity": "66,026,613", "Capital Lease Obligations": "2,892,682", "Net Tangible Assets": "66,026,613", "Working Capital": "7,689,632", "Invested Capital": "107,003,355", "Tangible Book Value": "66,026,613", "Total Debt": "43,869,424", "Net Debt": "36,323,336", "Share Issued": "794,495", "Ordinary Shares Number": "752,761", "Treasury Shares Number": "41,734"}, "12/31/2019": {"Duration": "12/31/2019", "Total Assets": "95,601,325", "Total Liabilities Net Minority Interest": "47,517,856", "Total Equity Gross Minority Interest": "48,083,469", "Total Capitalization": "77,930,601", "Common Stock Equity": "48,083,441", "Capital Lease Obligations": "2,377,438", "Net Tangible Assets": "48,083,441", "Working Capital": "12,987,731", "Invested Capital": "79,288,807", "Tangible Book Value": "48,083,441", "Total Debt": "33,582,804", "Net Debt": "21,440,165", "Share Issued": "794,495", "Ordinary Shares Number": "784,609", "Treasury Shares Number": "9,887"}, "12/31/2018": {"Duration": "12/31/2018", "Total Assets": "61,943,027", "Total Liabilities Net Minority Interest": "30,997,722", "Total Equity Gross Minority Interest": "30,945,305", "Total Capitalization": "49,659,824", "Common Stock Equity": "30,945,295", "Capital Lease Obligations": "1,655,409", "Net Tangible Assets": "30,945,295", "Working Capital": "16,016,955", "Invested Capital": "49,886,938", "Tangible Book Value": "30,945,295", "Total Debt": "20,597,052", "Net Debt": "2,296,816", "Share Issued": "825,073", "Ordinary Shares Number": "810,949", "Treasury Shares Number": "14,124"}}, "cf": {"TTM": {"Duration": "TTM", "Operating Cash Flow": "28,513,907", "Investing Cash Flow": "-30,087,887", "Financing Cash Flow": "-5,074,595", "Other Cash Adjustment Inside Change in Cash": "-", "End Cash Position": "4,653,405", "Capital Expenditure": "-7,769,600", "Issuance of Debt": "-", "Repayment of Debt": "-1,354,111", "Repurchase of Capital Stock": "-", "Free Cash Flow": "20,744,307"}, "12/31/2020": {"Duration": "12/31/2020", "Operating Cash Flow": "28,513,907", "Investing Cash Flow": "-30,087,887", "Financing Cash Flow": "-5,074,595", "Other Cash Adjustment Inside Change in Cash": "-", "End Cash Position": "4,653,405", "Capital Expenditure": "-7,769,600", "Issuance of Debt": "-", "Repayment of Debt": "-1,354,111", "Repurchase of Capital Stock": "-", "Free Cash Flow": "20,744,307"}, "12/31/2019": {"Duration": "12/31/2019", "Operating Cash Flow": "13,498,964", "Investing Cash Flow": "-16,643,899", "Financing Cash Flow": "-11,318,522", "Other Cash Adjustment Inside Change in Cash": "-", "End Cash Position": "9,765,201", "Capital Expenditure": "-15,932,000", "Issuance of Debt": "1,051,809", "Repayment of Debt": "-18,751", "Repurchase of Capital Stock": "-2,590,658", "Free Cash Flow": "-2,433,036"}, "12/31/2018": {"Duration": "12/31/2018", "Operating Cash Flow": "12,796,610", "Investing Cash Flow": "-4,731,258", "Financing Cash Flow": "2,049,103", "Other Cash Adjustment Inside Change in Cash": "-4,074,043", "End Cash Position": "16,644,827", "Capital Expenditure": "-8,123,664", "Issuance of Debt": "13,821,521", "Repayment of Debt": "-6,022,304", "Repurchase of Capital Stock": "-1,420,926", "Free Cash Flow": "4,672,946"}}}}, {"OGS": {"quote": {"05/08/2021": {"value": "78.39", "Market Cap": "4.174B", "Beta (5Y Monthly)": "0.41", "PE Ratio (TTM)": "20.88", "EPS (TTM)": "3.75", "Earnings Date": "Aug 02, 2021", "Forward Dividend & Yield": "2.32 (2.96%)", "Ex-Dividend Date": "May 14, 2021", "1y Target Est": "81.00"}}, "fin": {"TTM": {"Duration": "TTM", "Total Revenue": "1,627,393", "Cost of Revenue": "1,062,537", "Gross Profit": "564,856", "Operating Expense": "264,199", "Operating Income": "300,657", "Net Non Operating Interest Income Expense": "-62,252", "Other Income Expense": "2,362", "Pretax Income": "240,768", "Tax Provision": "40,458", "Net Income Common Stockholders": "200,310", "Diluted NI Available to Com Stockholders": "200,310", "Basic EPS": "-", "Diluted EPS": "-", "Basic Average Shares": "-", "Diluted Average Shares": "-", "Total Operating Income as Reported": "300,657", "Total Expenses": "1,326,736", "Interest Expense": "62,252", "Net Interest Income": "-62,252", "Net Income from Continuing & Discontinued Operation": "200,310", "Normalized Income": "200,310", "EBIT": "303,020", "EBITDA": "502,654", "Reconciled Cost of Revenue": "1,062,537", "Reconciled Depreciation": "199,634", "Net Income from Continuing Operation Net Minority Interest": "200,310", "Normalized EBITDA": "502,654", "Tax Rate for Calcs": "0", "Tax Effect of Unusual Items": "0"}, "12/31/2020": {"Duration": "12/31/2020", "Total Revenue": "1,530,268", "Cost of Revenue": "968,560", "Gross Profit": "561,708", "Operating Expense": "258,192", "Operating Income": "303,516", "Net Non Operating Interest Income Expense": "-62,505", "Other Income Expense": "-3,020", "Pretax Income": "237,991", "Tax Provision": "41,579", "Net Income Common Stockholders": "196,412", "Diluted NI Available to Com Stockholders": "196,412", "Basic EPS": "-", "Diluted EPS": "-", "Basic Average Shares": "-", "Diluted Average Shares": "-", "Total Operating Income as Reported": "303,516", "Total Expenses": "1,226,752", "Interest Expense": "62,505", "Net Interest Income": "-62,505", "Net Income from Continuing & Discontinued Operation": "196,412", "Normalized Income": "196,412", "EBIT": "300,496", "EBITDA": "-", "Reconciled Cost of Revenue": "968,560", "Reconciled Depreciation": "194,881", "Net Income from Continuing Operation Net Minority Interest": "196,412", "Normalized EBITDA": "495,377", "Tax Rate for Calcs": "0", "Tax Effect of Unusual Items": "0"}, "12/31/2019": {"Duration": "12/31/2019", "Total Revenue": "1,652,700", "Cost of Revenue": "1,117,100", "Gross Profit": "535,600", "Operating Expense": "240,372", "Operating Income": "295,228", "Net Non Operating Interest Income Expense": "-62,681", "Other Income Expense": "-2,976", "Pretax Income": "229,601", "Tax Provision": "42,852", "Net Income Common Stockholders": "186,749", "Diluted NI Available to Com Stockholders": "186,749", "Basic EPS": "3.53", "Diluted EPS": "3.51", "Basic Average Shares": "52,895", "Diluted Average Shares": "53,240", "Total Operating Income as Reported": "295,258", "Total Expenses": "1,357,472", "Interest Expense": "62,681", "Net Interest Income": "-62,681", "Net Income from Continuing & Discontinued Operation": "186,749", "Normalized Income": "186,749", "EBIT": "292,282", "EBITDA": "-", "Reconciled Cost of Revenue": "1,117,100", "Reconciled Depreciation": "180,395", "Net Income from Continuing Operation Net Minority Interest": "186,749", "Normalized EBITDA": "472,677", "Tax Rate for Calcs": "0", "Tax Effect of Unusual Items": "0"}, "12/31/2018": {"Duration": "12/31/2018", "Total Revenue": "1,633,700", "Cost of Revenue": "1,126,338", "Gross Profit": "507,362", "Operating Expense": "218,964", "Operating Income": "288,398", "Net Non Operating Interest Income Expense": "-51,305", "Other Income Expense": "-11,359", "Pretax Income": "225,765", "Tax Provision": "53,531", "Net Income Common Stockholders": "172,234", "Diluted NI Available to Com Stockholders": "172,234", "Basic EPS": "3.27", "Diluted EPS": "3.25", "Basic Average Shares": "52,693", "Diluted Average Shares": "53,029", "Total Operating Income as Reported": "288,429", "Total Expenses": "1,345,302", "Interest Expense": "51,305", "Net Interest Income": "-51,305", "Net Income from Continuing & Discontinued Operation": "172,234", "Normalized Income": "172,234", "EBIT": "277,070", "EBITDA": "-", "Reconciled Cost of Revenue": "1,126,338", "Reconciled Depreciation": "160,086", "Net Income from Continuing Operation Net Minority Interest": "172,234", "Normalized EBITDA": "437,156", "Tax Rate for Calcs": "0", "Tax Effect of Unusual Items": "0"}}, "bs": {"12/31/2020": {"Duration": "12/31/2020", "Total Assets": "6,028,712", "Total Liabilities Net Minority Interest": "3,795,401", "Total Equity Gross Minority Interest": "2,233,311", "Total Capitalization": "3,815,739", "Common Stock Equity": "2,233,311", "Net Tangible Assets": "2,075,358", "Working Capital": "-257,210", "Invested Capital": "4,233,964", "Tangible Book Value": "2,075,358", "Total Debt": "2,000,653", "Net Debt": "1,992,660", "Share Issued": "53,167", "Ordinary Shares Number": "53,167", "Treasury Shares Number": "-"}, "12/31/2019": {"Duration": "12/31/2019", "Total Assets": "5,708,300", "Total Liabilities Net Minority Interest": "3,578,910", "Total Equity Gross Minority Interest": "2,129,390", "Total Capitalization": "3,415,454", "Common Stock Equity": "2,129,390", "Net Tangible Assets": "1,971,437", "Working Capital": "-366,535", "Invested Capital": "3,931,954", "Tangible Book Value": "1,971,437", "Total Debt": "1,802,564", "Net Debt": "1,784,711", "Share Issued": "52,772", "Ordinary Shares Number": "52,772", "Treasury Shares Number": "-"}, "12/31/2018": {"Duration": "12/31/2018", "Total Assets": "5,468,642", "Total Liabilities Net Minority Interest": "3,425,986", "Total Equity Gross Minority Interest": "2,042,656", "Total Capitalization": "3,328,139", "Common Stock Equity": "2,042,656", "Net Tangible Assets": "1,884,703", "Working Capital": "-155,604", "Invested Capital": "3,627,639", "Tangible Book Value": "1,884,703", "Total Debt": "1,584,983", "Net Debt": "1,563,660", "Share Issued": "52,598", "Ordinary Shares Number": "52,565", "Treasury Shares Number": "33.103"}}, "cf": {"TTM": {"Duration": "TTM", "Operating Cash Flow": "-1,477,498", "Investing Cash Flow": "-458,394", "Financing Cash Flow": "2,629,734", "End Cash Position": "704,911", "Income Tax Paid Supplemental Data": "-", "Interest Paid Supplemental Data": "-", "Capital Expenditure": "-456,921", "Issuance of Capital Stock": "-", "Issuance of Debt": "2,797,323", "Repayment of Debt": "-", "Repurchase of Capital Stock": "-", "Free Cash Flow": "-1,934,419"}, "12/31/2020": {"Duration": "12/31/2020", "Operating Cash Flow": "364,500", "Investing Cash Flow": "-470,372", "Financing Cash Flow": "96,012", "End Cash Position": "7,993", "Income Tax Paid Supplemental Data": "30,361", "Interest Paid Supplemental Data": "60,126", "Capital Expenditure": "-471,345", "Issuance of Capital Stock": "19,383", "Issuance of Debt": "298,428", "Repayment of Debt": "-98,275", "Repurchase of Capital Stock": "-", "Free Cash Flow": "-106,845"}, "12/31/2019": {"Duration": "12/31/2019", "Operating Cash Flow": "310,345", "Investing Cash Flow": "-422,932", "Financing Cash Flow": "109,117", "End Cash Position": "17,853", "Income Tax Paid Supplemental Data": "30,152", "Interest Paid Supplemental Data": "61,160", "Capital Expenditure": "-417,322", "Issuance of Capital Stock": "5,116", "Issuance of Debt": "0", "Repayment of Debt": "0", "Repurchase of Capital Stock": "0", "Free Cash Flow": "-106,977"}, "12/31/2018": {"Duration": "12/31/2018", "Operating Cash Flow": "467,694", "Investing Cash Flow": "-394,450", "Financing Cash Flow": "-66,334", "End Cash Position": "21,323", "Income Tax Paid Supplemental Data": "800", "Interest Paid Supplemental Data": "49,371", "Capital Expenditure": "-394,450", "Issuance of Capital Stock": "4,803", "Issuance of Debt": "395,648", "Repayment of Debt": "-300,000", "Repurchase of Capital Stock": "0", "Free Cash Flow": "73,244"}}}}, {"NGG": {"quote": {"05/08/2021": {"value": "65.02", "Market Cap": "46.126B", "Beta (5Y Monthly)": "0.03", "PE Ratio (TTM)": "22.34", "EPS (TTM)": "2.91", "Earnings Date": "N/A", "Forward Dividend & Yield": "3.14 (4.83%)", "Ex-Dividend Date": "Nov 25, 2020", "1y Target Est": "69.82"}}, "fin": {"TTM": {"Duration": "TTM", "Total Revenue": "14,786,000", "Cost of Revenue": "-", "Gross Profit": "-", "Operating Expense": "8,925,000", "Operating Income": "3,267,000", "Net Non Operating Interest Income Expense": "-927,000", "Pretax Income": "2,070,000", "Tax Provision": "582,000", "Net Income Common Stockholders": "1,472,000", "Diluted NI Available to Com Stockholders": "1,472,000", "Basic EPS": "-", "Diluted EPS": "-", "Basic Average Shares": "-", "Diluted Average Shares": "-", "Total Operating Income as Reported": "2,912,000", "Rent Expense Supplemental": "-", "Total Expenses": "11,519,000", "Net Income from Continuing & Discontinued Operation": "1,472,000", "Normalized Income": "1,740,032", "Interest Income": "45,000", "Interest Expense": "972,000", "Net Interest Income": "-927,000", "EBIT": "3,042,000", "EBITDA": "4,702,000", "Reconciled Cost of Revenue": "-", "Reconciled Depreciation": "1,660,000", "Net Income from Continuing Operation Net Minority Interest": "1,487,000", "Total Unusual Items Excluding Goodwill": "-352,000", "Total Unusual Items": "-352,000", "Normalized EBITDA": "5,054,000", "Tax Rate for Calcs": "0", "Tax Effect of Unusual Items": "-98,968"}, "3/31/2020": {"Duration": "3/31/2020", "Total Revenue": "14,540,000", "Cost of Revenue": "2,594,000", "Gross Profit": "11,946,000", "Operating Expense": "8,638,000", "Operating Income": "3,308,000", "Net Non Operating Interest Income Expense": "-1,012,000", "Pretax Income": "1,754,000", "Tax Provision": "480,000", "Net Income Common Stockholders": "1,264,000", "Diluted NI Available to Com Stockholders": "1,264,000", "Basic EPS": "1.82", "Diluted EPS": "1.81", "Basic Average Shares": "692,200", "Diluted Average Shares": "695,600", "Total Operating Income as Reported": "2,780,000", "Rent Expense Supplemental": "-", "Total Expenses": "11,232,000", "Net Income from Continuing & Discontinued Operation": "1,264,000", "Normalized Income": "1,731,106", "Interest Income": "68,000", "Interest Expense": "1,080,000", "Net Interest Income": "-1,012,000", "EBIT": "2,834,000", "EBITDA": "-", "Reconciled Cost of Revenue": "2,594,000", "Reconciled Depreciation": "1,640,000", "Net Income from Continuing Operation Net Minority Interest": "1,273,000", "Total Unusual Items Excluding Goodwill": "-631,000", "Total Unusual Items": "-631,000", "Normalized EBITDA": "5,105,000", "Tax Rate for Calcs": "0", "Tax Effect of Unusual Items": "-172,894"}, "3/31/2019": {"Duration": "3/31/2019", "Total Revenue": "14,933,000", "Cost of Revenue": "3,148,000", "Gross Profit": "11,785,000", "Operating Expense": "6,640,000", "Operating Income": "5,145,000", "Net Non Operating Interest Income Expense": "-952,000", "Pretax Income": "1,841,000", "Tax Provision": "339,000", "Net Income Common Stockholders": "1,511,000", "Diluted NI Available to Com Stockholders": "1,511,000", "Basic EPS": "2.23", "Diluted EPS": "2.22", "Basic Average Shares": "677,200", "Diluted Average Shares": "680,200", "Total Operating Income as Reported": "2,870,000", "Rent Expense Supplemental": "46,000", "Total Expenses": "9,788,000", "Net Income from Continuing & Discontinued Operation": "1,511,000", "Normalized Income": "3,452,504", "Interest Income": "71,000", "Interest Expense": "1,023,000", "Net Interest Income": "-952,000", "EBIT": "2,864,000", "EBITDA": "-", "Reconciled Cost of Revenue": "3,148,000", "Reconciled Depreciation": "1,588,000", "Net Income from Continuing Operation Net Minority Interest": "1,499,000", "Total Unusual Items Excluding Goodwill": "-2,394,000", "Total Unusual Items": "-2,394,000", "Normalized EBITDA": "6,846,000", "Tax Rate for Calcs": "0", "Tax Effect of Unusual Items": "-440,496"}}, "bs": {"3/31/2020": {"Duration": "3/31/2020", "Total Assets": "67,089,000", "Total Liabilities Net Minority Interest": "47,505,000", "Total Equity Gross Minority Interest": "19,584,000", "Total Capitalization": "45,661,000", "Common Stock Equity": "19,562,000", "Capital Lease Obligations": "735,000", "Net Tangible Assets": "12,034,000", "Working Capital": "-2,763,000", "Invested Capital": "49,621,000", "Tangible Book Value": "12,034,000", "Total Debt": "30,794,000", "Net Debt": "29,986,000", "Share Issued": "3,780,237", "Ordinary Shares Number": "3,502,974", "Treasury Shares Number": "277,263"}, "3/31/2019": {"Duration": "3/31/2019", "Total Assets": "62,963,000", "Total Liabilities Net Minority Interest": "43,594,000", "Total Equity Gross Minority Interest": "19,369,000", "Total Capitalization": "43,402,000", "Common Stock Equity": "19,349,000", "Capital Lease Obligations": "270,000", "Net Tangible Assets": "12,396,000", "Working Capital": "-1,183,000", "Invested Capital": "47,809,000", "Tangible Book Value": "12,396,000", "Total Debt": "28,730,000", "Net Debt": "28,208,000", "Share Issued": "3,687,483", "Ordinary Shares Number": "3,410,483", "Treasury Shares Number": "277,000"}}, "cf": {"TTM": {"Duration": "TTM", "Operating Cash Flow": "4,462,000", "Investing Cash Flow": "-3,100,000", "Financing Cash Flow": "-1,405,000", "End Cash Position": "170,000", "Capital Expenditure": "-4,973,000", "Issuance of Capital Stock": "17,000", "Issuance of Debt": "5,259,000", "Repayment of Debt": "-2,277,000", "Repurchase of Capital Stock": "-6,000", "Free Cash Flow": "-511,000"}, "3/31/2020": {"Duration": "3/31/2020", "Operating Cash Flow": "4,618,000", "Investing Cash Flow": "-3,195,000", "Financing Cash Flow": "-1,606,000", "End Cash Position": "73,000", "Capital Expenditure": "-4,900,000", "Issuance of Capital Stock": "16,000", "Issuance of Debt": "4,218,000", "Repayment of Debt": "-3,253,000", "Repurchase of Capital Stock": "-6,000", "Free Cash Flow": "-282,000"}, "3/31/2019": {"Duration": "3/31/2019", "Operating Cash Flow": "4,318,000", "Investing Cash Flow": "-3,034,000", "Financing Cash Flow": "-1,364,000", "End Cash Position": "252,000", "Capital Expenditure": "-3,941,000", "Issuance of Capital Stock": "17,000", "Issuance of Debt": "2,932,000", "Repayment of Debt": "-1,969,000", "Repurchase of Capital Stock": "-2,000", "Free Cash Flow": "377,000"}}}}, {"CNIG": {"quote": {"05/08/2021": {"value": "23.65", "Market Cap": "72.927M", "Beta (5Y Monthly)": "0.32", "PE Ratio (TTM)": "27.15", "EPS (TTM)": "0.87", "Earnings Date": "Dec 21, 2020", "Forward Dividend & Yield": "0.61 (2.58%)", "Ex-Dividend Date": "Mar 30, 2021", "1y Target Est": "N/A"}}, "fin": {"TTM": {"Duration": "TTM", "Total Revenue": "32,544", "Cost of Revenue": "18,668", "Gross Profit": "13,876", "Operating Expense": "6,907", "Operating Income": "6,968", "Net Non Operating Interest Income Expense": "-2,702", "Other Income Expense": "-416.939", "Pretax Income": "3,850", "Tax Provision": "919.262", "Net Income Common Stockholders": "2,686", "Diluted NI Available to Com Stockholders": "2,686", "Basic EPS": "-", "Diluted EPS": "-", "Basic Average Shares": "-", "Diluted Average Shares": "-", "Total Operating Income as Reported": "6,968", "Total Expenses": "25,575", "Interest Expense": "2,702", "Net Interest Income": "-2,702", "Net Income from Continuing & Discontinued Operation": "2,930", "Normalized Income": "2,749", "EBIT": "6,552", "EBITDA": "9,390", "Reconciled Cost of Revenue": "18,668", "Reconciled Depreciation": "2,838", "Net Income from Continuing Operation Net Minority Interest": "2,930", "Total Unusual Items Excluding Goodwill": "238.127", "Total Unusual Items": "238.127", "Normalized EBITDA": "9,152", "Tax Rate for Calcs": "0", "Tax Effect of Unusual Items": "56.8617"}, "9/30/2020": {"Duration": "9/30/2020", "Total Revenue": "32,386", "Cost of Revenue": "18,388", "Gross Profit": "13,998", "Operating Expense": "6,773", "Operating Income": "7,225", "Net Non Operating Interest Income Expense": "-2,567", "Other Income Expense": "-496.157", "Pretax Income": "4,162", "Tax Provision": "960.338", "Net Income Common Stockholders": "2,957", "Diluted NI Available to Com Stockholders": "2,957", "Basic EPS": "0.97", "Diluted EPS": "0.95", "Basic Average Shares": "3,060", "Diluted Average Shares": "3,353", "Total Operating Income as Reported": "7,225", "Total Expenses": "25,161", "Interest Expense": "2,567", "Net Interest Income": "-2,567", "Net Income from Continuing & Discontinued Operation": "3,201", "Normalized Income": "3,061", "EBIT": "6,729", "EBITDA": "-", "Reconciled Cost of Revenue": "18,388", "Reconciled Depreciation": "2,621", "Net Income from Continuing Operation Net Minority Interest": "3,201", "Total Unusual Items Excluding Goodwill": "182.111", "Total Unusual Items": "182.111", "Normalized EBITDA": "9,168", "Tax Rate for Calcs": "0", "Tax Effect of Unusual Items": "42.0676"}, "9/30/2019": {"Duration": "9/30/2019", "Total Revenue": "35,540", "Cost of Revenue": "21,519", "Gross Profit": "14,021", "Operating Expense": "6,577", "Operating Income": "7,444", "Net Non Operating Interest Income Expense": "-2,326", "Other Income Expense": "-671.912", "Pretax Income": "4,447", "Tax Provision": "1,323", "Net Income Common Stockholders": "2,880", "Diluted NI Available to Com Stockholders": "2,880", "Basic EPS": "0.95", "Diluted EPS": "0.94", "Basic Average Shares": "3,035", "Diluted Average Shares": "3,329", "Total Operating Income as Reported": "7,444", "Total Expenses": "28,096", "Interest Expense": "2,326", "Net Interest Income": "-2,326", "Net Income from Continuing & Discontinued Operation": "3,124", "Normalized Income": "3,088", "EBIT": "6,773", "EBITDA": "-", "Reconciled Cost of Revenue": "21,519", "Reconciled Depreciation": "2,500", "Net Income from Continuing Operation Net Minority Interest": "3,124", "Total Unusual Items Excluding Goodwill": "52.095", "Total Unusual Items": "52.095", "Normalized EBITDA": "9,220", "Tax Rate for Calcs": "0", "Tax Effect of Unusual Items": "15.4201"}, "9/30/2018": {"Duration": "9/30/2018", "Total Revenue": "34,277", "Cost of Revenue": "22,099", "Gross Profit": "12,179", "Operating Expense": "6,251", "Operating Income": "5,927", "Net Non Operating Interest Income Expense": "-2,133", "Other Income Expense": "32.744", "Pretax Income": "3,828", "Tax Provision": "1,683", "Net Income Common Stockholders": "1,900", "Diluted NI Available to Com Stockholders": "1,900", "Basic EPS": "0.63", "Diluted EPS": "0.63", "Basic Average Shares": "3,010", "Diluted Average Shares": "3,010", "Total Operating Income as Reported": "5,927", "Total Expenses": "28,350", "Interest Expense": "2,133", "Net Interest Income": "-2,133", "Net Income from Continuing & Discontinued Operation": "2,144", "Normalized Income": "2,086", "EBIT": "5,960", "EBITDA": "-", "Reconciled Cost of Revenue": "22,099", "Reconciled Depreciation": "2,376", "Net Income from Continuing Operation Net Minority Interest": "2,144", "Total Unusual Items Excluding Goodwill": "80.174", "Total Unusual Items": "80.174", "Normalized EBITDA": "8,255", "Tax Rate for Calcs": "0", "Tax Effect of Unusual Items": "21.647"}}, "bs": {"9/30/2020": {"Duration": "9/30/2020", "Total Assets": "136,459", "Total Liabilities Net Minority Interest": "95,571", "Total Equity Gross Minority Interest": "40,888", "Total Capitalization": "84,939", "Preferred Stock Equity": "4,955", "Common Stock Equity": "35,934", "Net Tangible Assets": "39,970", "Working Capital": "-9,518", "Invested Capital": "93,953", "Tangible Book Value": "35,015", "Total Debt": "58,020", "Net Debt": "57,608", "Share Issued": "3,073", "Ordinary Shares Number": "3,073", "Preferred Shares Number": "244.263"}, "9/30/2019": {"Duration": "9/30/2019", "Total Assets": "118,609", "Total Liabilities Net Minority Interest": "79,224", "Total Equity Gross Minority Interest": "39,385", "Total Capitalization": "77,047", "Preferred Stock Equity": "4,967", "Common Stock Equity": "34,418", "Net Tangible Assets": "39,385", "Working Capital": "-6,487", "Invested Capital": "83,217", "Tangible Book Value": "34,418", "Total Debt": "48,799", "Net Debt": "48,485", "Share Issued": "3,047", "Ordinary Shares Number": "3,047", "Preferred Shares Number": "244.263"}, "9/30/2018": {"Duration": "9/30/2018", "Total Assets": "111,743", "Total Liabilities Net Minority Interest": "73,951", "Total Equity Gross Minority Interest": "37,793", "Total Capitalization": "74,429", "Preferred Stock Equity": "4,952", "Common Stock Equity": "32,841", "Net Tangible Assets": "37,793", "Working Capital": "-6,752", "Invested Capital": "79,934", "Tangible Book Value": "32,841", "Total Debt": "47,093", "Net Debt": "46,873", "Share Issued": "3,022", "Ordinary Shares Number": "3,022", "Preferred Shares Number": "244.263"}}, "cf": {"TTM": {"Duration": "TTM", "Operating Cash Flow": "5,689", "Investing Cash Flow": "-10,345", "Financing Cash Flow": "4,793", "End Cash Position": "430.313", "Income Tax Paid Supplemental Data": "-", "Interest Paid Supplemental Data": "3,035", "Capital Expenditure": "-8,673", "Issuance of Capital Stock": "-", "Issuance of Debt": "7,059", "Repayment of Debt": "-4,869", "Free Cash Flow": "-2,983"}, "9/30/2020": {"Duration": "9/30/2020", "Operating Cash Flow": "5,538", "Investing Cash Flow": "-10,384", "Financing Cash Flow": "4,943", "End Cash Position": "411.7", "Income Tax Paid Supplemental Data": "-", "Interest Paid Supplemental Data": "2,829", "Capital Expenditure": "-8,672", "Issuance of Capital Stock": "4,498", "Issuance of Debt": "6,930", "Repayment of Debt": "-4,626", "Free Cash Flow": "-3,134"}, "9/30/2019": {"Duration": "9/30/2019", "Operating Cash Flow": "6,607", "Investing Cash Flow": "-6,336", "Financing Cash Flow": "-176.697", "End Cash Position": "314.341", "Income Tax Paid Supplemental Data": "14.165", "Interest Paid Supplemental Data": "1,973", "Capital Expenditure": "-6,628", "Issuance of Capital Stock": "-", "Issuance of Debt": "5,393", "Repayment of Debt": "-3,748", "Free Cash Flow": "-20.723"}, "9/30/2018": {"Duration": "9/30/2018", "Operating Cash Flow": "5,886", "Investing Cash Flow": "-7,993", "Financing Cash Flow": "1,884", "End Cash Position": "219.962", "Income Tax Paid Supplemental Data": "42.372", "Interest Paid Supplemental Data": "1,694", "Capital Expenditure": "-7,833", "Issuance of Capital Stock": "0", "Issuance of Debt": "44,127", "Repayment of Debt": "-40,338", "Free Cash Flow": "-1,947"}}}}, {"WGL": {"quote": {"05/08/2021": {"value": "", "Net Assets": "N/A", "Beta (5Y Monthly)": "N/A", "Yield": "N/A", "5y Average Return": "N/A", "Holdings Turnover": "N/A", "Last Dividend": "N/A", "Average for Category": "N/A", "Inception Date": "N/A"}}, "fin": {}, "bs": {}, "cf": {}}}, {"OKE": {"quote": {"05/08/2021": {"value": "53.38", "Market Cap": "23.783B", "Beta (5Y Monthly)": "1.96", "PE Ratio (TTM)": "20.63", "EPS (TTM)": "2.59", "Earnings Date": "Jul 26, 2021 - Jul 30, 2021", "Forward Dividend & Yield": "3.74 (7.01%)", "Ex-Dividend Date": "Apr 23, 2021", "1y Target Est": "50.89"}}, "fin": {"TTM": {"Duration": "TTM", "Total Revenue": "9,600,249", "Cost of Revenue": "6,558,157", "Gross Profit": "3,042,092", "Operating Expense": "930,761", "Operating Income": "2,111,331", "Net Non Operating Interest Income Expense": "-757,793", "Other Income Expense": "154,338", "Pretax Income": "1,507,876", "Tax Provision": "367,034", "Net Income Common Stockholders": "1,139,742", "Average Dilution Earnings": "-", "Diluted NI Available to Com Stockholders": "1,139,742", "Basic EPS": "-", "Diluted EPS": "-", "Basic Average Shares": "-", "Diluted Average Shares": "-", "Total Operating Income as Reported": "2,109,547", "Total Expenses": "7,488,918", "Interest Expense": "757,793", "Net Interest Income": "-757,793", "Net Income from Continuing & Discontinued Operation": "1,140,842", "Normalized Income": "1,135,333", "EBIT": "2,265,669", "EBITDA": "2,869,098", "Reconciled Cost of Revenue": "6,558,157", "Reconciled Depreciation": "603,429", "Net Income from Continuing Operation Net Minority Interest": "1,140,842", "Total Unusual Items Excluding Goodwill": "7,281", "Total Unusual Items": "7,281", "Normalized EBITDA": "2,861,817", "Tax Rate for Calcs": "0", "Tax Effect of Unusual Items": "1,772"}, "12/31/2020": {"Duration": "12/31/2020", "Total Revenue": "8,542,242", "Cost of Revenue": "5,688,808", "Gross Profit": "2,853,434", "Operating Expense": "886,204", "Operating Income": "1,967,230", "Net Non Operating Interest Income Expense": "-712,886", "Other Income Expense": "-452,028", "Pretax Income": "802,316", "Tax Provision": "189,507", "Net Income Common Stockholders": "611,709", "Average Dilution Earnings": "-", "Diluted NI Available to Com Stockholders": "611,709", "Basic EPS": "1.42", "Diluted EPS": "1.42", "Basic Average Shares": "431,105", "Diluted Average Shares": "431,782", "Total Operating Income as Reported": "1,361,357", "Total Expenses": "6,575,012", "Interest Expense": "712,886", "Net Interest Income": "-712,886", "Net Income from Continuing & Discontinued Operation": "612,809", "Normalized Income": "1,086,320", "EBIT": "1,515,202", "EBITDA": "-", "Reconciled Cost of Revenue": "5,688,808", "Reconciled Depreciation": "578,662", "Net Income from Continuing Operation Net Minority Interest": "612,809", "Total Unusual Items Excluding Goodwill": "-619,941", "Total Unusual Items": "-619,941", "Normalized EBITDA": "2,713,805", "Tax Rate for Calcs": "0", "Tax Effect of Unusual Items": "-146,430"}, "12/31/2019": {"Duration": "12/31/2019", "Total Revenue": "10,164,367", "Cost of Revenue": "7,264,575", "Gross Profit": "2,899,792", "Operating Expense": "982,864", "Operating Income": "1,916,928", "Net Non Operating Interest Income Expense": "-491,773", "Other Income Expense": "225,836", "Pretax Income": "1,650,991", "Tax Provision": "372,414", "Net Income Common Stockholders": "1,277,477", "Average Dilution Earnings": "-", "Diluted NI Available to Com Stockholders": "1,277,477", "Basic EPS": "3.09", "Diluted EPS": "3.07", "Basic Average Shares": "413,560", "Diluted Average Shares": "415,444", "Total Operating Income as Reported": "1,914,353", "Total Expenses": "8,247,439", "Interest Expense": "491,773", "Net Interest Income": "-491,773", "Net Income from Continuing & Discontinued Operation": "1,278,577", "Normalized Income": "1,230,376", "EBIT": "2,142,764", "EBITDA": "-", "Reconciled Cost of Revenue": "7,264,575", "Reconciled Depreciation": "476,535", "Net Income from Continuing Operation Net Minority Interest": "1,278,577", "Total Unusual Items Excluding Goodwill": "62,240", "Total Unusual Items": "62,240", "Normalized EBITDA": "2,557,059", "Tax Rate for Calcs": "0", "Tax Effect of Unusual Items": "14,039"}, "12/31/2018": {"Duration": "12/31/2018", "Total Revenue": "12,593,196", "Cost of Revenue": "9,851,265", "Gross Profit": "2,741,931", "Operating Expense": "907,068", "Operating Income": "1,834,863", "Net Non Operating Interest Income Expense": "-469,620", "Other Income Expense": "152,692", "Pretax Income": "1,517,935", "Tax Provision": "362,903", "Net Income Common Stockholders": "1,150,603", "Average Dilution Earnings": "0", "Diluted NI Available to Com Stockholders": "1,150,603", "Basic EPS": "2.80", "Diluted EPS": "2.78", "Basic Average Shares": "411,485", "Diluted Average Shares": "414,195", "Total Operating Income as Reported": "1,835,464", "Total Expenses": "10,758,333", "Interest Expense": "469,620", "Net Interest Income": "-469,620", "Net Income from Continuing & Discontinued Operation": "1,151,703", "Normalized Income": "1,145,187", "EBIT": "1,987,555", "EBITDA": "-", "Reconciled Cost of Revenue": "9,851,265", "Reconciled Depreciation": "428,557", "Net Income from Continuing Operation Net Minority Interest": "1,151,703", "Total Unusual Items Excluding Goodwill": "8,563", "Total Unusual Items": "8,563", "Normalized EBITDA": "2,407,549", "Tax Rate for Calcs": "0", "Tax Effect of Unusual Items": "2,047"}}, "bs": {"12/31/2020": {"Duration": "12/31/2020", "Total Assets": "23,078,754", "Total Liabilities Net Minority Interest": "17,036,356", "Total Equity Gross Minority Interest": "6,042,398", "Total Capitalization": "20,270,819", "Common Stock Equity": "6,042,398", "Capital Lease Obligations": "101,220", "Net Tangible Assets": "5,268,675", "Working Capital": "525,228", "Invested Capital": "20,278,469", "Tangible Book Value": "5,268,675", "Total Debt": "14,337,291", "Net Debt": "13,711,575", "Share Issued": "474,916", "Ordinary Shares Number": "444,872", "Treasury Shares Number": "30,044"}, "12/31/2019": {"Duration": "12/31/2019", "Total Assets": "21,812,121", "Total Liabilities Net Minority Interest": "15,586,170", "Total Equity Gross Minority Interest": "6,225,951", "Total Capitalization": "18,705,708", "Common Stock Equity": "6,225,951", "Capital Lease Obligations": "26,245", "Net Tangible Assets": "5,268,118", "Working Capital": "-549,964", "Invested Capital": "18,933,358", "Tangible Book Value": "5,268,118", "Total Debt": "12,733,652", "Net Debt": "12,686,449", "Share Issued": "445,016", "Ordinary Shares Number": "413,239", "Treasury Shares Number": "31,777"}, "12/31/2018": {"Duration": "12/31/2018", "Total Assets": "18,231,671", "Total Liabilities Net Minority Interest": "11,652,128", "Total Equity Gross Minority Interest": "6,579,543", "Total Capitalization": "15,452,877", "Common Stock Equity": "6,579,543", "Capital Lease Obligations": "-", "Net Tangible Assets": "5,612,401", "Working Capital": "-709,804", "Invested Capital": "15,960,527", "Tangible Book Value": "5,612,401", "Total Debt": "9,380,984", "Net Debt": "9,369,009", "Share Issued": "445,016", "Ordinary Shares Number": "411,533", "Treasury Shares Number": "33,484"}}, "cf": {"TTM": {"Duration": "TTM", "Operating Cash Flow": "2,009,664", "Investing Cash Flow": "-1,476,428", "Financing Cash Flow": "-662,453", "Cash Flow from Discontinued Operation": "-", "End Cash Position": "402,413", "Income Tax Paid Supplemental Data": "-", "Interest Paid Supplemental Data": "-", "Capital Expenditure": "-1,422,436", "Issuance of Capital Stock": "-", "Issuance of Debt": "1,496,556", "Repayment of Debt": "-1,241,325", "Free Cash Flow": "587,228"}, "12/31/2020": {"Duration": "12/31/2020", "Operating Cash Flow": "1,899,068", "Investing Cash Flow": "-2,270,529", "Financing Cash Flow": "874,999", "Cash Flow from Discontinued Operation": "-", "End Cash Position": "524,496", "Income Tax Paid Supplemental Data": "342", "Interest Paid Supplemental Data": "760,984", "Capital Expenditure": "-2,195,381", "Issuance of Capital Stock": "969,759", "Issuance of Debt": "3,244,777", "Repayment of Debt": "-1,457,222", "Free Cash Flow": "-296,313"}, "12/31/2019": {"Duration": "12/31/2019", "Operating Cash Flow": "1,946,779", "Investing Cash Flow": "-3,768,758", "Financing Cash Flow": "1,830,962", "Cash Flow from Discontinued Operation": "-", "End Cash Position": "20,958", "Income Tax Paid Supplemental Data": "2,690", "Interest Paid Supplemental Data": "435,165", "Capital Expenditure": "-3,848,349", "Issuance of Capital Stock": "29,040", "Issuance of Debt": "4,185,435", "Repayment of Debt": "-1,057,348", "Free Cash Flow": "-1,901,570"}, "12/31/2018": {"Duration": "12/31/2018", "Operating Cash Flow": "2,186,719", "Investing Cash Flow": "-2,114,888", "Financing Cash Flow": "-97,049", "Cash Flow from Discontinued Operation": "-", "End Cash Position": "11,975", "Income Tax Paid Supplemental Data": "2,225", "Interest Paid Supplemental Data": "418,244", "Capital Expenditure": "-2,141,475", "Issuance of Capital Stock": "1,203,981", "Issuance of Debt": "1,795,773", "Repayment of Debt": "-932,650", "Free Cash Flow": "45,244"}}}}, {"RGCO": {"quote": {"05/08/2021": {"value": "21.58", "Market Cap": "177.289M", "Beta (5Y Monthly)": "-0.49", "PE Ratio (TTM)": "15.58", "EPS (TTM)": "1.38", "Earnings Date": "May 14, 2021", "Forward Dividend & Yield": "0.74 (3.43%)", "Ex-Dividend Date": "Jul 14, 2021", "1y Target Est": "N/A"}}, "fin": {"TTM": {"Duration": "TTM", "Total Revenue": "62,807", "Cost of Revenue": "39,508", "Gross Profit": "23,299", "Operating Expense": "10,281", "Operating Income": "13,018", "Net Non Operating Interest Income Expense": "-4,034", "Other Income Expense": "5,886", "Pretax Income": "14,870", "Tax Provision": "3,589", "Net Income Common Stockholders": "11,281", "Diluted NI Available to Com Stockholders": "11,281", "Basic EPS": "-", "Diluted EPS": "-", "Basic Average Shares": "-", "Diluted Average Shares": "-", "Total Operating Income as Reported": "13,018", "Total Expenses": "49,789", "Interest Expense": "4,034", "Net Interest Income": "-4,034", "Net Income from Continuing & Discontinued Operation": "11,281", "Normalized Income": "11,281", "EBIT": "18,904", "EBITDA": "27,198", "Reconciled Cost of Revenue": "39,270", "Reconciled Depreciation": "8,294", "Net Income from Continuing Operation Net Minority Interest": "11,281", "Normalized EBITDA": "27,198", "Tax Rate for Calcs": "0", "Tax Effect of Unusual Items": "0"}, "9/30/2020": {"Duration": "9/30/2020", "Total Revenue": "63,075", "Cost of Revenue": "40,472", "Gross Profit": "22,604", "Operating Expense": "10,086", "Operating Income": "12,518", "Net Non Operating Interest Income Expense": "-4,099", "Other Income Expense": "5,451", "Pretax Income": "13,870", "Tax Provision": "3,306", "Net Income Common Stockholders": "10,565", "Diluted NI Available to Com Stockholders": "10,565", "Basic EPS": "1.30", "Diluted EPS": "1.30", "Basic Average Shares": "8,126", "Diluted Average Shares": "8,147", "Total Operating Income as Reported": "12,518", "Total Expenses": "50,557", "Interest Expense": "4,099", "Net Interest Income": "-4,099", "Net Income from Continuing & Discontinued Operation": "10,565", "Normalized Income": "10,565", "EBIT": "17,969", "EBITDA": "-", "Reconciled Cost of Revenue": "40,236", "Reconciled Depreciation": "8,126", "Net Income from Continuing Operation Net Minority Interest": "10,565", "Normalized EBITDA": "26,096", "Tax Rate for Calcs": "0", "Tax Effect of Unusual Items": "0"}, "9/30/2019": {"Duration": "9/30/2019", "Total Revenue": "68,027", "Cost of Revenue": "46,910", "Gross Profit": "21,117", "Operating Expense": "9,521", "Operating Income": "11,595", "Net Non Operating Interest Income Expense": "-3,619", "Other Income Expense": "3,372", "Pretax Income": "11,349", "Tax Provision": "2,651", "Net Income Common Stockholders": "8,698", "Diluted NI Available to Com Stockholders": "8,698", "Basic EPS": "1.08", "Diluted EPS": "1.08", "Basic Average Shares": "8,039", "Diluted Average Shares": "8,079", "Total Operating Income as Reported": "11,595", "Total Expenses": "56,431", "Interest Expense": "3,619", "Net Interest Income": "-3,619", "Net Income from Continuing & Discontinued Operation": "8,698", "Normalized Income": "8,698", "EBIT": "14,968", "EBITDA": "-", "Reconciled Cost of Revenue": "46,763", "Reconciled Depreciation": "7,601", "Net Income from Continuing Operation Net Minority Interest": "8,698", "Normalized EBITDA": "22,569", "Tax Rate for Calcs": "0", "Tax Effect of Unusual Items": "0"}, "9/30/2018": {"Duration": "9/30/2018", "Total Revenue": "65,535", "Cost of Revenue": "45,107", "Gross Profit": "20,427", "Operating Expense": "8,834", "Operating Income": "11,593", "Net Non Operating Interest Income Expense": "-2,462", "Other Income Expense": "1,061", "Pretax Income": "10,192", "Tax Provision": "2,895", "Net Income Common Stockholders": "7,297", "Diluted NI Available to Com Stockholders": "7,297", "Basic EPS": "0.95", "Diluted EPS": "0.95", "Basic Average Shares": "7,649", "Diluted Average Shares": "7,696", "Total Operating Income as Reported": "11,593", "Total Expenses": "53,942", "Interest Expense": "2,462", "Net Interest Income": "-2,462", "Net Income from Continuing & Discontinued Operation": "7,297", "Normalized Income": "7,297", "EBIT": "12,654", "EBITDA": "-", "Reconciled Cost of Revenue": "44,974", "Reconciled Depreciation": "7,090", "Net Income from Continuing Operation Net Minority Interest": "7,297", "Normalized EBITDA": "19,744", "Tax Rate for Calcs": "0", "Tax Effect of Unusual Items": "0"}}, "bs": {"9/30/2020": {"Duration": "9/30/2020", "Total Assets": "281,680", "Total Liabilities Net Minority Interest": "192,792", "Total Equity Gross Minority Interest": "88,888", "Total Capitalization": "212,708", "Common Stock Equity": "88,888", "Net Tangible Assets": "88,888", "Working Capital": "-2,134", "Invested Capital": "212,708", "Tangible Book Value": "88,888", "Total Debt": "123,820", "Net Debt": "123,529", "Share Issued": "8,160", "Ordinary Shares Number": "8,160"}, "9/30/2019": {"Duration": "9/30/2019", "Total Assets": "258,354", "Total Liabilities Net Minority Interest": "175,257", "Total Equity Gross Minority Interest": "83,096", "Total Capitalization": "186,468", "Common Stock Equity": "83,096", "Net Tangible Assets": "83,096", "Working Capital": "-5,248", "Invested Capital": "186,468", "Tangible Book Value": "83,096", "Total Debt": "103,371", "Net Debt": "101,740", "Share Issued": "8,073", "Ordinary Shares Number": "8,073"}, "9/30/2018": {"Duration": "9/30/2018", "Total Assets": "219,560", "Total Liabilities Net Minority Interest": "139,977", "Total Equity Gross Minority Interest": "79,583", "Total Capitalization": "149,905", "Common Stock Equity": "79,583", "Net Tangible Assets": "79,583", "Working Capital": "-8,547", "Invested Capital": "149,905", "Tangible Book Value": "79,583", "Total Debt": "70,322", "Net Debt": "70,075", "Share Issued": "7,995", "Ordinary Shares Number": "7,995"}}, "cf": {"TTM": {"Duration": "TTM", "Operating Cash Flow": "12,159", "Investing Cash Flow": "-27,699", "Financing Cash Flow": "15,264", "End Cash Position": "736.665", "Income Tax Paid Supplemental Data": "1,649", "Interest Paid Supplemental Data": "3,780", "Capital Expenditure": "-22,400", "Issuance of Capital Stock": "1,682", "Issuance of Debt": "31,850", "Repayment of Debt": "-12,561", "Free Cash Flow": "-10,241"}, "9/30/2020": {"Duration": "9/30/2020", "Operating Cash Flow": "12,824", "Investing Cash Flow": "-30,721", "Financing Cash Flow": "16,557", "End Cash Position": "291.066", "Income Tax Paid Supplemental Data": "1,673", "Interest Paid Supplemental Data": "3,845", "Capital Expenditure": "-22,916", "Issuance of Capital Stock": "1,803", "Issuance of Debt": "43,804", "Repayment of Debt": "-23,370", "Free Cash Flow": "-10,092"}, "9/30/2019": {"Duration": "9/30/2019", "Operating Cash Flow": "14,698", "Investing Cash Flow": "-42,830", "Financing Cash Flow": "29,516", "End Cash Position": "1,631", "Income Tax Paid Supplemental Data": "2,287", "Interest Paid Supplemental Data": "3,328", "Capital Expenditure": "-21,884", "Issuance of Capital Stock": "1,747", "Issuance of Debt": "90,004", "Repayment of Debt": "-56,924", "Free Cash Flow": "-7,187"}, "9/30/2018": {"Duration": "9/30/2018", "Operating Cash Flow": "13,504", "Investing Cash Flow": "-34,167", "Financing Cash Flow": "20,841", "End Cash Position": "247.411", "Income Tax Paid Supplemental Data": "-1,180", "Interest Paid Supplemental Data": "-2,138", "Capital Expenditure": "-23,291", "Issuance of Capital Stock": "16,520", "Issuance of Debt": "49,245", "Repayment of Debt": "-40,245", "Free Cash Flow": "-9,787"}}}}, {"SJI": {"quote": {"05/08/2021": {"value": "25.77", "Market Cap": "2.897B", "Beta (5Y Monthly)": "0.87", "PE Ratio (TTM)": "13.88", "EPS (TTM)": "1.86", "Earnings Date": "Aug 03, 2021 - Aug 09, 2021", "Forward Dividend & Yield": "1.21 (4.70%)", "Ex-Dividend Date": "Mar 16, 2021", "1y Target Est": "28.44"}}, "fin": {"TTM": {"Duration": "TTM", "Total Revenue": "1,541,383", "Cost of Revenue": "897,792", "Gross Profit": "643,591", "Operating Expense": "363,947", "Operating Income": "279,644", "Net Non Operating Interest Income Expense": "-118,534", "Other Income Expense": "10,557", "Pretax Income": "171,667", "Tax Provision": "22,664", "Earnings from Equity Interest Net of Tax": "8,294", "Net Income Common Stockholders": "157,042", "Diluted NI Available to Com Stockholders": "157,042", "Basic EPS": "-", "Diluted EPS": "-", "Basic Average Shares": "-", "Diluted Average Shares": "-", "Total Operating Income as Reported": "282,222", "Total Expenses": "1,261,739", "Interest Expense": "118,534", "Net Interest Income": "-118,534", "Net Income from Continuing & Discontinued Operation": "157,042", "Normalized Income": "155,059", "EBIT": "290,201", "EBITDA": "460,848", "Reconciled Cost of Revenue": "845,860", "Reconciled Depreciation": "170,647", "Net Income from Continuing Operation Net Minority Interest": "157,297", "Total Unusual Items Excluding Goodwill": "2,578", "Total Unusual Items": "2,578", "Normalized EBITDA": "458,270", "Tax Rate for Calcs": "0", "Tax Effect of Unusual Items": "340.3554"}, "12/31/2020": {"Duration": "12/31/2020", "Total Revenue": "1,541,383", "Cost of Revenue": "897,792", "Gross Profit": "643,591", "Operating Expense": "363,947", "Operating Income": "279,644", "Net Non Operating Interest Income Expense": "-118,534", "Other Income Expense": "10,557", "Pretax Income": "171,667", "Tax Provision": "22,664", "Earnings from Equity Interest Net of Tax": "8,294", "Net Income Common Stockholders": "157,042", "Diluted NI Available to Com Stockholders": "157,042", "Basic EPS": "-", "Diluted EPS": "-", "Basic Average Shares": "-", "Diluted Average Shares": "-", "Total Operating Income as Reported": "282,222", "Total Expenses": "1,261,739", "Interest Expense": "118,534", "Net Interest Income": "-118,534", "Net Income from Continuing & Discontinued Operation": "157,042", "Normalized Income": "155,059", "EBIT": "290,201", "EBITDA": "-", "Reconciled Cost of Revenue": "845,860", "Reconciled Depreciation": "170,647", "Net Income from Continuing Operation Net Minority Interest": "157,297", "Total Unusual Items Excluding Goodwill": "2,578", "Total Unusual Items": "2,578", "Normalized EBITDA": "458,270", "Tax Rate for Calcs": "0", "Tax Effect of Unusual Items": "340.3554"}, "12/31/2019": {"Duration": "12/31/2019", "Total Revenue": "1,628,626", "Cost of Revenue": "1,069,308", "Gross Profit": "559,318", "Operating Expense": "350,501", "Operating Income": "208,817", "Net Non Operating Interest Income Expense": "-114,477", "Other Income Expense": "-3,404", "Pretax Income": "90,936", "Tax Provision": "21,061", "Earnings from Equity Interest Net of Tax": "7,314", "Net Income Common Stockholders": "76,917", "Diluted NI Available to Com Stockholders": "76,917", "Basic EPS": "0.84", "Diluted EPS": "0.84", "Basic Average Shares": "92,130", "Diluted Average Shares": "92,253", "Total Operating Income as Reported": "201,205", "Total Expenses": "1,419,809", "Interest Expense": "114,477", "Net Interest Income": "-114,477", "Net Income from Continuing & Discontinued Operation": "76,917", "Normalized Income": "83,038", "EBIT": "205,413", "EBITDA": "-", "Reconciled Cost of Revenue": "1,035,676", "Reconciled Depreciation": "133,385", "Net Income from Continuing Operation Net Minority Interest": "77,189", "Total Unusual Items Excluding Goodwill": "-7,612", "Total Unusual Items": "-7,612", "Normalized EBITDA": "346,410", "Tax Rate for Calcs": "0", "Tax Effect of Unusual Items": "-1,763"}, "12/31/2018": {"Duration": "12/31/2018", "Total Revenue": "1,641,338", "Cost of Revenue": "1,087,570", "Gross Profit": "553,768", "Operating Expense": "363,122", "Operating Income": "190,646", "Net Non Operating Interest Income Expense": "-90,296", "Other Income Expense": "-87,497", "Pretax Income": "12,853", "Tax Provision": "561", "Earnings from Equity Interest Net of Tax": "5,611", "Net Income Common Stockholders": "17,663", "Diluted NI Available to Com Stockholders": "17,663", "Basic EPS": "0.21", "Diluted EPS": "0.21", "Basic Average Shares": "83,693", "Diluted Average Shares": "84,471", "Total Operating Income as Reported": "100,745", "Total Expenses": "1,450,692", "Interest Expense": "90,296", "Net Interest Income": "-90,296", "Net Income from Continuing & Discontinued Operation": "17,663", "Normalized Income": "103,880", "EBIT": "103,149", "EBITDA": "-", "Reconciled Cost of Revenue": "1,051,379", "Reconciled Depreciation": "132,914", "Net Income from Continuing Operation Net Minority Interest": "17,903", "Total Unusual Items Excluding Goodwill": "-89,901", "Total Unusual Items": "-89,901", "Normalized EBITDA": "325,964", "Tax Rate for Calcs": "0", "Tax Effect of Unusual Items": "-3,924"}}, "bs": {"12/31/2020": {"Duration": "12/31/2020", "Total Assets": "6,689,148", "Total Liabilities Net Minority Interest": "5,022,272", "Total Equity Gross Minority Interest": "1,666,876", "Total Capitalization": "4,437,281", "Common Stock Equity": "1,660,881", "Net Tangible Assets": "953,921", "Working Capital": "-656,804", "Invested Capital": "5,176,482", "Tangible Book Value": "953,921", "Total Debt": "3,515,601", "Net Debt": "3,481,556", "Share Issued": "100,634", "Ordinary Shares Number": "100,592", "Treasury Shares Number": "42.515"}, "12/31/2019": {"Duration": "12/31/2019", "Total Assets": "6,365,340", "Total Liabilities Net Minority Interest": "4,941,555", "Total Equity Gross Minority Interest": "1,423,785", "Total Capitalization": "3,493,871", "Common Stock Equity": "1,423,785", "Net Tangible Assets": "721,715", "Working Capital": "-1,079,387", "Invested Capital": "4,810,480", "Tangible Book Value": "721,715", "Total Debt": "3,386,695", "Net Debt": "3,380,278", "Share Issued": "92,394", "Ordinary Shares Number": "92,394", "Treasury Shares Number": "-"}, "12/31/2018": {"Duration": "12/31/2018", "Total Assets": "5,956,577", "Total Liabilities Net Minority Interest": "4,689,555", "Total Equity Gross Minority Interest": "1,267,022", "Total Capitalization": "3,373,885", "Common Stock Equity": "1,267,022", "Net Tangible Assets": "532,415", "Working Capital": "-917,646", "Invested Capital": "4,378,294", "Tangible Book Value": "532,415", "Total Debt": "3,111,272", "Net Debt": "3,081,242", "Share Issued": "85,740", "Ordinary Shares Number": "85,506", "Treasury Shares Number": "233.482"}}, "cf": {"TTM": {"Duration": "TTM", "Operating Cash Flow": "311,639", "Investing Cash Flow": "-507,751", "Financing Cash Flow": "209,562", "End Cash Position": "41,831", "Interest Paid Supplemental Data": "108,901", "Capital Expenditure": "-486,451", "Issuance of Capital Stock": "200,000", "Issuance of Debt": "1,050,000", "Repayment of Debt": "-676,100", "Repurchase of Capital Stock": "-2,409", "Free Cash Flow": "-174,812"}, "12/31/2020": {"Duration": "12/31/2020", "Operating Cash Flow": "311,639", "Investing Cash Flow": "-507,751", "Financing Cash Flow": "209,562", "End Cash Position": "41,831", "Interest Paid Supplemental Data": "108,901", "Capital Expenditure": "-486,451", "Issuance of Capital Stock": "200,000", "Issuance of Debt": "1,050,000", "Repayment of Debt": "-676,100", "Repurchase of Capital Stock": "-2,409", "Free Cash Flow": "-174,812"}, "12/31/2019": {"Duration": "12/31/2019", "Operating Cash Flow": "121,052", "Investing Cash Flow": "-477,648", "Financing Cash Flow": "353,298", "End Cash Position": "28,381", "Interest Paid Supplemental Data": "114,015", "Capital Expenditure": "-504,212", "Issuance of Capital Stock": "189,032", "Issuance of Debt": "429,657", "Repayment of Debt": "-736,653", "Repurchase of Capital Stock": "0", "Free Cash Flow": "-383,160"}, "12/31/2018": {"Duration": "12/31/2018", "Operating Cash Flow": "143,583", "Investing Cash Flow": "-1,788,785", "Financing Cash Flow": "1,637,186", "End Cash Position": "31,679", "Interest Paid Supplemental Data": "84,792", "Capital Expenditure": "-341,120", "Issuance of Capital Stock": "173,750", "Issuance of Debt": "2,432,500", "Repayment of Debt": "-790,483", "Repurchase of Capital Stock": "-7,149", "Free Cash Flow": "-197,537"}}}}, {"SPH": {"quote": {"05/08/2021": {"value": "14.71", "Market Cap": "919.805M", "Beta (5Y Monthly)": "N/A", "PE Ratio (TTM)": "8.56", "EPS (TTM)": "1.72", "Earnings Date": "Aug 04, 2021 - Aug 09, 2021", "Forward Dividend & Yield": "1.20 (8.16%)", "Ex-Dividend Date": "May 03, 2021", "1y Target Est": "N/A"}}, "fin": {"TTM": {"Duration": "TTM", "Total Revenue": "1,079,210", "Cost of Revenue": "760,791", "Gross Profit": "318,419", "Operating Expense": "180,317", "Operating Income": "138,102", "Net Non Operating Interest Income Expense": "-73,790", "Other Income Expense": "-5,031", "Pretax Income": "59,281", "Tax Provision": "709", "Net Income Common Stockholders": "58,572", "Diluted NI Available to Com Stockholders": "58,572", "Basic EPS": "-", "Diluted EPS": "-", "Basic Average Shares": "-", "Diluted Average Shares": "-", "Total Operating Income as Reported": "138,102", "Total Expenses": "941,108", "Net Income from Continuing & Discontinued Operation": "58,572", "Normalized Income": "58,680", "Interest Expense": "73,790", "Net Interest Income": "-73,790", "EBIT": "133,071", "EBITDA": "248,605", "Reconciled Cost of Revenue": "760,791", "Reconciled Depreciation": "115,534", "Net Income from Continuing Operation Net Minority Interest": "58,572", "Total Unusual Items Excluding Goodwill": "-109", "Total Unusual Items": "-109", "Normalized EBITDA": "248,714", "Tax Rate for Calcs": "0", "Tax Effect of Unusual Items": "-1.3036"}, "9/30/2020": {"Duration": "9/30/2020", "Total Revenue": "1,107,897", "Cost of Revenue": "784,909", "Gross Profit": "322,988", "Operating Expense": "182,718", "Operating Income": "140,270", "Net Non Operating Interest Income Expense": "-74,727", "Other Income Expense": "-4,931", "Pretax Income": "60,612", "Tax Provision": "-146", "Net Income Common Stockholders": "60,758", "Diluted NI Available to Com Stockholders": "60,758", "Basic EPS": "0.98", "Diluted EPS": "0.97", "Basic Average Shares": "62,299", "Diluted Average Shares": "62,727", "Total Operating Income as Reported": "140,270", "Total Expenses": "967,627", "Net Income from Continuing & Discontinued Operation": "60,758", "Normalized Income": "60,838", "Interest Expense": "74,727", "Net Interest Income": "-74,727", "EBIT": "135,339", "EBITDA": "-", "Reconciled Cost of Revenue": "784,909", "Reconciled Depreciation": "116,791", "Net Income from Continuing Operation Net Minority Interest": "60,758", "Total Unusual Items Excluding Goodwill": "-109", "Total Unusual Items": "-109", "Normalized EBITDA": "252,239", "Tax Rate for Calcs": "0", "Tax Effect of Unusual Items": "-29.43"}, "9/30/2019": {"Duration": "9/30/2019", "Total Revenue": "1,267,705", "Cost of Revenue": "924,945", "Gross Profit": "342,760", "Operating Expense": "191,906", "Operating Income": "150,854", "Net Non Operating Interest Income Expense": "-76,663", "Other Income Expense": "-4,702", "Pretax Income": "69,489", "Tax Provision": "857", "Net Income Common Stockholders": "68,632", "Diluted NI Available to Com Stockholders": "68,632", "Basic EPS": "1.11", "Diluted EPS": "1.10", "Basic Average Shares": "61,992", "Diluted Average Shares": "62,366", "Total Operating Income as Reported": "150,854", "Total Expenses": "1,116,851", "Net Income from Continuing & Discontinued Operation": "68,632", "Normalized Income": "68,632", "Interest Expense": "76,663", "Net Interest Income": "-76,663", "EBIT": "146,152", "EBITDA": "-", "Reconciled Cost of Revenue": "924,945", "Reconciled Depreciation": "120,872", "Net Income from Continuing Operation Net Minority Interest": "68,632", "Total Unusual Items Excluding Goodwill": "0", "Total Unusual Items": "0", "Normalized EBITDA": "267,024", "Tax Rate for Calcs": "0", "Tax Effect of Unusual Items": "0"}, "9/30/2018": {"Duration": "9/30/2018", "Total Revenue": "1,344,413", "Cost of Revenue": "994,811", "Gross Profit": "349,602", "Operating Expense": "191,468", "Operating Income": "158,134", "Net Non Operating Interest Income Expense": "-77,383", "Other Income Expense": "-4,823", "Pretax Income": "75,928", "Tax Provision": "-606", "Net Income Common Stockholders": "76,534", "Diluted NI Available to Com Stockholders": "76,534", "Basic EPS": "1.24", "Diluted EPS": "1.24", "Basic Average Shares": "61,557", "Diluted Average Shares": "61,847", "Total Operating Income as Reported": "153,311", "Total Expenses": "1,186,279", "Net Income from Continuing & Discontinued Operation": "76,534", "Normalized Income": "80,055", "Interest Expense": "77,383", "Net Interest Income": "-77,383", "EBIT": "153,311", "EBITDA": "-", "Reconciled Cost of Revenue": "994,811", "Reconciled Depreciation": "125,222", "Net Income from Continuing Operation Net Minority Interest": "76,534", "Total Unusual Items Excluding Goodwill": "-4,823", "Total Unusual Items": "-4,823", "Normalized EBITDA": "283,356", "Tax Rate for Calcs": "0", "Tax Effect of Unusual Items": "-1,302"}}, "bs": {"9/30/2020": {"Duration": "9/30/2020", "Total Assets": "2,047,253", "Total Liabilities Net Minority Interest": "1,684,872", "Total Equity Gross Minority Interest": "362,381", "Total Capitalization": "1,572,557", "Common Stock Equity": "362,381", "Capital Lease Obligations": "119,104", "Net Tangible Assets": "-1,187,921", "Working Capital": "-128,558", "Invested Capital": "1,572,557", "Tangible Book Value": "-825,540", "Total Debt": "1,329,280", "Net Debt": "1,207,036", "Share Issued": "62,146", "Ordinary Shares Number": "62,146"}, "9/30/2019": {"Duration": "9/30/2019", "Total Assets": "1,998,348", "Total Liabilities Net Minority Interest": "1,574,518", "Total Equity Gross Minority Interest": "423,830", "Total Capitalization": "1,650,887", "Common Stock Equity": "423,830", "Capital Lease Obligations": "-", "Net Tangible Assets": "-1,226,522", "Working Capital": "-92,690", "Invested Capital": "1,650,887", "Tangible Book Value": "-802,692", "Total Debt": "1,227,057", "Net Debt": "1,224,616", "Share Issued": "61,735", "Ordinary Shares Number": "61,735"}, "9/30/2018": {"Duration": "9/30/2018", "Total Assets": "2,101,199", "Total Liabilities Net Minority Interest": "1,607,375", "Total Equity Gross Minority Interest": "493,824", "Total Capitalization": "1,748,962", "Common Stock Equity": "493,824", "Capital Lease Obligations": "-", "Net Tangible Assets": "-1,268,653", "Working Capital": "-61,270", "Invested Capital": "1,748,962", "Tangible Book Value": "-774,829", "Total Debt": "1,255,138", "Net Debt": "1,249,974", "Share Issued": "61,405", "Ordinary Shares Number": "61,405"}}, "cf": {"TTM": {"Duration": "TTM", "Operating Cash Flow": "197,976", "Investing Cash Flow": "-31,231", "Financing Cash Flow": "-167,349", "End Cash Position": "5,313", "Interest Paid Supplemental Data": "-", "Capital Expenditure": "-25,271", "Issuance of Debt": "457,200", "Repayment of Debt": "-506,900", "Free Cash Flow": "172,705"}, "9/30/2020": {"Duration": "9/30/2020", "Operating Cash Flow": "209,354", "Investing Cash Flow": "-53,243", "Financing Cash Flow": "-155,412", "End Cash Position": "3,140", "Interest Paid Supplemental Data": "72,024", "Capital Expenditure": "-32,498", "Issuance of Debt": "493,000", "Repayment of Debt": "-511,900", "Free Cash Flow": "176,856"}, "9/30/2019": {"Duration": "9/30/2019", "Operating Cash Flow": "226,781", "Investing Cash Flow": "-48,515", "Financing Cash Flow": "-180,989", "End Cash Position": "2,441", "Interest Paid Supplemental Data": "73,221", "Capital Expenditure": "-34,978", "Issuance of Debt": "370,700", "Repayment of Debt": "-400,800", "Free Cash Flow": "191,803"}, "9/30/2018": {"Duration": "9/30/2018", "Operating Cash Flow": "208,542", "Investing Cash Flow": "-39,090", "Financing Cash Flow": "-167,077", "End Cash Position": "5,164", "Interest Paid Supplemental Data": "74,121", "Capital Expenditure": "-32,902", "Issuance of Debt": "350,100", "Repayment of Debt": "-369,145", "Free Cash Flow": "175,640"}}}}, {"SR": {"quote": {"05/08/2021": {"value": "75.89", "Market Cap": "3.921B", "Beta (5Y Monthly)": "0.29", "PE Ratio (TTM)": "40.80", "EPS (TTM)": "1.86", "Earnings Date": "Aug 03, 2021 - Aug 09, 2021", "Forward Dividend & Yield": "2.60 (3.43%)", "Ex-Dividend Date": "Mar 10, 2021", "1y Target Est": "75.70"}}, "fin": {"TTM": {"Duration": "TTM", "Total Revenue": "1,801,100", "Cost of Revenue": "1,069,000", "Gross Profit": "732,100", "Operating Expense": "346,500", "Operating Income": "385,600", "Net Non Operating Interest Income Expense": "-104,500", "Other Income Expense": "-149,900", "Pretax Income": "131,200", "Tax Provision": "20,700", "Net Income Common Stockholders": "95,600", "Average Dilution Earnings": "-", "Diluted NI Available to Com Stockholders": "95,600", "Basic EPS": "-", "Diluted EPS": "-", "Basic Average Shares": "-", "Diluted Average Shares": "-", "Total Operating Income as Reported": "237,000", "Total Expenses": "1,415,500", "Interest Expense": "104,500", "Net Interest Income": "-104,500", "Net Income from Continuing & Discontinued Operation": "110,500", "Normalized Income": "110,500", "EBIT": "235,700", "EBITDA": "436,300", "Reconciled Cost of Revenue": "1,069,000", "Reconciled Depreciation": "200,600", "Net Income from Continuing Operation Net Minority Interest": "110,500", "Total Unusual Items Excluding Goodwill": "-", "Total Unusual Items": "-", "Normalized EBITDA": "436,300", "Tax Rate for Calcs": "0", "Tax Effect of Unusual Items": "0"}, "9/30/2020": {"Duration": "9/30/2020", "Total Revenue": "1,855,400", "Cost of Revenue": "1,154,700", "Gross Profit": "700,700", "Operating Expense": "345,700", "Operating Income": "355,000", "Net Non Operating Interest Income Expense": "-105,500", "Other Income Expense": "-148,500", "Pretax Income": "101,000", "Tax Provision": "12,400", "Net Income Common Stockholders": "73,700", "Average Dilution Earnings": "0", "Diluted NI Available to Com Stockholders": "73,700", "Basic EPS": "1.44", "Diluted EPS": "1.44", "Basic Average Shares": "51,200", "Diluted Average Shares": "51,300", "Total Operating Income as Reported": "206,400", "Total Expenses": "1,500,400", "Interest Expense": "105,500", "Net Interest Income": "-105,500", "Net Income from Continuing & Discontinued Operation": "88,600", "Normalized Income": "218,956", "EBIT": "206,500", "EBITDA": "-", "Reconciled Cost of Revenue": "1,154,700", "Reconciled Depreciation": "197,300", "Net Income from Continuing Operation Net Minority Interest": "88,600", "Total Unusual Items Excluding Goodwill": "-148,600", "Total Unusual Items": "-148,600", "Normalized EBITDA": "552,400", "Tax Rate for Calcs": "0", "Tax Effect of Unusual Items": "-18,244"}, "9/30/2019": {"Duration": "9/30/2019", "Total Revenue": "1,952,400", "Cost of Revenue": "1,319,000", "Gross Profit": "633,400", "Operating Expense": "331,100", "Operating Income": "302,300", "Net Non Operating Interest Income Expense": "-104,400", "Other Income Expense": "21,200", "Pretax Income": "219,100", "Tax Provision": "34,500", "Net Income Common Stockholders": "178,900", "Average Dilution Earnings": "-", "Diluted NI Available to Com Stockholders": "178,900", "Basic EPS": "3.53", "Diluted EPS": "3.52", "Basic Average Shares": "50,700", "Diluted Average Shares": "50,800", "Total Operating Income as Reported": "302,300", "Total Expenses": "1,650,100", "Interest Expense": "104,400", "Net Interest Income": "-104,400", "Net Income from Continuing & Discontinued Operation": "184,600", "Normalized Income": "184,600", "EBIT": "323,500", "EBITDA": "-", "Reconciled Cost of Revenue": "1,316,700", "Reconciled Depreciation": "181,700", "Net Income from Continuing Operation Net Minority Interest": "184,600", "Total Unusual Items Excluding Goodwill": "-", "Total Unusual Items": "-", "Normalized EBITDA": "505,200", "Tax Rate for Calcs": "0", "Tax Effect of Unusual Items": "0"}, "9/30/2018": {"Duration": "9/30/2018", "Total Revenue": "1,965,000", "Cost of Revenue": "1,365,800", "Gross Profit": "599,200", "Operating Expense": "319,500", "Operating Income": "279,700", "Net Non Operating Interest Income Expense": "-98,400", "Other Income Expense": "6,400", "Pretax Income": "187,700", "Tax Provision": "-26,500", "Net Income Common Stockholders": "214,200", "Average Dilution Earnings": "-", "Diluted NI Available to Com Stockholders": "214,200", "Basic EPS": "4.35", "Diluted EPS": "4.33", "Basic Average Shares": "49,100", "Diluted Average Shares": "49,300", "Total Operating Income as Reported": "279,700", "Total Expenses": "1,685,300", "Interest Expense": "98,400", "Net Interest Income": "-98,400", "Net Income from Continuing & Discontinued Operation": "214,200", "Normalized Income": "214,200", "EBIT": "286,100", "EBITDA": "-", "Reconciled Cost of Revenue": "1,364,400", "Reconciled Depreciation": "168,400", "Net Income from Continuing Operation Net Minority Interest": "214,200", "Total Unusual Items Excluding Goodwill": "-", "Total Unusual Items": "-", "Normalized EBITDA": "454,500", "Tax Rate for Calcs": "0", "Tax Effect of Unusual Items": "0"}}, "bs": {"9/30/2020": {"Duration": "9/30/2020", "Total Assets": "8,241,200", "Total Liabilities Net Minority Interest": "5,718,900", "Total Equity Gross Minority Interest": "2,522,300", "Total Capitalization": "4,946,000", "Preferred Stock Equity": "242,000", "Common Stock Equity": "2,280,300", "Net Tangible Assets": "1,350,700", "Working Capital": "-858,600", "Invested Capital": "5,412,400", "Tangible Book Value": "1,108,700", "Total Debt": "3,132,100", "Net Debt": "3,128,000", "Share Issued": "51,600", "Ordinary Shares Number": "51,600", "Preferred Shares Number": "10,000,000"}, "9/30/2019": {"Duration": "9/30/2019", "Total Assets": "7,619,200", "Total Liabilities Net Minority Interest": "5,076,200", "Total Equity Gross Minority Interest": "2,543,000", "Total Capitalization": "4,625,600", "Preferred Stock Equity": "242,000", "Common Stock Equity": "2,301,000", "Net Tangible Assets": "1,371,400", "Working Capital": "-854,300", "Invested Capital": "5,166,800", "Tangible Book Value": "1,129,400", "Total Debt": "2,865,800", "Net Debt": "2,860,000", "Share Issued": "50,974", "Ordinary Shares Number": "50,974", "Preferred Shares Number": "10,000,000"}, "9/30/2018": {"Duration": "9/30/2018", "Total Assets": "6,843,600", "Total Liabilities Net Minority Interest": "4,588,200", "Total Equity Gross Minority Interest": "2,255,400", "Total Capitalization": "4,155,500", "Preferred Stock Equity": "-", "Common Stock Equity": "2,255,400", "Net Tangible Assets": "1,083,800", "Working Capital": "-662,100", "Invested Capital": "4,884,600", "Tangible Book Value": "1,083,800", "Total Debt": "2,629,200", "Net Debt": "2,624,800", "Share Issued": "50,672", "Ordinary Shares Number": "50,672", "Preferred Shares Number": "-"}}, "cf": {"TTM": {"Duration": "TTM", "Operating Cash Flow": "413,000", "Investing Cash Flow": "-602,600", "Financing Cash Flow": "171,600", "End Cash Position": "3,500", "Income Tax Paid Supplemental Data": "3,200", "Interest Paid Supplemental Data": "103,900", "Capital Expenditure": "-609,700", "Issuance of Capital Stock": "39,200", "Issuance of Debt": "150,000", "Repayment of Debt": "-147,600", "Free Cash Flow": "-196,700"}, "9/30/2020": {"Duration": "9/30/2020", "Operating Cash Flow": "469,900", "Investing Cash Flow": "-631,600", "Financing Cash Flow": "160,000", "End Cash Position": "4,100", "Income Tax Paid Supplemental Data": "2,900", "Interest Paid Supplemental Data": "100,000", "Capital Expenditure": "-638,400", "Issuance of Capital Stock": "41,100", "Issuance of Debt": "510,000", "Repayment of Debt": "-242,200", "Free Cash Flow": "-168,500"}, "9/30/2019": {"Duration": "9/30/2019", "Operating Cash Flow": "450,900", "Investing Cash Flow": "-838,300", "Financing Cash Flow": "371,800", "End Cash Position": "5,800", "Income Tax Paid Supplemental Data": "2,700", "Interest Paid Supplemental Data": "102,400", "Capital Expenditure": "-823,300", "Issuance of Capital Stock": "261,500", "Issuance of Debt": "419,600", "Repayment of Debt": "-184,100", "Free Cash Flow": "-372,400"}, "9/30/2018": {"Duration": "9/30/2018", "Operating Cash Flow": "456,600", "Investing Cash Flow": "-531,700", "Financing Cash Flow": "89,100", "End Cash Position": "21,400", "Income Tax Paid Supplemental Data": "1,500", "Interest Paid Supplemental Data": "95,100", "Capital Expenditure": "-499,400", "Issuance of Capital Stock": "154,700", "Issuance of Debt": "151,300", "Repayment of Debt": "-105,000", "Free Cash Flow": "-42,800"}}}}, {"APU": {"fin": {}, "bs": {}, "cf": {}}}, {"SXE": {"fin": {}, "bs": {}, "cf": {}}}]