[{"DVLY": {"quote": {"05/08/2021": {"value": "0.8500", "Market Cap": "12.722M", "Beta (5Y Monthly)": "N/A", "PE Ratio (TTM)": "6.75", "EPS (TTM)": "N/A", "Earnings Date": "N/A", "Forward Dividend & Yield": "N/A (N/A)", "Ex-Dividend Date": "N/A", "1y Target Est": "N/A"}}, "fin": {"res": "ERROR: Unable to sync data for: fin > DVLY"}, "bs": {"res": "ERROR: Unable to sync data for: bs > DVLY"}, "cf": {}}}, {"NOBH": {"quote": {"05/12/2021": {"value": "33.00", "Market Cap": "119.859M", "Beta (5Y Monthly)": "0.52", "PE Ratio (TTM)": "21.29", "EPS (TTM)": "1.55", "Earnings Date": "Jan 05, 2021", "Forward Dividend & Yield": "1.00 (2.99%)", "Ex-Dividend Date": "Mar 11, 2021", "1y Target Est": "0.00"}}, "fin": {"TTM": {"Duration": "TTM", "Total Revenue": "41,240", "Cost of Revenue": "29,502", "Gross Profit": "11,738", "Operating Expense": "5,002", "Operating Income": "6,737", "Net Non Operating Interest Income Expense": "215.67", "Other Income Expense": "472.738", "Pretax Income": "7,425", "Tax Provision": "1,776", "Net Income Common Stockholders": "5,649", "Diluted NI Available to Com Stockholders": "5,649", "Basic EPS": "-", "Diluted EPS": "-", "Basic Average Shares": "-", "Diluted Average Shares": "-", "Total Operating Income as Reported": "6,737", "Total Expenses": "34,503", "Net Income from Continuing & Discontinued Operation": "5,649", "Normalized Income": "5,649", "Interest Income": "215.67", "Interest Expense": "-", "Net Interest Income": "215.67", "EBIT": "6,737", "EBITDA": "6,960", "Reconciled Cost of Revenue": "29,502", "Reconciled Depreciation": "223.92", "Net Income from Continuing Operation Net Minority Interest": "5,649", "Total Unusual Items Excluding Goodwill": "-", "Total Unusual Items": "-", "Normalized EBITDA": "6,960", "Tax Rate for Calcs": "0", "Tax Effect of Unusual Items": "0"}, "10/31/2020": {"Duration": "10/31/2020", "Total Revenue": "41,612", "Cost of Revenue": "29,482", "Gross Profit": "12,130", "Operating Expense": "4,984", "Operating Income": "7,146", "Net Non Operating Interest Income Expense": "286.897", "Other Income Expense": "436.019", "Pretax Income": "7,869", "Tax Provision": "1,885", "Net Income Common Stockholders": "5,984", "Diluted NI Available to Com Stockholders": "5,984", "Basic EPS": "1.64", "Diluted EPS": "1.64", "Basic Average Shares": "3,639", "Diluted Average Shares": "3,640", "Total Operating Income as Reported": "7,146", "Total Expenses": "34,466", "Net Income from Continuing & Discontinued Operation": "5,984", "Normalized Income": "6,078", "Interest Income": "286.897", "Interest Expense": "-", "Net Interest Income": "286.897", "EBIT": "7,146", "EBITDA": "-", "Reconciled Cost of Revenue": "29,482", "Reconciled Depreciation": "216.387", "Net Income from Continuing Operation Net Minority Interest": "5,984", "Total Unusual Items Excluding Goodwill": "-123.365", "Total Unusual Items": "-123.365", "Normalized EBITDA": "7,486", "Tax Rate for Calcs": "0", "Tax Effect of Unusual Items": "-29.5575"}, "10/31/2019": {"Duration": "10/31/2019", "Total Revenue": "46,348", "Cost of Revenue": "32,695", "Gross Profit": "13,653", "Operating Expense": "5,352", "Operating Income": "8,301", "Net Non Operating Interest Income Expense": "556.142", "Other Income Expense": "2,923", "Pretax Income": "11,780", "Tax Provision": "2,969", "Net Income Common Stockholders": "8,810", "Diluted NI Available to Com Stockholders": "8,810", "Basic EPS": "2.32", "Diluted EPS": "2.32", "Basic Average Shares": "3,803", "Diluted Average Shares": "3,805", "Total Operating Income as Reported": "8,301", "Total Expenses": "38,047", "Net Income from Continuing & Discontinued Operation": "8,810", "Normalized Income": "8,152", "Interest Income": "556.142", "Interest Expense": "-", "Net Interest Income": "556.142", "EBIT": "8,301", "EBITDA": "-", "Reconciled Cost of Revenue": "32,695", "Reconciled Depreciation": "163.077", "Net Income from Continuing Operation Net Minority Interest": "8,810", "Total Unusual Items Excluding Goodwill": "880.129", "Total Unusual Items": "880.129", "Normalized EBITDA": "7,584", "Tax Rate for Calcs": "0", "Tax Effect of Unusual Items": "221.8424"}, "10/31/2018": {"Duration": "10/31/2018", "Total Revenue": "42,812", "Cost of Revenue": "32,132", "Gross Profit": "10,680", "Operating Expense": "4,957", "Operating Income": "5,723", "Net Non Operating Interest Income Expense": "362.121", "Other Income Expense": "520.515", "Pretax Income": "6,605", "Tax Provision": "1,642", "Net Income Common Stockholders": "4,964", "Diluted NI Available to Com Stockholders": "4,964", "Basic EPS": "1.27", "Diluted EPS": "1.27", "Basic Average Shares": "3,912", "Diluted Average Shares": "3,914", "Total Operating Income as Reported": "5,723", "Total Expenses": "37,089", "Net Income from Continuing & Discontinued Operation": "4,964", "Normalized Income": "4,811", "Interest Income": "362.121", "Interest Expense": "-", "Net Interest Income": "362.121", "EBIT": "5,723", "EBITDA": "-", "Reconciled Cost of Revenue": "32,132", "Reconciled Depreciation": "148.204", "Net Income from Continuing Operation Net Minority Interest": "4,964", "Total Unusual Items Excluding Goodwill": "203.512", "Total Unusual Items": "203.512", "Normalized EBITDA": "5,668", "Tax Rate for Calcs": "0", "Tax Effect of Unusual Items": "50.5842"}, "10/31/2017": {"Duration": "10/31/2017", "Total Revenue": "37,543", "Cost of Revenue": "28,882", "Gross Profit": "8,661", "Operating Expense": "4,305", "Operating Income": "4,356", "Net Non Operating Interest Income Expense": "149.613", "Other Income Expense": "662.763", "Pretax Income": "5,168", "Tax Provision": "1,858", "Net Income Common Stockholders": "3,310", "Diluted NI Available to Com Stockholders": "3,310", "Basic EPS": "0.83", "Diluted EPS": "0.83", "Basic Average Shares": "4,002", "Diluted Average Shares": "4,004", "Total Operating Income as Reported": "4,356", "Total Expenses": "33,187", "Net Income from Continuing & Discontinued Operation": "3,310", "Normalized Income": "3,310", "Interest Income": "149.613", "Interest Expense": "-", "Net Interest Income": "149.613", "EBIT": "4,356", "EBITDA": "-", "Reconciled Cost of Revenue": "28,882", "Reconciled Depreciation": "113.757", "Net Income from Continuing Operation Net Minority Interest": "3,310", "Total Unusual Items Excluding Goodwill": "-", "Total Unusual Items": "-", "Normalized EBITDA": "4,470", "Tax Rate for Calcs": "0", "Tax Effect of Unusual Items": "0"}, "10/31/2016": {"Duration": "10/31/2016", "Total Revenue": "34,053", "Cost of Revenue": "26,117", "Gross Profit": "7,936", "Operating Expense": "3,782", "Operating Income": "4,154", "Net Non Operating Interest Income Expense": "112.802", "Other Income Expense": "4,918", "Pretax Income": "9,184", "Tax Provision": "3,219", "Net Income Common Stockholders": "5,965", "Diluted NI Available to Com Stockholders": "5,965", "Basic EPS": "1.45", "Diluted EPS": "1.45", "Basic Average Shares": "4,021", "Diluted Average Shares": "4,022", "Total Operating Income as Reported": "4,154", "Total Expenses": "29,899", "Net Income from Continuing & Discontinued Operation": "5,965", "Normalized Income": "5,965", "Interest Income": "112.802", "Interest Expense": "-", "Net Interest Income": "112.802", "EBIT": "4,154", "EBITDA": "-", "Reconciled Cost of Revenue": "26,117", "Reconciled Depreciation": "98.616", "Net Income from Continuing Operation Net Minority Interest": "5,965", "Total Unusual Items Excluding Goodwill": "-", "Total Unusual Items": "-", "Normalized EBITDA": "4,252", "Tax Rate for Calcs": "0", "Tax Effect of Unusual Items": "0"}, "10/31/2015": {"Duration": "10/31/2015", "Total Revenue": "27,837", "Cost of Revenue": "21,701", "Gross Profit": "6,135", "Operating Expense": "3,194", "Operating Income": "2,941", "Net Non Operating Interest Income Expense": "59.985", "Other Income Expense": "49.764", "Pretax Income": "3,051", "Tax Provision": "135.806", "Net Income Common Stockholders": "2,915", "Diluted NI Available to Com Stockholders": "2,915", "Basic EPS": "0.72", "Diluted EPS": "0.72", "Basic Average Shares": "4,053", "Diluted Average Shares": "4,053", "Total Operating Income as Reported": "2,941", "Total Expenses": "24,895", "Net Income from Continuing & Discontinued Operation": "2,915", "Normalized Income": "2,915", "Interest Income": "59.985", "Interest Expense": "-", "Net Interest Income": "59.985", "EBIT": "2,941", "EBITDA": "-", "Reconciled Cost of Revenue": "21,701", "Reconciled Depreciation": "110.169", "Net Income from Continuing Operation Net Minority Interest": "2,915", "Total Unusual Items Excluding Goodwill": "-", "Total Unusual Items": "-", "Normalized EBITDA": "3,052", "Tax Rate for Calcs": "0", "Tax Effect of Unusual Items": "0"}, "10/31/2014": {"Duration": "10/31/2014", "Total Revenue": "21,152", "Cost of Revenue": "16,781", "Gross Profit": "4,372", "Operating Expense": "3,061", "Operating Income": "1,311", "Net Non Operating Interest Income Expense": "63.137", "Other Income Expense": "-112.233", "Pretax Income": "1,262", "Tax Provision": "4.036", "Net Income Common Stockholders": "1,258", "Diluted NI Available to Com Stockholders": "1,258", "Basic EPS": "0.32", "Diluted EPS": "0.32", "Basic Average Shares": "4,060", "Diluted Average Shares": "4,061", "Total Operating Income as Reported": "1,311", "Total Expenses": "19,841", "Net Income from Continuing & Discontinued Operation": "1,258", "Normalized Income": "1,258", "Interest Income": "63.137", "Interest Expense": "-", "Net Interest Income": "63.137", "EBIT": "1,311", "EBITDA": "-", "Reconciled Cost of Revenue": "16,781", "Reconciled Depreciation": "95.843", "Net Income from Continuing Operation Net Minority Interest": "1,258", "Total Unusual Items Excluding Goodwill": "74.377", "Total Unusual Items": "74.377", "Normalized EBITDA": "1,407", "Tax Rate for Calcs": "0", "Tax Effect of Unusual Items": "0"}, "10/31/2013": {"Duration": "10/31/2013", "Total Revenue": "18,526", "Cost of Revenue": "15,149", "Gross Profit": "3,377", "Operating Expense": "2,595", "Operating Income": "781.692", "Net Non Operating Interest Income Expense": "53.346", "Other Income Expense": "-94.25", "Pretax Income": "740.788", "Tax Provision": "-6.318", "Net Income Common Stockholders": "747.106", "Diluted NI Available to Com Stockholders": "747.106", "Basic EPS": "0.18", "Diluted EPS": "0.18", "Basic Average Shares": "4,057", "Diluted Average Shares": "4,057", "Total Operating Income as Reported": "781.692", "Total Expenses": "17,744", "Net Income from Continuing & Discontinued Operation": "747.106", "Normalized Income": "747.106", "Interest Income": "53.346", "Interest Expense": "-", "Net Interest Income": "53.346", "EBIT": "781.692", "EBITDA": "-", "Reconciled Cost of Revenue": "15,149", "Reconciled Depreciation": "102.968", "Net Income from Continuing Operation Net Minority Interest": "747.106", "Total Unusual Items Excluding Goodwill": "-", "Total Unusual Items": "-", "Normalized EBITDA": "884.66", "Tax Rate for Calcs": "0", "Tax Effect of Unusual Items": "0"}, "10/31/2012": {"Duration": "10/31/2012", "Total Revenue": "15,835", "Cost of Revenue": "12,975", "Gross Profit": "2,859", "Operating Expense": "2,709", "Operating Income": "150.012", "Net Non Operating Interest Income Expense": "59.834", "Other Income Expense": "-160.087", "Pretax Income": "49.759", "Tax Provision": "0", "Net Income Common Stockholders": "49.759", "Diluted NI Available to Com Stockholders": "49.759", "Basic EPS": "0.01", "Diluted EPS": "0.01", "Basic Average Shares": "4,057", "Diluted Average Shares": "4,057", "Total Operating Income as Reported": "150.012", "Total Expenses": "15,685", "Net Income from Continuing & Discontinued Operation": "49.759", "Normalized Income": "-29.898", "Interest Income": "59.834", "Interest Expense": "-", "Net Interest Income": "59.834", "EBIT": "150.012", "EBITDA": "-", "Reconciled Cost of Revenue": "12,975", "Reconciled Depreciation": "116.248", "Net Income from Continuing Operation Net Minority Interest": "49.759", "Total Unusual Items Excluding Goodwill": "79.657", "Total Unusual Items": "79.657", "Normalized EBITDA": "186.603", "Tax Rate for Calcs": "0", "Tax Effect of Unusual Items": "0"}, "10/31/2011": {"Duration": "10/31/2011", "Total Revenue": "13,429", "Cost of Revenue": "12,962", "Gross Profit": "466.474", "Operating Expense": "3,924", "Operating Income": "-3,457", "Net Non Operating Interest Income Expense": "169.521", "Other Income Expense": "-2,224", "Pretax Income": "-5,511", "Tax Provision": "0", "Net Income Common Stockholders": "-5,511", "Diluted NI Available to Com Stockholders": "-5,511", "Basic EPS": "-1.36", "Diluted EPS": "-1.36", "Basic Average Shares": "4,056", "Diluted Average Shares": "4,056", "Total Operating Income as Reported": "-3,457", "Total Expenses": "16,886", "Net Income from Continuing & Discontinued Operation": "-5,511", "Normalized Income": "-5,588", "Interest Income": "169.521", "Interest Expense": "-", "Net Interest Income": "169.521", "EBIT": "-3,457", "EBITDA": "-", "Reconciled Cost of Revenue": "12,962", "Reconciled Depreciation": "134.982", "Net Income from Continuing Operation Net Minority Interest": "-5,511", "Total Unusual Items Excluding Goodwill": "76.596", "Total Unusual Items": "76.596", "Normalized EBITDA": "-3,399", "Tax Rate for Calcs": "0", "Tax Effect of Unusual Items": "0"}, "10/31/2010": {"Duration": "10/31/2010", "Total Revenue": "14,862", "Cost of Revenue": "11,821", "Gross Profit": "3,041", "Operating Expense": "3,857", "Operating Income": "-816.631", "Net Non Operating Interest Income Expense": "254.01", "Other Income Expense": "-875.728", "Pretax Income": "-1,438", "Tax Provision": "-643.219", "Net Income Common Stockholders": "-795.13", "Diluted NI Available to Com Stockholders": "-795.13", "Basic EPS": "-0.20", "Diluted EPS": "-0.20", "Basic Average Shares": "4,056", "Diluted Average Shares": "4,056", "Total Operating Income as Reported": "-816.631", "Total Expenses": "15,678", "Net Income from Continuing & Discontinued Operation": "-795.13", "Normalized Income": "-225.9068", "Interest Income": "254.01", "Interest Expense": "-", "Net Interest Income": "254.01", "EBIT": "-816.631", "EBITDA": "-", "Reconciled Cost of Revenue": "11,821", "Reconciled Depreciation": "168.169", "Net Income from Continuing Operation Net Minority Interest": "-795.13", "Total Unusual Items Excluding Goodwill": "-875.728", "Total Unusual Items": "-875.728", "Normalized EBITDA": "227.266", "Tax Rate for Calcs": "0", "Tax Effect of Unusual Items": "-306.5048"}, "10/31/2009": {"Duration": "10/31/2009", "Total Revenue": "11,869", "Cost of Revenue": "9,514", "Gross Profit": "2,355", "Operating Expense": "4,586", "Operating Income": "-2,231", "Net Non Operating Interest Income Expense": "391.289", "Other Income Expense": "-319.08", "Pretax Income": "-2,158", "Tax Provision": "-1,107", "Net Income Common Stockholders": "-1,052", "Diluted NI Available to Com Stockholders": "-1,052", "Basic EPS": "-0.26", "Diluted EPS": "-0.26", "Basic Average Shares": "4,064", "Diluted Average Shares": "4,064", "Total Operating Income as Reported": "-2,231", "Total Expenses": "14,100", "Net Income from Continuing & Discontinued Operation": "-1,052", "Normalized Income": "-1,169", "Interest Income": "391.289", "Interest Expense": "-", "Net Interest Income": "391.289", "EBIT": "-2,231", "EBITDA": "-", "Reconciled Cost of Revenue": "9,514", "Reconciled Depreciation": "217.075", "Net Income from Continuing Operation Net Minority Interest": "-1,052", "Total Unusual Items Excluding Goodwill": "179.85", "Total Unusual Items": "179.85", "Normalized EBITDA": "-2,193", "Tax Rate for Calcs": "0", "Tax Effect of Unusual Items": "62.9475"}, "10/31/2008": {"Duration": "10/31/2008", "Total Revenue": "30,065", "Cost of Revenue": "21,846", "Gross Profit": "8,219", "Operating Expense": "6,604", "Operating Income": "1,615", "Net Non Operating Interest Income Expense": "-", "Other Income Expense": "572.542", "Pretax Income": "2,734", "Tax Provision": "912.291", "Net Income Common Stockholders": "1,822", "Diluted NI Available to Com Stockholders": "1,822", "Basic EPS": "0.45", "Diluted EPS": "0.45", "Basic Average Shares": "4,088", "Diluted Average Shares": "4,092", "Total Operating Income as Reported": "1,615", "Total Expenses": "28,450", "Net Income from Continuing & Discontinued Operation": "1,822", "Normalized Income": "1,630", "Interest Income": "-", "Interest Expense": "-", "Net Interest Income": "-", "EBIT": "1,615", "EBITDA": "-", "Reconciled Cost of Revenue": "21,846", "Reconciled Depreciation": "305.332", "Net Income from Continuing Operation Net Minority Interest": "1,822", "Total Unusual Items Excluding Goodwill": "288.849", "Total Unusual Items": "288.849", "Normalized EBITDA": "1,632", "Tax Rate for Calcs": "0", "Tax Effect of Unusual Items": "96.3684"}, "10/31/2007": {"Duration": "10/31/2007", "Total Revenue": "40,623", "Cost of Revenue": "28,838", "Gross Profit": "11,785", "Operating Expense": "7,461", "Operating Income": "4,324", "Net Non Operating Interest Income Expense": "-", "Other Income Expense": "1,008", "Pretax Income": "6,147", "Tax Provision": "2,065", "Net Income Common Stockholders": "4,082", "Diluted NI Available to Com Stockholders": "4,082", "Basic EPS": "1.00", "Diluted EPS": "1.00", "Basic Average Shares": "4,085", "Diluted Average Shares": "4,094", "Total Operating Income as Reported": "4,324", "Total Expenses": "36,299", "Net Income from Continuing & Discontinued Operation": "4,082", "Normalized Income": "3,600", "Interest Income": "-", "Interest Expense": "-", "Net Interest Income": "-", "EBIT": "4,324", "EBITDA": "-", "Reconciled Cost of Revenue": "28,838", "Reconciled Depreciation": "457.774", "Net Income from Continuing Operation Net Minority Interest": "4,082", "Total Unusual Items Excluding Goodwill": "725.198", "Total Unusual Items": "725.198", "Normalized EBITDA": "4,057", "Tax Rate for Calcs": "0", "Tax Effect of Unusual Items": "243.6226"}, "10/31/2006": {"Duration": "10/31/2006", "Total Revenue": "59,958", "Cost of Revenue": "42,279", "Gross Profit": "17,679", "Operating Expense": "9,130", "Operating Income": "8,549", "Net Non Operating Interest Income Expense": "-", "Other Income Expense": "817.622", "Pretax Income": "10,147", "Tax Provision": "3,676", "Net Income Common Stockholders": "6,470", "Diluted NI Available to Com Stockholders": "6,470", "Basic EPS": "1.60", "Diluted EPS": "1.59", "Basic Average Shares": "4,049", "Diluted Average Shares": "4,069", "Total Operating Income as Reported": "8,549", "Total Expenses": "51,409", "Net Income from Continuing & Discontinued Operation": "6,470", "Normalized Income": "6,210", "Interest Income": "-", "Interest Expense": "-", "Net Interest Income": "-", "EBIT": "8,549", "EBITDA": "-", "Reconciled Cost of Revenue": "42,279", "Reconciled Depreciation": "452.252", "Net Income from Continuing Operation Net Minority Interest": "6,470", "Total Unusual Items Excluding Goodwill": "408.188", "Total Unusual Items": "408.188", "Normalized EBITDA": "8,593", "Tax Rate for Calcs": "0", "Tax Effect of Unusual Items": "147.8907"}, "10/31/2005": {"Duration": "10/31/2005", "Total Revenue": "56,711", "Cost of Revenue": "40,243", "Gross Profit": "16,468", "Operating Expense": "8,125", "Operating Income": "8,342", "Net Non Operating Interest Income Expense": "-", "Other Income Expense": "430.903", "Pretax Income": "9,372", "Tax Provision": "3,200", "Net Income Common Stockholders": "6,172", "Diluted NI Available to Com Stockholders": "6,172", "Basic EPS": "1.53", "Diluted EPS": "1.49", "Basic Average Shares": "4,034", "Diluted Average Shares": "4,135", "Total Operating Income as Reported": "8,342", "Total Expenses": "48,369", "Net Income from Continuing & Discontinued Operation": "6,172", "Normalized Income": "5,888", "Interest Income": "-", "Interest Expense": "-", "Net Interest Income": "-", "EBIT": "8,342", "EBITDA": "-", "Reconciled Cost of Revenue": "40,243", "Reconciled Depreciation": "297.114", "Net Income from Continuing Operation Net Minority Interest": "6,172", "Total Unusual Items Excluding Goodwill": "430.903", "Total Unusual Items": "430.903", "Normalized EBITDA": "8,209", "Tax Rate for Calcs": "0", "Tax Effect of Unusual Items": "147.1252"}, "10/31/2004": {"Duration": "10/31/2004", "Total Revenue": "50,019", "Cost of Revenue": "37,014", "Gross Profit": "13,005", "Operating Expense": "6,804", "Operating Income": "6,201", "Net Non Operating Interest Income Expense": "-", "Other Income Expense": "455.212", "Pretax Income": "7,033", "Tax Provision": "2,400", "Net Income Common Stockholders": "4,633", "Diluted NI Available to Com Stockholders": "4,633", "Basic EPS": "1.15", "Diluted EPS": "1.13", "Basic Average Shares": "4,017", "Diluted Average Shares": "4,116", "Total Operating Income as Reported": "6,201", "Total Expenses": "43,818", "Net Income from Continuing & Discontinued Operation": "4,633", "Normalized Income": "4,333", "Interest Income": "376.753", "Interest Expense": "-", "Net Interest Income": "376.753", "EBIT": "6,201", "EBITDA": "-", "Reconciled Cost of Revenue": "37,014", "Reconciled Depreciation": "288.942", "Net Income from Continuing Operation Net Minority Interest": "4,633", "Total Unusual Items Excluding Goodwill": "455.212", "Total Unusual Items": "455.212", "Normalized EBITDA": "6,035", "Tax Rate for Calcs": "0", "Tax Effect of Unusual Items": "155.3446"}, "10/31/2003": {"Duration": "10/31/2003", "Total Revenue": "39,229", "Cost of Revenue": "29,362", "Gross Profit": "9,867", "Operating Expense": "5,789", "Operating Income": "4,078", "Net Non Operating Interest Income Expense": "-", "Other Income Expense": "444.863", "Pretax Income": "4,733", "Tax Provision": "1,655", "Net Income Common Stockholders": "3,078", "Diluted NI Available to Com Stockholders": "3,078", "Basic EPS": "0.77", "Diluted EPS": "0.77", "Basic Average Shares": "3,996", "Diluted Average Shares": "4,022", "Total Operating Income as Reported": "4,078", "Total Expenses": "35,152", "Net Income from Continuing & Discontinued Operation": "3,078", "Normalized Income": "2,789", "Interest Income": "-", "Interest Expense": "-", "Net Interest Income": "-", "EBIT": "4,078", "EBITDA": "-", "Reconciled Cost of Revenue": "29,362", "Reconciled Depreciation": "232.377", "Net Income from Continuing Operation Net Minority Interest": "3,078", "Total Unusual Items Excluding Goodwill": "444.863", "Total Unusual Items": "444.863", "Normalized EBITDA": "3,865", "Tax Rate for Calcs": "0", "Tax Effect of Unusual Items": "155.5406"}, "10/31/2002": {"Duration": "10/31/2002", "Total Revenue": "37,916", "Cost of Revenue": "28,115", "Gross Profit": "9,802", "Operating Expense": "5,872", "Operating Income": "3,930", "Net Non Operating Interest Income Expense": "-", "Other Income Expense": "684.177", "Pretax Income": "4,810", "Tax Provision": "1,675", "Net Income Common Stockholders": "3,135", "Diluted NI Available to Com Stockholders": "3,135", "Basic EPS": "0.76", "Diluted EPS": "0.76", "Basic Average Shares": "4,108", "Diluted Average Shares": "4,130", "Total Operating Income as Reported": "3,930", "Total Expenses": "33,987", "Net Income from Continuing & Discontinued Operation": "3,135", "Normalized Income": "2,689", "Interest Income": "-", "Interest Expense": "-", "Net Interest Income": "-", "EBIT": "3,930", "EBITDA": "-", "Reconciled Cost of Revenue": "28,115", "Reconciled Depreciation": "236.176", "Net Income from Continuing Operation Net Minority Interest": "3,135", "Total Unusual Items Excluding Goodwill": "684.177", "Total Unusual Items": "684.177", "Normalized EBITDA": "3,482", "Tax Rate for Calcs": "0", "Tax Effect of Unusual Items": "238.2578"}, "10/31/2001": {"Duration": "10/31/2001", "Total Revenue": "30,288", "Cost of Revenue": "21,852", "Gross Profit": "8,436", "Operating Expense": "5,436", "Operating Income": "3,000", "Net Non Operating Interest Income Expense": "-", "Other Income Expense": "548.423", "Pretax Income": "3,913", "Tax Provision": "1,358", "Net Income Common Stockholders": "2,478", "Diluted NI Available to Com Stockholders": "2,478", "Basic EPS": "0.59", "Diluted EPS": "0.58", "Basic Average Shares": "4,201", "Diluted Average Shares": "4,287", "Total Operating Income as Reported": "3,000", "Total Expenses": "27,288", "Net Income from Continuing & Discontinued Operation": "2,555", "Normalized Income": "2,197", "Interest Income": "-", "Interest Expense": "-", "Net Interest Income": "-", "EBIT": "3,000", "EBITDA": "-", "Reconciled Cost of Revenue": "21,852", "Reconciled Depreciation": "200.458", "Net Income from Continuing Operation Net Minority Interest": "2,555", "Total Unusual Items Excluding Goodwill": "548.423", "Total Unusual Items": "548.423", "Normalized EBITDA": "2,652", "Tax Rate for Calcs": "0", "Tax Effect of Unusual Items": "190.3122"}, "10/31/2000": {"Duration": "10/31/2000", "Total Revenue": "29,565", "Cost of Revenue": "21,762", "Gross Profit": "7,804", "Operating Expense": "5,841", "Operating Income": "1,963", "Net Non Operating Interest Income Expense": "-", "Other Income Expense": "1,205", "Pretax Income": "3,523", "Tax Provision": "1,255", "Net Income Common Stockholders": "2,268", "Diluted NI Available to Com Stockholders": "2,268", "Basic EPS": "0.49", "Diluted EPS": "0.49", "Basic Average Shares": "4,610", "Diluted Average Shares": "4,610", "Total Operating Income as Reported": "1,963", "Total Expenses": "27,603", "Net Income from Continuing & Discontinued Operation": "2,268", "Normalized Income": "1,493", "Interest Income": "-", "Interest Expense": "-", "Net Interest Income": "-", "EBIT": "1,963", "EBITDA": "-", "Reconciled Cost of Revenue": "21,762", "Reconciled Depreciation": "216.765", "Net Income from Continuing Operation Net Minority Interest": "2,268", "Total Unusual Items Excluding Goodwill": "1,205", "Total Unusual Items": "1,205", "Normalized EBITDA": "974.533", "Tax Rate for Calcs": "0", "Tax Effect of Unusual Items": "429.1543"}, "10/31/1999": {"Duration": "10/31/1999", "Total Revenue": "40,300", "Cost of Revenue": "29,500", "Gross Profit": "10,800", "Operating Expense": "7,300", "Operating Income": "3,500", "Net Non Operating Interest Income Expense": "-", "Other Income Expense": "900", "Pretax Income": "4,500", "Tax Provision": "1,700", "Net Income Common Stockholders": "2,800", "Diluted NI Available to Com Stockholders": "2,800", "Basic EPS": "0.58", "Diluted EPS": "0.58", "Basic Average Shares": "4,828", "Diluted Average Shares": "4,828", "Total Operating Income as Reported": "3,500", "Total Expenses": "36,800", "Net Income from Continuing & Discontinued Operation": "2,800", "Normalized Income": "2,240", "Interest Income": "-", "Interest Expense": "-", "Net Interest Income": "-", "EBIT": "3,500", "EBITDA": "-", "Reconciled Cost of Revenue": "29,500", "Reconciled Depreciation": "300", "Net Income from Continuing Operation Net Minority Interest": "2,800", "Total Unusual Items Excluding Goodwill": "900", "Total Unusual Items": "900", "Normalized EBITDA": "2,900", "Tax Rate for Calcs": "0", "Tax Effect of Unusual Items": "340"}, "10/31/1998": {"Duration": "10/31/1998", "Total Revenue": "44,800", "Cost of Revenue": "32,500", "Gross Profit": "12,300", "Operating Expense": "6,400", "Operating Income": "5,900", "Net Non Operating Interest Income Expense": "-", "Other Income Expense": "500", "Pretax Income": "6,300", "Tax Provision": "2,400", "Net Income Common Stockholders": "3,900", "Diluted NI Available to Com Stockholders": "3,900", "Basic EPS": "0.81", "Diluted EPS": "0.79", "Basic Average Shares": "4,897", "Diluted Average Shares": "4,987", "Total Operating Income as Reported": "5,900", "Total Expenses": "38,900", "Net Income from Continuing & Discontinued Operation": "3,900", "Normalized Income": "3,590", "Interest Income": "-", "Interest Expense": "-", "Net Interest Income": "-", "EBIT": "5,900", "EBITDA": "-", "Reconciled Cost of Revenue": "32,500", "Reconciled Depreciation": "200", "Net Income from Continuing Operation Net Minority Interest": "3,900", "Total Unusual Items Excluding Goodwill": "500", "Total Unusual Items": "500", "Normalized EBITDA": "5,600", "Tax Rate for Calcs": "0", "Tax Effect of Unusual Items": "190.4762"}, "10/31/1997": {"Duration": "10/31/1997", "Total Revenue": "41,700", "Cost of Revenue": "30,700", "Gross Profit": "11,000", "Operating Expense": "6,200", "Operating Income": "4,800", "Net Non Operating Interest Income Expense": "-", "Other Income Expense": "200", "Pretax Income": "4,900", "Tax Provision": "1,900", "Net Income Common Stockholders": "3,000", "Diluted NI Available to Com Stockholders": "3,000", "Basic EPS": "0.68", "Diluted EPS": "0.68", "Basic Average Shares": "4,412", "Diluted Average Shares": "4,412", "Total Operating Income as Reported": "4,800", "Total Expenses": "36,900", "Net Income from Continuing & Discontinued Operation": "3,000", "Normalized Income": "2,878", "Interest Income": "-", "Interest Expense": "-", "Net Interest Income": "-", "EBIT": "4,800", "EBITDA": "-", "Reconciled Cost of Revenue": "30,700", "Reconciled Depreciation": "200", "Net Income from Continuing Operation Net Minority Interest": "3,000", "Total Unusual Items Excluding Goodwill": "200", "Total Unusual Items": "200", "Normalized EBITDA": "4,800", "Tax Rate for Calcs": "0", "Tax Effect of Unusual Items": "77.551"}, "10/31/1996": {"Duration": "10/31/1996", "Total Revenue": "36,500", "Cost of Revenue": "27,100", "Gross Profit": "9,400", "Operating Expense": "5,600", "Operating Income": "3,800", "Net Non Operating Interest Income Expense": "-", "Other Income Expense": "100", "Pretax Income": "3,900", "Tax Provision": "1,500", "Net Income Common Stockholders": "2,400", "Diluted NI Available to Com Stockholders": "2,400", "Basic EPS": "0.54", "Diluted EPS": "0.54", "Basic Average Shares": "4,444", "Diluted Average Shares": "4,444", "Total Operating Income as Reported": "3,800", "Total Expenses": "32,700", "Net Income from Continuing & Discontinued Operation": "2,400", "Normalized Income": "2,338", "Interest Income": "-", "Interest Expense": "-", "Net Interest Income": "-", "EBIT": "3,800", "EBITDA": "-", "Reconciled Cost of Revenue": "27,100", "Reconciled Depreciation": "100", "Net Income from Continuing Operation Net Minority Interest": "2,400", "Total Unusual Items Excluding Goodwill": "100", "Total Unusual Items": "100", "Normalized EBITDA": "3,800", "Tax Rate for Calcs": "0", "Tax Effect of Unusual Items": "38.4615"}, "10/31/1995": {"Duration": "10/31/1995", "Total Revenue": "30,800", "Cost of Revenue": "23,600", "Gross Profit": "7,200", "Operating Expense": "4,400", "Operating Income": "2,800", "Net Non Operating Interest Income Expense": "-", "Other Income Expense": "-", "Pretax Income": "2,700", "Tax Provision": "1,100", "Net Income Common Stockholders": "2,900", "Diluted NI Available to Com Stockholders": "2,900", "Basic EPS": "0.68", "Diluted EPS": "0.68", "Basic Average Shares": "4,265", "Diluted Average Shares": "4,265", "Total Operating Income as Reported": "2,800", "Total Expenses": "28,000", "Net Income from Continuing & Discontinued Operation": "1,600", "Normalized Income": "1,600", "Interest Income": "-", "Interest Expense": "-", "Net Interest Income": "-", "EBIT": "2,800", "EBITDA": "-", "Reconciled Cost of Revenue": "23,600", "Reconciled Depreciation": "100", "Net Income from Continuing Operation Net Minority Interest": "1,600", "Total Unusual Items Excluding Goodwill": "-", "Total Unusual Items": "-", "Normalized EBITDA": "2,900", "Tax Rate for Calcs": "0", "Tax Effect of Unusual Items": "0"}, "10/31/1994": {"Duration": "10/31/1994", "Total Revenue": "23,100", "Cost of Revenue": "18,000", "Gross Profit": "5,100", "Operating Expense": "3,300", "Operating Income": "1,800", "Net Non Operating Interest Income Expense": "-", "Other Income Expense": "400", "Pretax Income": "2,000", "Tax Provision": "800", "Net Income Common Stockholders": "1,800", "Diluted NI Available to Com Stockholders": "1,800", "Basic EPS": "0.41", "Diluted EPS": "0.41", "Basic Average Shares": "4,390", "Diluted Average Shares": "4,390", "Total Operating Income as Reported": "1,800", "Total Expenses": "21,300", "Net Income from Continuing & Discontinued Operation": "1,200", "Normalized Income": "960", "Interest Income": "-", "Interest Expense": "-", "Net Interest Income": "-", "EBIT": "1,800", "EBITDA": "-", "Reconciled Cost of Revenue": "18,000", "Reconciled Depreciation": "100", "Net Income from Continuing Operation Net Minority Interest": "1,200", "Total Unusual Items Excluding Goodwill": "400", "Total Unusual Items": "400", "Normalized EBITDA": "1,500", "Tax Rate for Calcs": "0", "Tax Effect of Unusual Items": "160"}, "10/31/1993": {"Duration": "10/31/1993", "Total Revenue": "17,200", "Cost of Revenue": "14,800", "Gross Profit": "2,400", "Operating Expense": "1,000", "Operating Income": "1,400", "Net Non Operating Interest Income Expense": "-", "Other Income Expense": "300", "Pretax Income": "1,600", "Tax Provision": "600", "Net Income Common Stockholders": "1,600", "Diluted NI Available to Com Stockholders": "1,600", "Basic EPS": "0.38", "Diluted EPS": "0.38", "Basic Average Shares": "4,211", "Diluted Average Shares": "4,211", "Total Operating Income as Reported": "1,400", "Total Expenses": "15,800", "Net Income from Continuing & Discontinued Operation": "1,000", "Normalized Income": "812.5", "Interest Income": "-", "Interest Expense": "-", "Net Interest Income": "-", "EBIT": "1,400", "EBITDA": "-", "Reconciled Cost of Revenue": "14,800", "Reconciled Depreciation": "100", "Net Income from Continuing Operation Net Minority Interest": "1,000", "Total Unusual Items Excluding Goodwill": "300", "Total Unusual Items": "300", "Normalized EBITDA": "1,200", "Tax Rate for Calcs": "0", "Tax Effect of Unusual Items": "112.5"}, "10/31/1992": {"Duration": "10/31/1992", "Total Revenue": "9,700", "Cost of Revenue": "8,700", "Gross Profit": "1,000", "Operating Expense": "900", "Operating Income": "100", "Net Non Operating Interest Income Expense": "-", "Other Income Expense": "300", "Pretax Income": "200", "Tax Provision": "100", "Net Income Common Stockholders": "200", "Diluted NI Available to Com Stockholders": "200", "Basic EPS": "0.05", "Diluted EPS": "0.05", "Basic Average Shares": "4,000", "Diluted Average Shares": "4,000", "Total Operating Income as Reported": "100", "Total Expenses": "9,600", "Net Income from Continuing & Discontinued Operation": "100", "Normalized Income": "-80", "Interest Income": "-", "Interest Expense": "-", "Net Interest Income": "-", "EBIT": "100", "EBITDA": "-", "Reconciled Cost of Revenue": "8,700", "Reconciled Depreciation": "100", "Net Income from Continuing Operation Net Minority Interest": "100", "Total Unusual Items Excluding Goodwill": "300", "Total Unusual Items": "300", "Normalized EBITDA": "-100", "Tax Rate for Calcs": "0", "Tax Effect of Unusual Items": "120"}, "10/31/1991": {"Duration": "10/31/1991", "Total Revenue": "9,700", "Cost of Revenue": "8,500", "Gross Profit": "1,200", "Operating Expense": "2,900", "Operating Income": "-1,700", "Net Non Operating Interest Income Expense": "-", "Other Income Expense": "300", "Pretax Income": "-", "Tax Provision": "-", "Net Income Common Stockholders": "-1,400", "Diluted NI Available to Com Stockholders": "-1,400", "Basic EPS": "-0.34", "Diluted EPS": "-0.34", "Basic Average Shares": "4,118", "Diluted Average Shares": "4,118", "Total Operating Income as Reported": "-1,700", "Total Expenses": "11,400", "Net Income from Continuing & Discontinued Operation": "-1,400", "Normalized Income": "-1,580", "Interest Income": "-", "Interest Expense": "-", "Net Interest Income": "-", "EBIT": "-1,700", "EBITDA": "-", "Reconciled Cost of Revenue": "8,500", "Reconciled Depreciation": "100", "Net Income from Continuing Operation Net Minority Interest": "-1,400", "Total Unusual Items Excluding Goodwill": "300", "Total Unusual Items": "300", "Normalized EBITDA": "-1,900", "Tax Rate for Calcs": "0", "Tax Effect of Unusual Items": "120"}, "10/31/1990": {"Duration": "10/31/1990", "Total Revenue": "10,900", "Cost of Revenue": "9,700", "Gross Profit": "1,200", "Operating Expense": "1,200", "Operating Income": "0", "Net Non Operating Interest Income Expense": "-", "Other Income Expense": "700", "Pretax Income": "800", "Tax Provision": "300", "Net Income Common Stockholders": "500", "Diluted NI Available to Com Stockholders": "500", "Basic EPS": "0.11", "Diluted EPS": "0.11", "Basic Average Shares": "4,545", "Diluted Average Shares": "4,545", "Total Operating Income as Reported": "-", "Total Expenses": "10,900", "Net Income from Continuing & Discontinued Operation": "500", "Normalized Income": "62.5", "Interest Income": "-", "Interest Expense": "-", "Net Interest Income": "-", "EBIT": "0", "EBITDA": "-", "Reconciled Cost of Revenue": "9,700", "Reconciled Depreciation": "100", "Net Income from Continuing Operation Net Minority Interest": "500", "Total Unusual Items Excluding Goodwill": "700", "Total Unusual Items": "700", "Normalized EBITDA": "-600", "Tax Rate for Calcs": "0", "Tax Effect of Unusual Items": "262.5"}, "10/31/1989": {"Duration": "10/31/1989", "Total Revenue": "11,800", "Cost of Revenue": "10,400", "Gross Profit": "1,400", "Operating Expense": "1,300", "Operating Income": "100", "Net Non Operating Interest Income Expense": "-", "Other Income Expense": "700", "Pretax Income": "800", "Tax Provision": "300", "Net Income Common Stockholders": "500", "Diluted NI Available to Com Stockholders": "500", "Basic EPS": "0.09", "Diluted EPS": "0.09", "Basic Average Shares": "5,556", "Diluted Average Shares": "5,556", "Total Operating Income as Reported": "100", "Total Expenses": "11,700", "Net Income from Continuing & Discontinued Operation": "500", "Normalized Income": "62.5", "Interest Income": "-", "Interest Expense": "100", "Net Interest Income": "-100", "EBIT": "100", "EBITDA": "-", "Reconciled Cost of Revenue": "10,400", "Reconciled Depreciation": "100", "Net Income from Continuing Operation Net Minority Interest": "500", "Total Unusual Items Excluding Goodwill": "700", "Total Unusual Items": "700", "Normalized EBITDA": "-500", "Tax Rate for Calcs": "0", "Tax Effect of Unusual Items": "262.5"}, "10/31/1988": {"Duration": "10/31/1988", "Total Revenue": "10,900", "Cost of Revenue": "10,500", "Gross Profit": "400", "Operating Expense": "1,500", "Operating Income": "-1,100", "Net Non Operating Interest Income Expense": "-", "Other Income Expense": "100", "Pretax Income": "-", "Tax Provision": "-", "Net Income Common Stockholders": "-1,200", "Diluted NI Available to Com Stockholders": "-1,200", "Basic EPS": "-0.25", "Diluted EPS": "-0.25", "Basic Average Shares": "4,800", "Diluted Average Shares": "4,800", "Total Operating Income as Reported": "-1,100", "Total Expenses": "12,000", "Net Income from Continuing & Discontinued Operation": "-1,200", "Normalized Income": "-1,260", "Interest Income": "-", "Interest Expense": "-", "Net Interest Income": "-", "EBIT": "-1,100", "EBITDA": "-", "Reconciled Cost of Revenue": "10,500", "Reconciled Depreciation": "100", "Net Income from Continuing Operation Net Minority Interest": "-1,200", "Total Unusual Items Excluding Goodwill": "100", "Total Unusual Items": "100", "Normalized EBITDA": "-1,100", "Tax Rate for Calcs": "0", "Tax Effect of Unusual Items": "40"}, "10/31/1987": {"Duration": "10/31/1987", "Total Revenue": "17,800", "Cost of Revenue": "16,000", "Gross Profit": "1,800", "Operating Expense": "2,100", "Operating Income": "-300", "Net Non Operating Interest Income Expense": "-", "Other Income Expense": "400", "Pretax Income": "-", "Tax Provision": "-", "Net Income Common Stockholders": "100", "Diluted NI Available to Com Stockholders": "100", "Basic EPS": "0.01", "Diluted EPS": "0.01", "Basic Average Shares": "5,364", "Diluted Average Shares": "5,364", "Total Operating Income as Reported": "-300", "Total Expenses": "18,100", "Net Income from Continuing & Discontinued Operation": "100", "Normalized Income": "-140", "Interest Income": "-", "Interest Expense": "-", "Net Interest Income": "-", "EBIT": "-300", "EBITDA": "-", "Reconciled Cost of Revenue": "16,000", "Reconciled Depreciation": "100", "Net Income from Continuing Operation Net Minority Interest": "100", "Total Unusual Items Excluding Goodwill": "400", "Total Unusual Items": "400", "Normalized EBITDA": "-600", "Tax Rate for Calcs": "0", "Tax Effect of Unusual Items": "160"}, "10/31/1986": {"Duration": "10/31/1986", "Total Revenue": "18,500", "Cost of Revenue": "16,900", "Gross Profit": "1,600", "Operating Expense": "2,400", "Operating Income": "-800", "Net Non Operating Interest Income Expense": "-", "Other Income Expense": "-300", "Pretax Income": "-", "Tax Provision": "-", "Net Income Common Stockholders": "-1,200", "Diluted NI Available to Com Stockholders": "-1,200", "Basic EPS": "-0.22", "Diluted EPS": "-0.22", "Basic Average Shares": "5,455", "Diluted Average Shares": "5,455", "Total Operating Income as Reported": "-800", "Total Expenses": "19,300", "Net Income from Continuing & Discontinued Operation": "-1,200", "Normalized Income": "-1,020", "Interest Income": "-", "Interest Expense": "-", "Net Interest Income": "-", "EBIT": "-800", "EBITDA": "-", "Reconciled Cost of Revenue": "16,900", "Reconciled Depreciation": "200", "Net Income from Continuing Operation Net Minority Interest": "-1,200", "Total Unusual Items Excluding Goodwill": "-300", "Total Unusual Items": "-300", "Normalized EBITDA": "-300", "Tax Rate for Calcs": "0", "Tax Effect of Unusual Items": "-120"}, "10/31/1985": {"Duration": "10/31/1985", "Total Revenue": "17,500", "Cost of Revenue": "16,400", "Gross Profit": "1,100", "Operating Expense": "1,900", "Operating Income": "-800", "Net Non Operating Interest Income Expense": "-", "Other Income Expense": "-300", "Pretax Income": "-", "Tax Provision": "-", "Net Income Common Stockholders": "-1,200", "Diluted NI Available to Com Stockholders": "-1,200", "Basic EPS": "-0.20", "Diluted EPS": "-0.20", "Basic Average Shares": "6,000", "Diluted Average Shares": "6,000", "Total Operating Income as Reported": "-800", "Total Expenses": "18,300", "Net Income from Continuing & Discontinued Operation": "-1,200", "Normalized Income": "-1,020", "Interest Income": "-", "Interest Expense": "-", "Net Interest Income": "-", "EBIT": "-800", "EBITDA": "-", "Reconciled Cost of Revenue": "16,400", "Reconciled Depreciation": "200", "Net Income from Continuing Operation Net Minority Interest": "-1,200", "Total Unusual Items Excluding Goodwill": "-300", "Total Unusual Items": "-300", "Normalized EBITDA": "-300", "Tax Rate for Calcs": "0", "Tax Effect of Unusual Items": "-120"}}, "bs": {"10/31/2020": {"Duration": "10/31/2020", "Total Assets": "59,825", "Total Liabilities Net Minority Interest": "8,884", "Total Equity Gross Minority Interest": "50,941", "Total Capitalization": "50,941", "Common Stock Equity": "50,941", "Capital Lease Obligations": "802.711", "Net Tangible Assets": "50,941", "Working Capital": "38,865", "Invested Capital": "50,941", "Tangible Book Value": "50,941", "Total Debt": "802.711", "Net Debt": "-", "Share Issued": "5,365", "Ordinary Shares Number": "3,631", "Treasury Shares Number": "1,734"}, "10/31/2019": {"Duration": "10/31/2019", "Total Assets": "58,421", "Total Liabilities Net Minority Interest": "8,955", "Total Equity Gross Minority Interest": "49,466", "Total Capitalization": "49,466", "Common Stock Equity": "49,466", "Capital Lease Obligations": "-", "Net Tangible Assets": "49,466", "Working Capital": "37,873", "Invested Capital": "49,466", "Tangible Book Value": "49,466", "Total Debt": "-", "Net Debt": "-", "Share Issued": "5,365", "Ordinary Shares Number": "3,664", "Treasury Shares Number": "1,701"}, "10/31/2018": {"Duration": "10/31/2018", "Total Assets": "57,015", "Total Liabilities Net Minority Interest": "7,948", "Total Equity Gross Minority Interest": "49,067", "Total Capitalization": "49,067", "Common Stock Equity": "49,067", "Capital Lease Obligations": "-", "Net Tangible Assets": "49,067", "Working Capital": "38,128", "Invested Capital": "49,067", "Tangible Book Value": "49,067", "Total Debt": "-", "Net Debt": "-", "Share Issued": "5,365", "Ordinary Shares Number": "3,874", "Treasury Shares Number": "1,491"}, "10/31/2017": {"Duration": "10/31/2017", "Total Assets": "54,148", "Total Liabilities Net Minority Interest": "6,734", "Total Equity Gross Minority Interest": "47,414", "Total Capitalization": "47,414", "Common Stock Equity": "47,414", "Capital Lease Obligations": "-", "Net Tangible Assets": "47,414", "Working Capital": "36,403", "Invested Capital": "47,414", "Tangible Book Value": "47,414", "Total Debt": "-", "Net Debt": "-", "Share Issued": "5,365", "Ordinary Shares Number": "3,998", "Treasury Shares Number": "1,367"}, "10/31/2016": {"Duration": "10/31/2016", "Total Assets": "50,915", "Total Liabilities Net Minority Interest": "6,248", "Total Equity Gross Minority Interest": "44,667", "Total Capitalization": "44,667", "Common Stock Equity": "44,667", "Capital Lease Obligations": "-", "Net Tangible Assets": "44,667", "Working Capital": "32,761", "Invested Capital": "44,667", "Tangible Book Value": "44,667", "Total Debt": "-", "Net Debt": "-", "Share Issued": "5,365", "Ordinary Shares Number": "4,004", "Treasury Shares Number": "1,361"}, "10/31/2015": {"Duration": "10/31/2015", "Total Assets": "42,441", "Total Liabilities Net Minority Interest": "3,345", "Total Equity Gross Minority Interest": "39,096", "Total Capitalization": "39,096", "Common Stock Equity": "39,096", "Capital Lease Obligations": "-", "Net Tangible Assets": "39,096", "Working Capital": "25,703", "Invested Capital": "39,096", "Tangible Book Value": "39,096", "Total Debt": "-", "Net Debt": "-", "Share Issued": "5,365", "Ordinary Shares Number": "4,032", "Treasury Shares Number": "1,333"}, "10/31/2014": {"Duration": "10/31/2014", "Total Assets": "38,928", "Total Liabilities Net Minority Interest": "2,378", "Total Equity Gross Minority Interest": "36,550", "Total Capitalization": "36,550", "Common Stock Equity": "36,550", "Capital Lease Obligations": "-", "Net Tangible Assets": "36,550", "Working Capital": "23,541", "Invested Capital": "36,550", "Tangible Book Value": "36,550", "Total Debt": "-", "Net Debt": "-", "Share Issued": "5,365", "Ordinary Shares Number": "4,064", "Treasury Shares Number": "1,301"}, "10/31/2013": {"Duration": "10/31/2013", "Total Assets": "37,151", "Total Liabilities Net Minority Interest": "1,967", "Total Equity Gross Minority Interest": "35,184", "Total Capitalization": "35,184", "Common Stock Equity": "35,184", "Capital Lease Obligations": "-", "Net Tangible Assets": "35,184", "Working Capital": "19,870", "Invested Capital": "35,184", "Tangible Book Value": "35,184", "Total Debt": "-", "Net Debt": "-", "Share Issued": "5,365", "Ordinary Shares Number": "4,057", "Treasury Shares Number": "1,308"}, "10/31/2012": {"Duration": "10/31/2012", "Total Assets": "35,671", "Total Liabilities Net Minority Interest": "1,382", "Total Equity Gross Minority Interest": "34,289", "Total Capitalization": "34,289", "Common Stock Equity": "34,289", "Capital Lease Obligations": "-", "Net Tangible Assets": "34,289", "Working Capital": "18,590", "Invested Capital": "34,289", "Tangible Book Value": "34,289", "Total Debt": "-", "Net Debt": "-", "Share Issued": "5,365", "Ordinary Shares Number": "4,057", "Treasury Shares Number": "1,308"}, "10/31/2011": {"Duration": "10/31/2011", "Total Assets": "35,993", "Total Liabilities Net Minority Interest": "1,826", "Total Equity Gross Minority Interest": "34,167", "Total Capitalization": "34,167", "Common Stock Equity": "34,167", "Capital Lease Obligations": "-", "Net Tangible Assets": "34,167", "Working Capital": "16,366", "Invested Capital": "34,167", "Tangible Book Value": "34,167", "Total Debt": "-", "Net Debt": "-", "Share Issued": "5,365", "Ordinary Shares Number": "4,056", "Treasury Shares Number": "1,309"}, "10/31/2010": {"Duration": "10/31/2010", "Total Assets": "41,760", "Total Liabilities Net Minority Interest": "1,100", "Total Equity Gross Minority Interest": "40,660", "Total Capitalization": "40,660", "Common Stock Equity": "40,660", "Capital Lease Obligations": "-", "Net Tangible Assets": "40,660", "Working Capital": "26,762", "Invested Capital": "40,660", "Tangible Book Value": "40,660", "Total Debt": "-", "Net Debt": "-", "Share Issued": "5,365", "Ordinary Shares Number": "4,056", "Treasury Shares Number": "1,309"}, "10/31/2009": {"Duration": "10/31/2009", "Total Assets": "42,073", "Total Liabilities Net Minority Interest": "805.363", "Total Equity Gross Minority Interest": "41,267", "Total Capitalization": "41,267", "Common Stock Equity": "41,267", "Capital Lease Obligations": "-", "Net Tangible Assets": "41,267", "Working Capital": "25,307", "Invested Capital": "41,267", "Tangible Book Value": "41,267", "Total Debt": "-", "Net Debt": "-", "Share Issued": "5,365", "Ordinary Shares Number": "4,056", "Treasury Shares Number": "1,309"}, "10/31/2008": {"Duration": "10/31/2008", "Total Assets": "45,131", "Total Liabilities Net Minority Interest": "1,736", "Total Equity Gross Minority Interest": "43,395", "Total Capitalization": "43,395", "Common Stock Equity": "43,395", "Capital Lease Obligations": "-", "Net Tangible Assets": "43,395", "Working Capital": "21,233", "Invested Capital": "43,395", "Tangible Book Value": "43,395", "Total Debt": "-", "Net Debt": "-", "Share Issued": "5,385", "Ordinary Shares Number": "4,109", "Treasury Shares Number": "1,276"}, "10/31/2007": {"Duration": "10/31/2007", "Total Assets": "47,452", "Total Liabilities Net Minority Interest": "3,527", "Total Equity Gross Minority Interest": "43,925", "Total Capitalization": "43,925", "Common Stock Equity": "43,925", "Capital Lease Obligations": "-", "Net Tangible Assets": "43,925", "Working Capital": "25,144", "Invested Capital": "43,925", "Tangible Book Value": "43,925", "Total Debt": "-", "Net Debt": "-", "Share Issued": "4,085", "Ordinary Shares Number": "4,085", "Treasury Shares Number": "-"}, "10/31/2006": {"Duration": "10/31/2006", "Total Assets": "47,135", "Total Liabilities Net Minority Interest": "5,452", "Total Equity Gross Minority Interest": "41,683", "Total Capitalization": "41,683", "Common Stock Equity": "41,683", "Capital Lease Obligations": "-", "Net Tangible Assets": "41,384", "Working Capital": "22,044", "Invested Capital": "41,683", "Tangible Book Value": "41,384", "Total Debt": "-", "Net Debt": "-", "Share Issued": "4,059", "Ordinary Shares Number": "4,059", "Treasury Shares Number": "-"}, "10/31/2005": {"Duration": "10/31/2005", "Total Assets": "45,057", "Total Liabilities Net Minority Interest": "7,987", "Total Equity Gross Minority Interest": "37,069", "Total Capitalization": "37,069", "Common Stock Equity": "37,069", "Capital Lease Obligations": "-", "Net Tangible Assets": "37,069", "Working Capital": "17,556", "Invested Capital": "37,069", "Tangible Book Value": "37,069", "Total Debt": "-", "Net Debt": "-", "Share Issued": "4,039", "Ordinary Shares Number": "4,039", "Treasury Shares Number": "-"}, "10/31/2004": {"Duration": "10/31/2004", "Total Assets": "39,975", "Total Liabilities Net Minority Interest": "8,602", "Total Equity Gross Minority Interest": "31,374", "Total Capitalization": "31,374", "Common Stock Equity": "31,374", "Capital Lease Obligations": "-", "Net Tangible Assets": "31,075", "Working Capital": "16,484", "Invested Capital": "31,374", "Tangible Book Value": "31,075", "Total Debt": "-", "Net Debt": "-", "Share Issued": "4,011", "Ordinary Shares Number": "4,011", "Treasury Shares Number": "-"}, "10/31/2003": {"Duration": "10/31/2003", "Total Assets": "32,705", "Total Liabilities Net Minority Interest": "5,889", "Total Equity Gross Minority Interest": "26,816", "Total Capitalization": "26,816", "Common Stock Equity": "26,816", "Capital Lease Obligations": "-", "Net Tangible Assets": "26,816", "Working Capital": "14,736", "Invested Capital": "26,816", "Tangible Book Value": "26,816", "Total Debt": "-", "Net Debt": "-", "Share Issued": "4,012", "Ordinary Shares Number": "4,012", "Treasury Shares Number": "-"}, "10/31/2002": {"Duration": "10/31/2002", "Total Assets": "27,496", "Total Liabilities Net Minority Interest": "3,717", "Total Equity Gross Minority Interest": "23,779", "Total Capitalization": "23,779", "Common Stock Equity": "23,779", "Capital Lease Obligations": "-", "Net Tangible Assets": "23,779", "Working Capital": "17,405", "Invested Capital": "23,779", "Tangible Book Value": "23,779", "Total Debt": "-", "Net Debt": "-", "Share Issued": "4,422", "Ordinary Shares Number": "4,422", "Treasury Shares Number": "-"}, "10/31/2001": {"Duration": "10/31/2001", "Total Assets": "25,741", "Total Liabilities Net Minority Interest": "4,017", "Total Equity Gross Minority Interest": "21,724", "Total Capitalization": "21,724", "Common Stock Equity": "21,724", "Capital Lease Obligations": "-", "Net Tangible Assets": "21,724", "Working Capital": "15,939", "Invested Capital": "21,724", "Tangible Book Value": "21,724", "Total Debt": "-", "Net Debt": "-", "Share Issued": "4,422", "Ordinary Shares Number": "4,422", "Treasury Shares Number": "-"}, "10/31/2000": {"Duration": "10/31/2000", "Total Assets": "23,843", "Total Liabilities Net Minority Interest": "2,819", "Total Equity Gross Minority Interest": "21,025", "Total Capitalization": "21,025", "Common Stock Equity": "21,025", "Capital Lease Obligations": "-", "Net Tangible Assets": "21,025", "Working Capital": "15,111", "Invested Capital": "21,025", "Tangible Book Value": "21,025", "Total Debt": "-", "Net Debt": "-", "Share Issued": "4,422", "Ordinary Shares Number": "4,422", "Treasury Shares Number": "-"}, "10/31/1999": {"Duration": "10/31/1999", "Total Assets": "23,100", "Total Liabilities Net Minority Interest": "2,700", "Total Equity Gross Minority Interest": "20,400", "Total Capitalization": "20,400", "Common Stock Equity": "20,400", "Capital Lease Obligations": "-", "Net Tangible Assets": "20,400", "Working Capital": "15,100", "Invested Capital": "20,400", "Tangible Book Value": "20,400", "Total Debt": "-", "Net Debt": "-", "Share Issued": "4,732", "Ordinary Shares Number": "4,732", "Treasury Shares Number": "-"}, "10/31/1998": {"Duration": "10/31/1998", "Total Assets": "22,800", "Total Liabilities Net Minority Interest": "4,100", "Total Equity Gross Minority Interest": "18,700", "Total Capitalization": "18,700", "Common Stock Equity": "18,700", "Capital Lease Obligations": "-", "Net Tangible Assets": "18,700", "Working Capital": "13,200", "Invested Capital": "18,700", "Tangible Book Value": "18,700", "Total Debt": "-", "Net Debt": "-", "Share Issued": "4,420", "Ordinary Shares Number": "4,420", "Treasury Shares Number": "-"}, "10/31/1997": {"Duration": "10/31/1997", "Total Assets": "18,900", "Total Liabilities Net Minority Interest": "3,600", "Total Equity Gross Minority Interest": "15,300", "Total Capitalization": "15,300", "Common Stock Equity": "15,300", "Capital Lease Obligations": "-", "Net Tangible Assets": "15,300", "Working Capital": "11,400", "Invested Capital": "15,300", "Tangible Book Value": "15,300", "Total Debt": "-", "Net Debt": "-", "Share Issued": "4,902", "Ordinary Shares Number": "4,902", "Treasury Shares Number": "-"}, "10/31/1996": {"Duration": "10/31/1996", "Total Assets": "14,900", "Total Liabilities Net Minority Interest": "2,600", "Total Equity Gross Minority Interest": "12,300", "Total Capitalization": "12,300", "Common Stock Equity": "12,300", "Capital Lease Obligations": "-", "Net Tangible Assets": "12,300", "Working Capital": "8,800", "Invested Capital": "12,300", "Tangible Book Value": "12,300", "Total Debt": "-", "Net Debt": "-", "Share Issued": "4,902", "Ordinary Shares Number": "4,902", "Treasury Shares Number": "-"}, "10/31/1995": {"Duration": "10/31/1995", "Total Assets": "12,900", "Total Liabilities Net Minority Interest": "3,400", "Total Equity Gross Minority Interest": "9,500", "Total Capitalization": "10,200", "Common Stock Equity": "9,500", "Capital Lease Obligations": "-", "Net Tangible Assets": "9,400", "Working Capital": "6,800", "Invested Capital": "10,200", "Tangible Book Value": "9,400", "Total Debt": "700", "Net Debt": "-", "Share Issued": "4,755", "Ordinary Shares Number": "4,755", "Treasury Shares Number": "-"}, "10/31/1994": {"Duration": "10/31/1994", "Total Assets": "11,400", "Total Liabilities Net Minority Interest": "4,900", "Total Equity Gross Minority Interest": "6,500", "Total Capitalization": "7,300", "Common Stock Equity": "6,500", "Capital Lease Obligations": "-", "Net Tangible Assets": "6,500", "Working Capital": "5,100", "Invested Capital": "7,400", "Tangible Book Value": "6,500", "Total Debt": "900", "Net Debt": "-", "Share Issued": "4,744", "Ordinary Shares Number": "4,744", "Treasury Shares Number": "-"}, "10/31/1993": {"Duration": "10/31/1993", "Total Assets": "8,200", "Total Liabilities Net Minority Interest": "3,600", "Total Equity Gross Minority Interest": "4,600", "Total Capitalization": "4,600", "Common Stock Equity": "4,600", "Capital Lease Obligations": "-", "Net Tangible Assets": "4,600", "Working Capital": "2,400", "Invested Capital": "5,200", "Tangible Book Value": "4,600", "Total Debt": "600", "Net Debt": "-", "Share Issued": "4,231", "Ordinary Shares Number": "4,231", "Treasury Shares Number": "-"}, "10/31/1992": {"Duration": "10/31/1992", "Total Assets": "5,000", "Total Liabilities Net Minority Interest": "1,900", "Total Equity Gross Minority Interest": "3,100", "Total Capitalization": "3,100", "Common Stock Equity": "3,100", "Capital Lease Obligations": "-", "Net Tangible Assets": "3,100", "Working Capital": "2,200", "Invested Capital": "3,100", "Tangible Book Value": "3,100", "Total Debt": "-", "Net Debt": "-", "Share Issued": "4,224", "Ordinary Shares Number": "4,224", "Treasury Shares Number": "-"}, "10/31/1991": {"Duration": "10/31/1991", "Total Assets": "5,400", "Total Liabilities Net Minority Interest": "2,500", "Total Equity Gross Minority Interest": "2,900", "Total Capitalization": "2,900", "Common Stock Equity": "2,900", "Capital Lease Obligations": "-", "Net Tangible Assets": "2,900", "Working Capital": "2,000", "Invested Capital": "2,900", "Tangible Book Value": "2,900", "Total Debt": "-", "Net Debt": "-", "Share Issued": "4,224", "Ordinary Shares Number": "4,224", "Treasury Shares Number": "-"}, "10/31/1990": {"Duration": "10/31/1990", "Total Assets": "6,600", "Total Liabilities Net Minority Interest": "2,300", "Total Equity Gross Minority Interest": "4,300", "Total Capitalization": "4,300", "Common Stock Equity": "4,300", "Capital Lease Obligations": "-", "Net Tangible Assets": "4,300", "Working Capital": "2,600", "Invested Capital": "4,300", "Tangible Book Value": "4,300", "Total Debt": "-", "Net Debt": "-", "Share Issued": "4,275", "Ordinary Shares Number": "4,275", "Treasury Shares Number": "-"}, "10/31/1989": {"Duration": "10/31/1989", "Total Assets": "5,100", "Total Liabilities Net Minority Interest": "1,300", "Total Equity Gross Minority Interest": "3,800", "Total Capitalization": "3,800", "Common Stock Equity": "3,800", "Capital Lease Obligations": "-", "Net Tangible Assets": "3,800", "Working Capital": "2,700", "Invested Capital": "3,800", "Tangible Book Value": "3,800", "Total Debt": "-", "Net Debt": "-", "Share Issued": "4,685", "Ordinary Shares Number": "4,685", "Treasury Shares Number": "-"}, "10/31/1988": {"Duration": "10/31/1988", "Total Assets": "5,200", "Total Liabilities Net Minority Interest": "2,000", "Total Equity Gross Minority Interest": "3,200", "Total Capitalization": "3,200", "Common Stock Equity": "3,200", "Capital Lease Obligations": "-", "Net Tangible Assets": "3,200", "Working Capital": "800", "Invested Capital": "4,000", "Tangible Book Value": "3,200", "Total Debt": "800", "Net Debt": "300", "Share Issued": "4,804", "Ordinary Shares Number": "4,804", "Treasury Shares Number": "-"}, "10/31/1987": {"Duration": "10/31/1987", "Total Assets": "7,100", "Total Liabilities Net Minority Interest": "2,300", "Total Equity Gross Minority Interest": "4,800", "Total Capitalization": "5,600", "Common Stock Equity": "4,800", "Capital Lease Obligations": "-", "Net Tangible Assets": "4,800", "Working Capital": "3,200", "Invested Capital": "5,700", "Tangible Book Value": "4,800", "Total Debt": "900", "Net Debt": "-", "Share Issued": "5,364", "Ordinary Shares Number": "5,364", "Treasury Shares Number": "-"}, "10/31/1986": {"Duration": "10/31/1986", "Total Assets": "7,400", "Total Liabilities Net Minority Interest": "2,500", "Total Equity Gross Minority Interest": "4,900", "Total Capitalization": "4,900", "Common Stock Equity": "4,900", "Capital Lease Obligations": "-", "Net Tangible Assets": "4,900", "Working Capital": "3,200", "Invested Capital": "6,500", "Tangible Book Value": "4,900", "Total Debt": "1,600", "Net Debt": "200", "Share Issued": "5,660", "Ordinary Shares Number": "5,660", "Treasury Shares Number": "-"}, "10/31/1985": {"Duration": "10/31/1985", "Total Assets": "8,300", "Total Liabilities Net Minority Interest": "2,100", "Total Equity Gross Minority Interest": "6,200", "Total Capitalization": "6,200", "Common Stock Equity": "6,200", "Capital Lease Obligations": "-", "Net Tangible Assets": "6,200", "Working Capital": "3,800", "Invested Capital": "6,300", "Tangible Book Value": "6,200", "Total Debt": "100", "Net Debt": "-", "Share Issued": "5,675", "Ordinary Shares Number": "5,675", "Treasury Shares Number": "-"}}, "cf": {"TTM": {"Duration": "TTM", "Operating Cash Flow": "11,003", "Investing Cash Flow": "6,772", "Financing Cash Flow": "-4,097", "End Cash Position": "32,964", "Income Tax Paid Supplemental Data": "1,982", "Capital Expenditure": "-363.636", "Issuance of Capital Stock": "-", "Repayment of Debt": "-4.799", "Repurchase of Capital Stock": "-476.85", "Free Cash Flow": "10,639"}, "10/31/2020": {"Duration": "10/31/2020", "Operating Cash Flow": "6,913", "Investing Cash Flow": "5,326", "Financing Cash Flow": "-4,467", "End Cash Position": "30,306", "Income Tax Paid Supplemental Data": "4,002", "Capital Expenditure": "-318.215", "Issuance of Capital Stock": "-", "Repayment of Debt": "-13.588", "Repurchase of Capital Stock": "-822.45", "Free Cash Flow": "6,595"}, "10/31/2019": {"Duration": "10/31/2019", "Operating Cash Flow": "4,659", "Investing Cash Flow": "-2,060", "Financing Cash Flow": "-8,430", "End Cash Position": "22,534", "Income Tax Paid Supplemental Data": "1,550", "Capital Expenditure": "-447.413", "Issuance of Capital Stock": "-", "Repayment of Debt": "-", "Repurchase of Capital Stock": "-4,586", "Free Cash Flow": "4,212"}, "10/31/2018": {"Duration": "10/31/2018", "Operating Cash Flow": "8,294", "Investing Cash Flow": "-4,548", "Financing Cash Flow": "-3,291", "End Cash Position": "28,365", "Income Tax Paid Supplemental Data": "1,760", "Capital Expenditure": "-606.999", "Issuance of Capital Stock": "-", "Repayment of Debt": "-", "Repurchase of Capital Stock": "-2,513", "Free Cash Flow": "7,687"}, "10/31/2017": {"Duration": "10/31/2017", "Operating Cash Flow": "3,765", "Investing Cash Flow": "298.229", "Financing Cash Flow": "-715.473", "End Cash Position": "27,911", "Income Tax Paid Supplemental Data": "2,477", "Capital Expenditure": "-364.698", "Issuance of Capital Stock": "-", "Repayment of Debt": "-", "Repurchase of Capital Stock": "-123.237", "Free Cash Flow": "3,400"}, "10/31/2016": {"Duration": "10/31/2016", "Operating Cash Flow": "6,749", "Investing Cash Flow": "1,464", "Financing Cash Flow": "-419.416", "End Cash Position": "24,563", "Income Tax Paid Supplemental Data": "10", "Capital Expenditure": "-829.002", "Issuance of Capital Stock": "-", "Repayment of Debt": "-", "Repurchase of Capital Stock": "-458.276", "Free Cash Flow": "5,920"}, "10/31/2015": {"Duration": "10/31/2015", "Operating Cash Flow": "2,766", "Investing Cash Flow": "232.123", "Financing Cash Flow": "-345.024", "End Cash Position": "16,769", "Income Tax Paid Supplemental Data": "0", "Capital Expenditure": "-117.976", "Issuance of Capital Stock": "-", "Repayment of Debt": "-", "Repurchase of Capital Stock": "-360.844", "Free Cash Flow": "2,648"}, "10/31/2014": {"Duration": "10/31/2014", "Operating Cash Flow": "4,036", "Investing Cash Flow": "-434.365", "Financing Cash Flow": "46.603", "End Cash Position": "14,116", "Income Tax Paid Supplemental Data": "10", "Capital Expenditure": "-321.451", "Issuance of Capital Stock": "-", "Repayment of Debt": "-", "Repurchase of Capital Stock": "-", "Free Cash Flow": "3,714"}, "10/31/2013": {"Duration": "10/31/2013", "Operating Cash Flow": "3,298", "Investing Cash Flow": "-181.806", "Financing Cash Flow": "-", "End Cash Position": "10,468", "Income Tax Paid Supplemental Data": "-", "Capital Expenditure": "-68.859", "Issuance of Capital Stock": "-", "Repayment of Debt": "-", "Repurchase of Capital Stock": "-", "Free Cash Flow": "3,229"}, "10/31/2012": {"Duration": "10/31/2012", "Operating Cash Flow": "810.809", "Investing Cash Flow": "335.453", "Financing Cash Flow": "0", "End Cash Position": "7,352", "Income Tax Paid Supplemental Data": "-", "Capital Expenditure": "-57.982", "Issuance of Capital Stock": "-", "Repayment of Debt": "-", "Repurchase of Capital Stock": "-", "Free Cash Flow": "752.827"}, "10/31/2011": {"Duration": "10/31/2011", "Operating Cash Flow": "-3,562", "Investing Cash Flow": "1,543", "Financing Cash Flow": "0", "End Cash Position": "6,206", "Income Tax Paid Supplemental Data": "-", "Capital Expenditure": "-10.879", "Issuance of Capital Stock": "-", "Repayment of Debt": "-", "Repurchase of Capital Stock": "-", "Free Cash Flow": "-3,573"}, "10/31/2010": {"Duration": "10/31/2010", "Operating Cash Flow": "887.544", "Investing Cash Flow": "3,343", "Financing Cash Flow": "0", "End Cash Position": "8,225", "Income Tax Paid Supplemental Data": "0", "Capital Expenditure": "-19.274", "Issuance of Capital Stock": "-", "Repayment of Debt": "-", "Repurchase of Capital Stock": "0", "Free Cash Flow": "868.27"}, "10/31/2009": {"Duration": "10/31/2009", "Operating Cash Flow": "-5,599", "Investing Cash Flow": "2,227", "Financing Cash Flow": "-1,282", "End Cash Position": "3,995", "Income Tax Paid Supplemental Data": "40", "Capital Expenditure": "-78.825", "Issuance of Capital Stock": "-", "Repayment of Debt": "-", "Repurchase of Capital Stock": "-263.467", "Free Cash Flow": "-5,678"}, "10/31/2008": {"Duration": "10/31/2008", "Operating Cash Flow": "965.304", "Investing Cash Flow": "-3,930", "Financing Cash Flow": "-2,083", "End Cash Position": "8,650", "Income Tax Paid Supplemental Data": "-", "Capital Expenditure": "-790.192", "Issuance of Capital Stock": "46.896", "Repayment of Debt": "-", "Repurchase of Capital Stock": "-85.952", "Free Cash Flow": "175.112"}, "10/31/2007": {"Duration": "10/31/2007", "Operating Cash Flow": "2,698", "Investing Cash Flow": "625.221", "Financing Cash Flow": "-2,007", "End Cash Position": "13,697", "Income Tax Paid Supplemental Data": "-", "Capital Expenditure": "-284.779", "Issuance of Capital Stock": "48.682", "Repayment of Debt": "-", "Repurchase of Capital Stock": "-14.848", "Free Cash Flow": "2,413"}, "10/31/2006": {"Duration": "10/31/2006", "Operating Cash Flow": "1,151", "Investing Cash Flow": "-459.361", "Financing Cash Flow": "-2,679", "End Cash Position": "12,381", "Income Tax Paid Supplemental Data": "-", "Capital Expenditure": "-461.261", "Issuance of Capital Stock": "902.306", "Repayment of Debt": "-", "Repurchase of Capital Stock": "-2,363", "Free Cash Flow": "689.483"}, "10/31/2005": {"Duration": "10/31/2005", "Operating Cash Flow": "4,496", "Investing Cash Flow": "-3,826", "Financing Cash Flow": "-890.69", "End Cash Position": "14,368", "Income Tax Paid Supplemental Data": "-", "Capital Expenditure": "-849.655", "Issuance of Capital Stock": "412.061", "Repayment of Debt": "-", "Repurchase of Capital Stock": "-494.925", "Free Cash Flow": "3,647"}, "10/31/2004": {"Duration": "10/31/2004", "Operating Cash Flow": "7,430", "Investing Cash Flow": "-3,290", "Financing Cash Flow": "-193.524", "End Cash Position": "14,588", "Income Tax Paid Supplemental Data": "-", "Capital Expenditure": "-420.253", "Issuance of Capital Stock": "207.576", "Repayment of Debt": "-", "Repurchase of Capital Stock": "-", "Free Cash Flow": "7,010"}, "10/31/2003": {"Duration": "10/31/2003", "Operating Cash Flow": "4,243", "Investing Cash Flow": "-420.787", "Financing Cash Flow": "-5,662", "End Cash Position": "10,642", "Income Tax Paid Supplemental Data": "-", "Capital Expenditure": "-420.787", "Issuance of Capital Stock": "155.244", "Repayment of Debt": "-", "Repurchase of Capital Stock": "-260.158", "Free Cash Flow": "3,822"}, "10/31/2002": {"Duration": "10/31/2002", "Operating Cash Flow": "2,765", "Investing Cash Flow": "-208.673", "Financing Cash Flow": "-1,080", "End Cash Position": "12,482", "Income Tax Paid Supplemental Data": "-", "Capital Expenditure": "-529.437", "Issuance of Capital Stock": "-", "Repayment of Debt": "-", "Repurchase of Capital Stock": "-1,080", "Free Cash Flow": "2,236"}, "10/31/2001": {"Duration": "10/31/2001", "Operating Cash Flow": "2,977", "Investing Cash Flow": "-20.684", "Financing Cash Flow": "-1,779", "End Cash Position": "11,005", "Income Tax Paid Supplemental Data": "-", "Capital Expenditure": "-220.684", "Issuance of Capital Stock": "-", "Repayment of Debt": "-", "Repurchase of Capital Stock": "-1,779", "Free Cash Flow": "2,756"}, "10/31/2000": {"Duration": "10/31/2000", "Operating Cash Flow": "3,567", "Investing Cash Flow": "-31.815", "Financing Cash Flow": "-1,680", "End Cash Position": "9,828", "Income Tax Paid Supplemental Data": "-", "Capital Expenditure": "-777.94", "Issuance of Capital Stock": "-", "Repayment of Debt": "-", "Repurchase of Capital Stock": "-1,680", "Free Cash Flow": "2,789"}, "10/31/1999": {"Duration": "10/31/1999", "Operating Cash Flow": "3,000", "Investing Cash Flow": "-300", "Financing Cash Flow": "-600", "End Cash Position": "8,000", "Income Tax Paid Supplemental Data": "-", "Capital Expenditure": "-200", "Issuance of Capital Stock": "-", "Repayment of Debt": "-", "Repurchase of Capital Stock": "-1,000", "Free Cash Flow": "2,800"}, "10/31/1998": {"Duration": "10/31/1998", "Operating Cash Flow": "1,900", "Investing Cash Flow": "-1,800", "Financing Cash Flow": "-600", "End Cash Position": "0", "Income Tax Paid Supplemental Data": "-", "Capital Expenditure": "-1,600", "Issuance of Capital Stock": "-", "Repayment of Debt": "-", "Repurchase of Capital Stock": "-600", "Free Cash Flow": "300"}, "10/31/1997": {"Duration": "10/31/1997", "Operating Cash Flow": "4,900", "Investing Cash Flow": "-600", "Financing Cash Flow": "0", "End Cash Position": "0", "Income Tax Paid Supplemental Data": "-", "Capital Expenditure": "-200", "Issuance of Capital Stock": "-", "Repayment of Debt": "-", "Repurchase of Capital Stock": "-", "Free Cash Flow": "4,700"}, "10/31/1996": {"Duration": "10/31/1996", "Operating Cash Flow": "2,000", "Investing Cash Flow": "-300", "Financing Cash Flow": "-500", "End Cash Position": "0", "Income Tax Paid Supplemental Data": "-", "Capital Expenditure": "-200", "Issuance of Capital Stock": "100", "Repayment of Debt": "-", "Repurchase of Capital Stock": "-", "Free Cash Flow": "1,800"}, "10/31/1995": {"Duration": "10/31/1995", "Operating Cash Flow": "1,100", "Investing Cash Flow": "0", "Financing Cash Flow": "-2,000", "End Cash Position": "0", "Income Tax Paid Supplemental Data": "-", "Capital Expenditure": "-200", "Issuance of Capital Stock": "-", "Repayment of Debt": "-", "Repurchase of Capital Stock": "-200", "Free Cash Flow": "900"}, "10/31/1994": {"Duration": "10/31/1994", "Operating Cash Flow": "-200", "Investing Cash Flow": "400", "Financing Cash Flow": "-1,300", "End Cash Position": "0", "Income Tax Paid Supplemental Data": "-", "Capital Expenditure": "-100", "Issuance of Capital Stock": "-", "Repayment of Debt": "-", "Repurchase of Capital Stock": "-100", "Free Cash Flow": "-300"}, "10/31/1993": {"Duration": "10/31/1993", "Operating Cash Flow": "1,900", "Investing Cash Flow": "0", "Financing Cash Flow": "-400", "End Cash Position": "0", "Income Tax Paid Supplemental Data": "-", "Capital Expenditure": "-100", "Issuance of Capital Stock": "-", "Repayment of Debt": "-", "Repurchase of Capital Stock": "-", "Free Cash Flow": "1,800"}, "10/31/1992": {"Duration": "10/31/1992", "Operating Cash Flow": "-500", "Investing Cash Flow": "1,100", "Financing Cash Flow": "0", "End Cash Position": "0", "Income Tax Paid Supplemental Data": "-", "Capital Expenditure": "-", "Issuance of Capital Stock": "-", "Repayment of Debt": "-", "Repurchase of Capital Stock": "-", "Free Cash Flow": "-500"}, "10/31/1991": {"Duration": "10/31/1991", "Operating Cash Flow": "-600", "Investing Cash Flow": "800", "Financing Cash Flow": "-100", "End Cash Position": "0", "Income Tax Paid Supplemental Data": "-", "Capital Expenditure": "-", "Issuance of Capital Stock": "-", "Repayment of Debt": "-", "Repurchase of Capital Stock": "-100", "Free Cash Flow": "-600"}, "10/31/1990": {"Duration": "10/31/1990", "Operating Cash Flow": "400", "Investing Cash Flow": "1,500", "Financing Cash Flow": "-1,700", "End Cash Position": "0", "Income Tax Paid Supplemental Data": "-", "Capital Expenditure": "-", "Issuance of Capital Stock": "-", "Repayment of Debt": "-", "Repurchase of Capital Stock": "-300", "Free Cash Flow": "400"}, "10/31/1989": {"Duration": "10/31/1989", "Operating Cash Flow": "0", "Investing Cash Flow": "0", "Financing Cash Flow": "0", "End Cash Position": "0", "Income Tax Paid Supplemental Data": "-", "Capital Expenditure": "-", "Issuance of Capital Stock": "-", "Repayment of Debt": "-", "Repurchase of Capital Stock": "-", "Free Cash Flow": "0"}}, "ks": {"Current": {"Duration": "Current", "Market Cap (intraday) 5": "121.68M", "Enterprise Value 3": "85.99M", "Trailing P/E ": "21.61", "Forward P/E 1": "N/A", "PEG Ratio (5 yr expected) 1": "N/A", "Price/Sales (ttm)": "2.95", "Price/Book (mrq)": "2.34", "Enterprise Value/Revenue 3": "2.09", "Enterprise Value/EBITDA 7": "12.35"}, "1/31/2021": {"Duration": "1/31/2021", "Market Cap (intraday) 5": "91.72M", "Enterprise Value 3": "57.25M", "Trailing P/E ": "15.40", "Forward P/E 1": "N/A", "PEG Ratio (5 yr expected) 1": "N/A", "Price/Sales (ttm)": "2.21", "Price/Book (mrq)": "1.80", "Enterprise Value/Revenue 3": "6.31", "Enterprise Value/EBITDA 7": "44.34"}, "10/31/2020": {"Duration": "10/31/2020", "Market Cap (intraday) 5": "84.43M", "Enterprise Value 3": "55.78M", "Trailing P/E ": "12.11", "Forward P/E 1": "N/A", "PEG Ratio (5 yr expected) 1": "N/A", "Price/Sales (ttm)": "2.16", "Price/Book (mrq)": "1.72", "Enterprise Value/Revenue 3": "4.24", "Enterprise Value/EBITDA 7": "23.86"}, "7/31/2020": {"Duration": "7/31/2020", "Market Cap (intraday) 5": "83.51M", "Enterprise Value 3": "56.80M", "Trailing P/E ": "10.18", "Forward P/E 1": "N/A", "PEG Ratio (5 yr expected) 1": "N/A", "Price/Sales (ttm)": "2.01", "Price/Book (mrq)": "1.74", "Enterprise Value/Revenue 3": "6.45", "Enterprise Value/EBITDA 7": "41.18"}, "4/30/2020": {"Duration": "4/30/2020", "Market Cap (intraday) 5": "76.25M", "Enterprise Value 3": "47.09M", "Trailing P/E ": "9.13", "Forward P/E 1": "N/A", "PEG Ratio (5 yr expected) 1": "N/A", "Price/Sales (ttm)": "1.76", "Price/Book (mrq)": "1.51", "Enterprise Value/Revenue 3": "4.62", "Enterprise Value/EBITDA 7": "24.13"}, "1/31/2020": {"Duration": "1/31/2020", "Market Cap (intraday) 5": "86.86M", "Enterprise Value 3": "53.65M", "Trailing P/E ": "10.26", "Forward P/E 1": "N/A", "PEG Ratio (5 yr expected) 1": "N/A", "Price/Sales (ttm)": "1.95", "Price/Book (mrq)": "1.76", "Enterprise Value/Revenue 3": "5.68", "Enterprise Value/EBITDA 7": "31.68"}, "10/31/2019": {"Duration": "10/31/2019", "Market Cap (intraday) 5": "90.69M", "Enterprise Value 3": "58.92M", "Trailing P/E ": "12.82", "Forward P/E 1": "N/A", "PEG Ratio (5 yr expected) 1": "N/A", "Price/Sales (ttm)": "1.97", "Price/Book (mrq)": "1.88", "Enterprise Value/Revenue 3": "5.47", "Enterprise Value/EBITDA 7": "27.35"}, "7/31/2019": {"Duration": "7/31/2019", "Market Cap (intraday) 5": "88.42M", "Enterprise Value 3": "56.70M", "Trailing P/E ": "14.38", "Forward P/E 1": "N/A", "PEG Ratio (5 yr expected) 1": "N/A", "Price/Sales (ttm)": "1.86", "Price/Book (mrq)": "1.83", "Enterprise Value/Revenue 3": "4.81", "Enterprise Value/EBITDA 7": "24.36"}, "4/30/2019": {"Duration": "4/30/2019", "Market Cap (intraday) 5": "88.10M", "Enterprise Value 3": "53.50M", "Trailing P/E ": "16.06", "Forward P/E 1": "N/A", "PEG Ratio (5 yr expected) 1": "N/A", "Price/Sales (ttm)": "2.00", "Price/Book (mrq)": "1.74", "Enterprise Value/Revenue 3": "4.20", "Enterprise Value/EBITDA 7": "24.59"}, "1/31/2019": {"Duration": "1/31/2019", "Market Cap (intraday) 5": "89.10M", "Enterprise Value 3": "54.16M", "Trailing P/E ": "18.11", "Forward P/E 1": "N/A", "PEG Ratio (5 yr expected) 1": "N/A", "Price/Sales (ttm)": "2.10", "Price/Book (mrq)": "1.82", "Enterprise Value/Revenue 3": "4.91", "Enterprise Value/EBITDA 7": "29.98"}, "10/31/2018": {"Duration": "10/31/2018", "Market Cap (intraday) 5": "89.10M", "Enterprise Value 3": "56.04M", "Trailing P/E ": "21.30", "Forward P/E 1": "N/A", "PEG Ratio (5 yr expected) 1": "N/A", "Price/Sales (ttm)": "2.27", "Price/Book (mrq)": "1.88", "Enterprise Value/Revenue 3": "4.38", "Enterprise Value/EBITDA 7": "27.50"}, "7/31/2018": {"Duration": "7/31/2018", "Market Cap (intraday) 5": "79.42M", "Enterprise Value 3": "49.12M", "Trailing P/E ": "22.28", "Forward P/E 1": "N/A", "PEG Ratio (5 yr expected) 1": "N/A", "Price/Sales (ttm)": "2.17", "Price/Book (mrq)": "1.72", "Enterprise Value/Revenue 3": "4.29", "Enterprise Value/EBITDA 7": "32.92"}, "4/30/2018": {"Duration": "4/30/2018", "Market Cap (intraday) 5": "89.46M", "Enterprise Value 3": "61.54M", "Trailing P/E ": "25.53", "Forward P/E 1": "N/A", "PEG Ratio (5 yr expected) 1": "N/A", "Price/Sales (ttm)": "2.38", "Price/Book (mrq)": "1.85", "Enterprise Value/Revenue 3": "6.90", "Enterprise Value/EBITDA 7": "50.38"}, "1/31/2018": {"Duration": "1/31/2018", "Market Cap (intraday) 5": "83.35M", "Enterprise Value 3": "54.81M", "Trailing P/E ": "25.12", "Forward P/E 1": "N/A", "PEG Ratio (5 yr expected) 1": "N/A", "Price/Sales (ttm)": "2.22", "Price/Book (mrq)": "1.76", "Enterprise Value/Revenue 3": "5.68", "Enterprise Value/EBITDA 7": "48.95"}, "10/31/2017": {"Duration": "10/31/2017", "Market Cap (intraday) 5": "67.96M", "Enterprise Value 3": "41.72M", "Trailing P/E ": "21.25", "Forward P/E 1": "N/A", "PEG Ratio (5 yr expected) 1": "N/A", "Price/Sales (ttm)": "1.88", "Price/Book (mrq)": "1.46", "Enterprise Value/Revenue 3": "4.16", "Enterprise Value/EBITDA 7": "36.98"}, "7/31/2017": {"Duration": "7/31/2017", "Market Cap (intraday) 5": "71.69M", "Enterprise Value 3": "45.44M", "Trailing P/E ": "21.06", "Forward P/E 1": "N/A", "PEG Ratio (5 yr expected) 1": "N/A", "Price/Sales (ttm)": "1.93", "Price/Book (mrq)": "1.56", "Enterprise Value/Revenue 3": "5.10", "Enterprise Value/EBITDA 7": "47.36"}, "4/30/2017": {"Duration": "4/30/2017", "Market Cap (intraday) 5": "66.08M", "Enterprise Value 3": "40.12M", "Trailing P/E ": "11.07", "Forward P/E 1": "N/A", "PEG Ratio (5 yr expected) 1": "N/A", "Price/Sales (ttm)": "1.88", "Price/Book (mrq)": "1.45", "Enterprise Value/Revenue 3": "3.99", "Enterprise Value/EBITDA 7": "30.84"}, "1/31/2017": {"Duration": "1/31/2017", "Market Cap (intraday) 5": "63.08M", "Enterprise Value 3": "38.03M", "Trailing P/E ": "10.64", "Forward P/E 1": "N/A", "PEG Ratio (5 yr expected) 1": "N/A", "Price/Sales (ttm)": "1.86", "Price/Book (mrq)": "1.41", "Enterprise Value/Revenue 3": "4.44", "Enterprise Value/EBITDA 7": "35.18"}, "10/31/2016": {"Duration": "10/31/2016", "Market Cap (intraday) 5": "62.31M", "Enterprise Value 3": "39.58M", "Trailing P/E ": "10.00", "Forward P/E 1": "N/A", "PEG Ratio (5 yr expected) 1": "N/A", "Price/Sales (ttm)": "1.85", "Price/Book (mrq)": "1.41", "Enterprise Value/Revenue 3": "4.51", "Enterprise Value/EBITDA 7": "39.93"}, "7/31/2016": {"Duration": "7/31/2016", "Market Cap (intraday) 5": "60.76M", "Enterprise Value 3": "40.14M", "Trailing P/E ": "10.00", "Forward P/E 1": "N/A", "PEG Ratio (5 yr expected) 1": "N/A", "Price/Sales (ttm)": "1.96", "Price/Book (mrq)": "1.40", "Enterprise Value/Revenue 3": "4.10", "Enterprise Value/EBITDA 7": "31.59"}, "4/30/2016": {"Duration": "4/30/2016", "Market Cap (intraday) 5": "60.35M", "Enterprise Value 3": "43.19M", "Trailing P/E ": "19.48", "Forward P/E 1": "N/A", "PEG Ratio (5 yr expected) 1": "N/A", "Price/Sales (ttm)": "2.05", "Price/Book (mrq)": "1.52", "Enterprise Value/Revenue 3": "5.32", "Enterprise Value/EBITDA 7": "43.88"}, "1/31/2016": {"Duration": "1/31/2016", "Market Cap (intraday) 5": "55.28M", "Enterprise Value 3": "38.05M", "Trailing P/E ": "19.10", "Forward P/E 1": "N/A", "PEG Ratio (5 yr expected) 1": "N/A", "Price/Sales (ttm)": "2.00", "Price/Book (mrq)": "1.41", "Enterprise Value/Revenue 3": "5.16", "Enterprise Value/EBITDA 7": "37.82"}, "10/31/2015": {"Duration": "10/31/2015", "Market Cap (intraday) 5": "51.81M", "Enterprise Value 3": "36.69M", "Trailing P/E ": "20.73", "Forward P/E 1": "N/A", "PEG Ratio (5 yr expected) 1": "N/A", "Price/Sales (ttm)": "2.04", "Price/Book (mrq)": "1.35", "Enterprise Value/Revenue 3": "4.32", "Enterprise Value/EBITDA 7": "33.10"}, "7/31/2015": {"Duration": "7/31/2015", "Market Cap (intraday) 5": "39.84M", "Enterprise Value 3": "25.00M", "Trailing P/E ": "19.70", "Forward P/E 1": "N/A", "PEG Ratio (5 yr expected) 1": "N/A", "Price/Sales (ttm)": "1.68", "Price/Book (mrq)": "1.06", "Enterprise Value/Revenue 3": "3.54", "Enterprise Value/EBITDA 7": "30.83"}, "4/30/2015": {"Duration": "4/30/2015", "Market Cap (intraday) 5": "46.71M", "Enterprise Value 3": "31.56M", "Trailing P/E ": "28.75", "Forward P/E 1": "N/A", "PEG Ratio (5 yr expected) 1": "N/A", "Price/Sales (ttm)": "2.07", "Price/Book (mrq)": "1.26", "Enterprise Value/Revenue 3": "4.71", "Enterprise Value/EBITDA 7": "46.12"}, "1/31/2015": {"Duration": "1/31/2015", "Market Cap (intraday) 5": "38.18M", "Enterprise Value 3": "23.57M", "Trailing P/E ": "30.32", "Forward P/E 1": "N/A", "PEG Ratio (5 yr expected) 1": "N/A", "Price/Sales (ttm)": "1.80", "Price/Book (mrq)": "1.04", "Enterprise Value/Revenue 3": "4.23", "Enterprise Value/EBITDA 7": "52.57"}, "10/31/2014": {"Duration": "10/31/2014", "Market Cap (intraday) 5": "41.63M", "Enterprise Value 3": "28.69M", "Trailing P/E ": "32.03", "Forward P/E 1": "N/A", "PEG Ratio (5 yr expected) 1": "N/A", "Price/Sales (ttm)": "1.93", "Price/Book (mrq)": "1.16", "Enterprise Value/Revenue 3": "4.64", "Enterprise Value/EBITDA 7": "44.33"}, "7/31/2014": {"Duration": "7/31/2014", "Market Cap (intraday) 5": "46.68M", "Enterprise Value 3": "33.94M", "Trailing P/E ": "39.66", "Forward P/E 1": "N/A", "PEG Ratio (5 yr expected) 1": "N/A", "Price/Sales (ttm)": "2.04", "Price/Book (mrq)": "1.31", "Enterprise Value/Revenue 3": "6.35", "Enterprise Value/EBITDA 7": "107.40"}, "4/30/2014": {"Duration": "4/30/2014", "Market Cap (intraday) 5": "44.64M", "Enterprise Value 3": "32.54M", "Trailing P/E ": "52.68", "Forward P/E 1": "29.41", "PEG Ratio (5 yr expected) 1": "N/A", "Price/Sales (ttm)": "2.31", "Price/Book (mrq)": "1.26", "Enterprise Value/Revenue 3": "4.39", "Enterprise Value/EBITDA 7": "97.84"}, "1/31/2014": {"Duration": "1/31/2014", "Market Cap (intraday) 5": "37.53M", "Enterprise Value 3": "26.60M", "Trailing P/E ": "51.39", "Forward P/E 1": "25.91", "PEG Ratio (5 yr expected) 1": "N/A", "Price/Sales (ttm)": "2.03", "Price/Book (mrq)": "1.07", "Enterprise Value/Revenue 3": "6.35", "Enterprise Value/EBITDA 7": "239.46"}, "10/31/2013": {"Duration": "10/31/2013", "Market Cap (intraday) 5": "37.53M", "Enterprise Value 3": "27.21M", "Trailing P/E ": "207.81", "Forward P/E 1": "N/A", "PEG Ratio (5 yr expected) 1": "N/A", "Price/Sales (ttm)": "2.29", "Price/Book (mrq)": "1.09", "Enterprise Value/Revenue 3": "4.15", "Enterprise Value/EBITDA 7": "39.13"}, "7/31/2013": {"Duration": "7/31/2013", "Market Cap (intraday) 5": "36.51M", "Enterprise Value 3": "27.64M", "Trailing P/E ": "N/A", "Forward P/E 1": "N/A", "PEG Ratio (5 yr expected) 1": "N/A", "Price/Sales (ttm)": "2.33", "Price/Book (mrq)": "1.06", "Enterprise Value/Revenue 3": "5.81", "Enterprise Value/EBITDA 7": "149.59"}, "4/30/2013": {"Duration": "4/30/2013", "Market Cap (intraday) 5": "23.33M", "Enterprise Value 3": "15.65M", "Trailing P/E ": "575.00", "Forward P/E 1": "N/A", "PEG Ratio (5 yr expected) 1": "N/A", "Price/Sales (ttm)": "1.47", "Price/Book (mrq)": "0.68", "Enterprise Value/Revenue 3": "4.10", "Enterprise Value/EBITDA 7": "-827.46"}, "1/31/2013": {"Duration": "1/31/2013", "Market Cap (intraday) 5": "20.89M", "Enterprise Value 3": "13.22M", "Trailing P/E ": "515.00", "Forward P/E 1": "N/A", "PEG Ratio (5 yr expected) 1": "N/A", "Price/Sales (ttm)": "1.32", "Price/Book (mrq)": "0.61", "Enterprise Value/Revenue 3": "3.89", "Enterprise Value/EBITDA 7": "565.05"}, "10/31/2012": {"Duration": "10/31/2012", "Market Cap (intraday) 5": "21.91M", "Enterprise Value 3": "14.23M", "Trailing P/E ": "540.00", "Forward P/E 1": "31.95", "PEG Ratio (5 yr expected) 1": "N/A", "Price/Sales (ttm)": "1.38", "Price/Book (mrq)": "0.64", "Enterprise Value/Revenue 3": "3.24", "Enterprise Value/EBITDA 7": "97.71"}, "7/31/2012": {"Duration": "7/31/2012", "Market Cap (intraday) 5": "23.04M", "Enterprise Value 3": "14.47M", "Trailing P/E ": "N/A", "Forward P/E 1": "33.56", "PEG Ratio (5 yr expected) 1": "N/A", "Price/Sales (ttm)": "1.48", "Price/Book (mrq)": "0.67", "Enterprise Value/Revenue 3": "3.78", "Enterprise Value/EBITDA 7": "-178.40"}, "4/30/2012": {"Duration": "4/30/2012", "Market Cap (intraday) 5": "29.29M", "Enterprise Value 3": "21.24M", "Trailing P/E ": "N/A", "Forward P/E 1": "N/A", "PEG Ratio (5 yr expected) 1": "N/A", "Price/Sales (ttm)": "2.01", "Price/Book (mrq)": "0.85", "Enterprise Value/Revenue 3": "5.24", "Enterprise Value/EBITDA 7": "211.44"}, "1/31/2012": {"Duration": "1/31/2012", "Market Cap (intraday) 5": "23.36M", "Enterprise Value 3": "16.04M", "Trailing P/E ": "N/A", "Forward P/E 1": "N/A", "PEG Ratio (5 yr expected) 1": "N/A", "Price/Sales (ttm)": "1.70", "Price/Book (mrq)": "0.68", "Enterprise Value/Revenue 3": "4.50", "Enterprise Value/EBITDA 7": "158.40"}, "10/31/2011": {"Duration": "10/31/2011", "Market Cap (intraday) 5": "24.70M", "Enterprise Value 3": "17.70M", "Trailing P/E ": "N/A", "Forward P/E 1": "N/A", "PEG Ratio (5 yr expected) 1": "N/A", "Price/Sales (ttm)": "1.84", "Price/Book (mrq)": "0.72", "Enterprise Value/Revenue 3": "4.33", "Enterprise Value/EBITDA 7": "-8.12"}, "7/31/2011": {"Duration": "7/31/2011", "Market Cap (intraday) 5": "32.04M", "Enterprise Value 3": "23.15M", "Trailing P/E ": "N/A", "Forward P/E 1": "N/A", "PEG Ratio (5 yr expected) 1": "N/A", "Price/Sales (ttm)": "2.24", "Price/Book (mrq)": "0.79", "Enterprise Value/Revenue 3": "8.03", "Enterprise Value/EBITDA 7": "-26.07"}, "4/30/2011": {"Duration": "4/30/2011", "Market Cap (intraday) 5": "36.55M", "Enterprise Value 3": "27.81M", "Trailing P/E ": "N/A", "Forward P/E 1": "N/A", "PEG Ratio (5 yr expected) 1": "N/A", "Price/Sales (ttm)": "2.47", "Price/Book (mrq)": "0.90", "Enterprise Value/Revenue 3": "8.61", "Enterprise Value/EBITDA 7": "-271.76"}, "1/31/2011": {"Duration": "1/31/2011", "Market Cap (intraday) 5": "32.49M", "Enterprise Value 3": "23.75M", "Trailing P/E ": "N/A", "Forward P/E 1": "N/A", "PEG Ratio (5 yr expected) 1": "N/A", "Price/Sales (ttm)": "2.20", "Price/Book (mrq)": "0.80", "Enterprise Value/Revenue 3": "7.35", "Enterprise Value/EBITDA 7": "-182.83"}, "10/31/2010": {"Duration": "10/31/2010", "Market Cap (intraday) 5": "32.45M", "Enterprise Value 3": "24.22M", "Trailing P/E ": "N/A", "Forward P/E 1": "N/A", "PEG Ratio (5 yr expected) 1": "N/A", "Price/Sales (ttm)": "2.29", "Price/Book (mrq)": "0.80", "Enterprise Value/Revenue 3": "6.90", "Enterprise Value/EBITDA 7": "-129.52"}, "7/31/2010": {"Duration": "7/31/2010", "Market Cap (intraday) 5": "36.51M", "Enterprise Value 3": "28.73M", "Trailing P/E ": "N/A", "Forward P/E 1": "N/A", "PEG Ratio (5 yr expected) 1": "N/A", "Price/Sales (ttm)": "2.83", "Price/Book (mrq)": "0.89", "Enterprise Value/Revenue 3": "6.60", "Enterprise Value/EBITDA 7": "357.06"}, "4/30/2010": {"Duration": "4/30/2010", "Market Cap (intraday) 5": "40.60M", "Enterprise Value 3": "32.83M", "Trailing P/E ": "N/A", "Forward P/E 1": "15.72", "PEG Ratio (5 yr expected) 1": "2.25", "Price/Sales (ttm)": "3.14", "Price/Book (mrq)": "0.99", "Enterprise Value/Revenue 3": "8.85", "Enterprise Value/EBITDA 7": "-178.75"}, "1/31/2010": {"Duration": "1/31/2010", "Market Cap (intraday) 5": "42.02M", "Enterprise Value 3": "34.17M", "Trailing P/E ": "N/A", "Forward P/E 1": "N/A", "PEG Ratio (5 yr expected) 1": "N/A", "Price/Sales (ttm)": "3.55", "Price/Book (mrq)": "1.02", "Enterprise Value/Revenue 3": "10.38", "Enterprise Value/EBITDA 7": "-95.38"}, "10/31/2009": {"Duration": "10/31/2009", "Market Cap (intraday) 5": "37.36M", "Enterprise Value 3": "32.21M", "Trailing P/E ": "N/A", "Forward P/E 1": "N/A", "PEG Ratio (5 yr expected) 1": "N/A", "Price/Sales (ttm)": "2.53", "Price/Book (mrq)": "0.90", "Enterprise Value/Revenue 3": "11.36", "Enterprise Value/EBITDA 7": "-61.05"}, "7/31/2009": {"Duration": "7/31/2009", "Market Cap (intraday) 5": "36.55M", "Enterprise Value 3": "31.40M", "Trailing P/E ": "N/A", "Forward P/E 1": "N/A", "PEG Ratio (5 yr expected) 1": "N/A", "Price/Sales (ttm)": "2.47", "Price/Book (mrq)": "0.88", "Enterprise Value/Revenue 3": "10.19", "Enterprise Value/EBITDA 7": "-144.54"}, "4/30/2009": {"Duration": "4/30/2009", "Market Cap (intraday) 5": "35.60M", "Enterprise Value 3": "32.05M", "Trailing P/E ": "N/A", "Forward P/E 1": "N/A", "PEG Ratio (5 yr expected) 1": "N/A", "Price/Sales (ttm)": "1.87", "Price/Book (mrq)": "0.86", "Enterprise Value/Revenue 3": "13.42", "Enterprise Value/EBITDA 7": "-41.41"}, "1/31/2009": {"Duration": "1/31/2009", "Market Cap (intraday) 5": "31.09M", "Enterprise Value 3": "22.27M", "Trailing P/E ": "16.98", "Forward P/E 1": "N/A", "PEG Ratio (5 yr expected) 1": "N/A", "Price/Sales (ttm)": "1.04", "Price/Book (mrq)": "0.72", "Enterprise Value/Revenue 3": "6.25", "Enterprise Value/EBITDA 7": "-53.50"}, "10/31/2008": {"Duration": "10/31/2008", "Market Cap (intraday) 5": "43.10M", "Enterprise Value 3": "34.29M", "Trailing P/E ": "23.44", "Forward P/E 1": "N/A", "PEG Ratio (5 yr expected) 1": "N/A", "Price/Sales (ttm)": "1.44", "Price/Book (mrq)": "0.99", "Enterprise Value/Revenue 3": "5.91", "Enterprise Value/EBITDA 7": "266.10"}, "7/31/2008": {"Duration": "7/31/2008", "Market Cap (intraday) 5": "69.49M", "Enterprise Value 3": "62.47M", "Trailing P/E ": "25.37", "Forward P/E 1": "26.11", "PEG Ratio (5 yr expected) 1": "3.48", "Price/Sales (ttm)": "1.99", "Price/Book (mrq)": "1.60", "Enterprise Value/Revenue 3": "8.45", "Enterprise Value/EBITDA 7": "194.81"}, "4/30/2008": {"Duration": "4/30/2008", "Market Cap (intraday) 5": "69.70M", "Enterprise Value 3": "63.02M", "Trailing P/E ": "19.83", "Forward P/E 1": "N/A", "PEG Ratio (5 yr expected) 1": "N/A", "Price/Sales (ttm)": "1.82", "Price/Book (mrq)": "1.62", "Enterprise Value/Revenue 3": "7.24", "Enterprise Value/EBITDA 7": "73.73"}, "1/31/2008": {"Duration": "1/31/2008", "Market Cap (intraday) 5": "74.98M", "Enterprise Value 3": "71.48M", "Trailing P/E ": "18.81", "Forward P/E 1": "N/A", "PEG Ratio (5 yr expected) 1": "N/A", "Price/Sales (ttm)": "1.87", "Price/Book (mrq)": "1.77", "Enterprise Value/Revenue 3": "8.75", "Enterprise Value/EBITDA 7": "113.01"}, "10/31/2007": {"Duration": "10/31/2007", "Market Cap (intraday) 5": "78.14M", "Enterprise Value 3": "63.90M", "Trailing P/E ": "19.13", "Forward P/E 1": "N/A", "PEG Ratio (5 yr expected) 1": "N/A", "Price/Sales (ttm)": "1.93", "Price/Book (mrq)": "1.78", "Enterprise Value/Revenue 3": "5.94", "Enterprise Value/EBITDA 7": "46.00"}, "7/31/2007": {"Duration": "7/31/2007", "Market Cap (intraday) 5": "81.14M", "Enterprise Value 3": "69.00M", "Trailing P/E ": "18.74", "Forward P/E 1": "N/A", "PEG Ratio (5 yr expected) 1": "N/A", "Price/Sales (ttm)": "1.82", "Price/Book (mrq)": "1.90", "Enterprise Value/Revenue 3": "6.43", "Enterprise Value/EBITDA 7": "49.97"}, "4/30/2007": {"Duration": "4/30/2007", "Market Cap (intraday) 5": "85.98M", "Enterprise Value 3": "74.48M", "Trailing P/E ": "17.54", "Forward P/E 1": "N/A", "PEG Ratio (5 yr expected) 1": "N/A", "Price/Sales (ttm)": "1.76", "Price/Book (mrq)": "2.07", "Enterprise Value/Revenue 3": "7.21", "Enterprise Value/EBITDA 7": "59.45"}, "1/31/2007": {"Duration": "1/31/2007", "Market Cap (intraday) 5": "94.22M", "Enterprise Value 3": "85.35M", "Trailing P/E ": "16.37", "Forward P/E 1": "N/A", "PEG Ratio (5 yr expected) 1": "N/A", "Price/Sales (ttm)": "1.70", "Price/Book (mrq)": "2.33", "Enterprise Value/Revenue 3": "9.70", "Enterprise Value/EBITDA 7": "112.46"}, "10/31/2006": {"Duration": "10/31/2006", "Market Cap (intraday) 5": "107.92M", "Enterprise Value 3": "95.10M", "Trailing P/E ": "16.97", "Forward P/E 1": "N/A", "PEG Ratio (5 yr expected) 1": "N/A", "Price/Sales (ttm)": "1.83", "Price/Book (mrq)": "2.59", "Enterprise Value/Revenue 3": "6.48", "Enterprise Value/EBITDA 7": "46.70"}, "7/31/2006": {"Duration": "7/31/2006", "Market Cap (intraday) 5": "109.40M", "Enterprise Value 3": "97.02M", "Trailing P/E ": "16.26", "Forward P/E 1": "N/A", "PEG Ratio (5 yr expected) 1": "N/A", "Price/Sales (ttm)": "1.85", "Price/Book (mrq)": "2.74", "Enterprise Value/Revenue 3": "6.51", "Enterprise Value/EBITDA 7": "42.56"}, "4/30/2006": {"Duration": "4/30/2006", "Market Cap (intraday) 5": "109.68M", "Enterprise Value 3": "96.88M", "Trailing P/E ": "17.01", "Forward P/E 1": "N/A", "PEG Ratio (5 yr expected) 1": "N/A", "Price/Sales (ttm)": "1.90", "Price/Book (mrq)": "2.94", "Enterprise Value/Revenue 3": "5.80", "Enterprise Value/EBITDA 7": "36.99"}, "1/31/2006": {"Duration": "1/31/2006", "Market Cap (intraday) 5": "108.57M", "Enterprise Value 3": "95.77M", "Trailing P/E ": "16.82", "Forward P/E 1": "N/A", "PEG Ratio (5 yr expected) 1": "N/A", "Price/Sales (ttm)": "1.88", "Price/Book (mrq)": "2.91", "Enterprise Value/Revenue 3": "6.96", "Enterprise Value/EBITDA 7": "46.36"}, "10/31/2005": {"Duration": "10/31/2005", "Market Cap (intraday) 5": "106.15M", "Enterprise Value 3": "91.37M", "Trailing P/E ": "17.56", "Forward P/E 1": "N/A", "PEG Ratio (5 yr expected) 1": "N/A", "Price/Sales (ttm)": "1.91", "Price/Book (mrq)": "2.86", "Enterprise Value/Revenue 3": "5.70", "Enterprise Value/EBITDA 7": "34.55"}, "7/31/2005": {"Duration": "7/31/2005", "Market Cap (intraday) 5": "109.10M", "Enterprise Value 3": "97.07M", "Trailing P/E ": "20.30", "Forward P/E 1": "N/A", "PEG Ratio (5 yr expected) 1": "N/A", "Price/Sales (ttm)": "2.08", "Price/Book (mrq)": "3.30", "Enterprise Value/Revenue 3": "7.11", "Enterprise Value/EBITDA 7": "46.70"}, "4/30/2005": {"Duration": "4/30/2005", "Market Cap (intraday) 5": "83.81M", "Enterprise Value 3": "71.04M", "Trailing P/E ": "17.29", "Forward P/E 1": "N/A", "PEG Ratio (5 yr expected) 1": "N/A", "Price/Sales (ttm)": "1.67", "Price/Book (mrq)": "2.65", "Enterprise Value/Revenue 3": "4.57", "Enterprise Value/EBITDA 7": "29.26"}, "1/31/2005": {"Duration": "1/31/2005", "Market Cap (intraday) 5": "95.93M", "Enterprise Value 3": "83.16M", "Trailing P/E ": "19.79", "Forward P/E 1": "N/A", "PEG Ratio (5 yr expected) 1": "N/A", "Price/Sales (ttm)": "1.91", "Price/Book (mrq)": "3.03", "Enterprise Value/Revenue 3": "7.22", "Enterprise Value/EBITDA 7": "55.86"}, "10/31/2004": {"Duration": "10/31/2004", "Market Cap (intraday) 5": "79.25M", "Enterprise Value 3": "70.25M", "Trailing P/E ": "18.60", "Forward P/E 1": "N/A", "PEG Ratio (5 yr expected) 1": "N/A", "Price/Sales (ttm)": "1.66", "Price/Book (mrq)": "2.67", "Enterprise Value/Revenue 3": "4.88", "Enterprise Value/EBITDA 7": "34.43"}, "7/31/2004": {"Duration": "7/31/2004", "Market Cap (intraday) 5": "83.21M", "Enterprise Value 3": "72.43M", "Trailing P/E ": "22.51", "Forward P/E 1": "N/A", "PEG Ratio (5 yr expected) 1": "N/A", "Price/Sales (ttm)": "1.84", "Price/Book (mrq)": "2.92", "Enterprise Value/Revenue 3": "5.88", "Enterprise Value/EBITDA 7": "41.92"}, "4/30/2004": {"Duration": "4/30/2004", "Market Cap (intraday) 5": "67.39M", "Enterprise Value 3": "56.61M", "Trailing P/E ": "18.26", "Forward P/E 1": "N/A", "PEG Ratio (5 yr expected) 1": "N/A", "Price/Sales (ttm)": "1.49", "Price/Book (mrq)": "2.37", "Enterprise Value/Revenue 3": "4.32", "Enterprise Value/EBITDA 7": "34.07"}, "1/31/2004": {"Duration": "1/31/2004", "Market Cap (intraday) 5": "47.17M", "Enterprise Value 3": "36.19M", "Trailing P/E ": "15.27", "Forward P/E 1": "N/A", "PEG Ratio (5 yr expected) 1": "N/A", "Price/Sales (ttm)": "1.21", "Price/Book (mrq)": "1.76", "Enterprise Value/Revenue 3": "3.55", "Enterprise Value/EBITDA 7": "34.14"}, "10/31/2003": {"Duration": "10/31/2003", "Market Cap (intraday) 5": "41.83M", "Enterprise Value 3": "30.84M", "Trailing P/E ": "13.62", "Forward P/E 1": "N/A", "PEG Ratio (5 yr expected) 1": "N/A", "Price/Sales (ttm)": "1.08", "Price/Book (mrq)": "1.56", "Enterprise Value/Revenue 3": "2.39", "Enterprise Value/EBITDA 7": "19.05"}, "7/31/2003": {"Duration": "7/31/2003", "Market Cap (intraday) 5": "37.48M", "Enterprise Value 3": "24.28M", "Trailing P/E ": "12.88", "Forward P/E 1": "N/A", "PEG Ratio (5 yr expected) 1": "N/A", "Price/Sales (ttm)": "0.98", "Price/Book (mrq)": "1.47", "Enterprise Value/Revenue 3": "2.57", "Enterprise Value/EBITDA 7": "28.28"}, "4/30/2003": {"Duration": "4/30/2003", "Market Cap (intraday) 5": "31.94M", "Enterprise Value 3": "19.59M", "Trailing P/E ": "10.65", "Forward P/E 1": "N/A", "PEG Ratio (5 yr expected) 1": "N/A", "Price/Sales (ttm)": "0.87", "Price/Book (mrq)": "1.28", "Enterprise Value/Revenue 3": "2.34", "Enterprise Value/EBITDA 7": "20.74"}, "1/31/2003": {"Duration": "1/31/2003", "Market Cap (intraday) 5": "35.95M", "Enterprise Value 3": "23.85M", "Trailing P/E ": "11.64", "Forward P/E 1": "N/A", "PEG Ratio (5 yr expected) 1": "N/A", "Price/Sales (ttm)": "0.96", "Price/Book (mrq)": "1.48", "Enterprise Value/Revenue 3": "2.81", "Enterprise Value/EBITDA 7": "26.86"}, "10/31/2002": {"Duration": "10/31/2002", "Market Cap (intraday) 5": "37.20M", "Enterprise Value 3": "24.71M", "Trailing P/E ": "12.05", "Forward P/E 1": "N/A", "PEG Ratio (5 yr expected) 1": "N/A", "Price/Sales (ttm)": "1.00", "Price/Book (mrq)": "1.56", "Enterprise Value/Revenue 3": "2.00", "Enterprise Value/EBITDA 7": "17.17"}, "7/31/2002": {"Duration": "7/31/2002", "Market Cap (intraday) 5": "37.12M", "Enterprise Value 3": "26.43M", "Trailing P/E ": "12.33", "Forward P/E 1": "N/A", "PEG Ratio (5 yr expected) 1": "N/A", "Price/Sales (ttm)": "1.11", "Price/Book (mrq)": "1.60", "Enterprise Value/Revenue 3": "3.17", "Enterprise Value/EBITDA 7": "29.00"}, "4/30/2002": {"Duration": "4/30/2002", "Market Cap (intraday) 5": "37.53M", "Enterprise Value 3": "26.77M", "Trailing P/E ": "12.82", "Forward P/E 1": "N/A", "PEG Ratio (5 yr expected) 1": "N/A", "Price/Sales (ttm)": "1.11", "Price/Book (mrq)": "1.64", "Enterprise Value/Revenue 3": "2.99", "Enterprise Value/EBITDA 7": "25.68"}, "1/31/2002": {"Duration": "1/31/2002", "Market Cap (intraday) 5": "40.01M", "Enterprise Value 3": "29.39M", "Trailing P/E ": "14.26", "Forward P/E 1": "N/A", "PEG Ratio (5 yr expected) 1": "N/A", "Price/Sales (ttm)": "1.24", "Price/Book (mrq)": "1.81", "Enterprise Value/Revenue 3": "3.55", "Enterprise Value/EBITDA 7": "38.03"}, "10/31/2001": {"Duration": "10/31/2001", "Market Cap (intraday) 5": "34.40M", "Enterprise Value 3": "23.39M", "Trailing P/E ": "14.17", "Forward P/E 1": "N/A", "PEG Ratio (5 yr expected) 1": "N/A", "Price/Sales (ttm)": "1.16", "Price/Book (mrq)": "1.58", "Enterprise Value/Revenue 3": "2.78", "Enterprise Value/EBITDA 7": "23.42"}, "7/31/2001": {"Duration": "7/31/2001", "Market Cap (intraday) 5": "37.66M", "Enterprise Value 3": "27.47M", "Trailing P/E ": "16.36", "Forward P/E 1": "N/A", "PEG Ratio (5 yr expected) 1": "N/A", "Price/Sales (ttm)": "1.26", "Price/Book (mrq)": "1.77", "Enterprise Value/Revenue 3": "3.11", "Enterprise Value/EBITDA 7": "27.19"}, "4/30/2001": {"Duration": "4/30/2001", "Market Cap (intraday) 5": "28.98M", "Enterprise Value 3": "19.99M", "Trailing P/E ": "12.92", "Forward P/E 1": "N/A", "PEG Ratio (5 yr expected) 1": "N/A", "Price/Sales (ttm)": "1.02", "Price/Book (mrq)": "1.41", "Enterprise Value/Revenue 3": "2.76", "Enterprise Value/EBITDA 7": "23.62"}, "1/31/2001": {"Duration": "1/31/2001", "Market Cap (intraday) 5": "29.01M", "Enterprise Value 3": "21.15M", "Trailing P/E ": "12.88", "Forward P/E 1": "N/A", "PEG Ratio (5 yr expected) 1": "N/A", "Price/Sales (ttm)": "0.98", "Price/Book (mrq)": "1.43", "Enterprise Value/Revenue 3": "3.66", "Enterprise Value/EBITDA 7": "61.35"}, "10/31/2000": {"Duration": "10/31/2000", "Market Cap (intraday) 5": "27.04M", "Enterprise Value 3": "17.21M", "Trailing P/E ": "12.24", "Forward P/E 1": "N/A", "PEG Ratio (5 yr expected) 1": "N/A", "Price/Sales (ttm)": "0.94", "Price/Book (mrq)": "1.29", "Enterprise Value/Revenue 3": "1.96", "Enterprise Value/EBITDA 7": "22.18"}, "7/31/2000": {"Duration": "7/31/2000", "Market Cap (intraday) 5": "26.35M", "Enterprise Value 3": "17.27M", "Trailing P/E ": "11.78", "Forward P/E 1": "N/A", "PEG Ratio (5 yr expected) 1": "N/A", "Price/Sales (ttm)": "0.86", "Price/Book (mrq)": "1.27", "Enterprise Value/Revenue 3": "2.26", "Enterprise Value/EBITDA 7": "28.83"}, "4/30/2000": {"Duration": "4/30/2000", "Market Cap (intraday) 5": "23.94M", "Enterprise Value 3": "16.44M", "Trailing P/E ": "10.05", "Forward P/E 1": "N/A", "PEG Ratio (5 yr expected) 1": "N/A", "Price/Sales (ttm)": "0.69", "Price/Book (mrq)": "1.17", "Enterprise Value/Revenue 3": "2.35", "Enterprise Value/EBITDA 7": "29.24"}, "1/31/2000": {"Duration": "1/31/2000", "Market Cap (intraday) 5": "26.62M", "Enterprise Value 3": "19.12M", "Trailing P/E ": "11.03", "Forward P/E 1": "N/A", "PEG Ratio (5 yr expected) 1": "N/A", "Price/Sales (ttm)": "0.76", "Price/Book (mrq)": "1.30", "Enterprise Value/Revenue 3": "3.08", "Enterprise Value/EBITDA 7": "63.72"}, "10/31/1999": {"Duration": "10/31/1999", "Market Cap (intraday) 5": "24.31M", "Enterprise Value 3": "18.91M", "Trailing P/E ": "8.58", "Forward P/E 1": "N/A", "PEG Ratio (5 yr expected) 1": "N/A", "Price/Sales (ttm)": "0.66", "Price/Book (mrq)": "1.21", "Enterprise Value/Revenue 3": "1.93", "Enterprise Value/EBITDA 7": "31.52"}, "7/31/1999": {"Duration": "7/31/1999", "Market Cap (intraday) 5": "37.30M", "Enterprise Value 3": "32.30M", "Trailing P/E ": "11.09", "Forward P/E 1": "N/A", "PEG Ratio (5 yr expected) 1": "N/A", "Price/Sales (ttm)": "0.94", "Price/Book (mrq)": "1.87", "Enterprise Value/Revenue 3": "3.44", "Enterprise Value/EBITDA 7": "40.37"}, "4/30/1999": {"Duration": "4/30/1999", "Market Cap (intraday) 5": "38.68M", "Enterprise Value 3": "33.68M", "Trailing P/E ": "11.50", "Forward P/E 1": "N/A", "PEG Ratio (5 yr expected) 1": "N/A", "Price/Sales (ttm)": "0.98", "Price/Book (mrq)": "1.94", "Enterprise Value/Revenue 3": "3.09", "Enterprise Value/EBITDA 7": "25.91"}, "1/31/1999": {"Duration": "1/31/1999", "Market Cap (intraday) 5": "55.81M", "Enterprise Value 3": "49.91M", "Trailing P/E ": "15.96", "Forward P/E 1": "N/A", "PEG Ratio (5 yr expected) 1": "N/A", "Price/Sales (ttm)": "1.41", "Price/Book (mrq)": "2.98", "Enterprise Value/Revenue 3": "4.94", "Enterprise Value/EBITDA 7": "41.59"}, "10/31/1998": {"Duration": "10/31/1998", "Market Cap (intraday) 5": "66.84M", "Enterprise Value 3": "59.24M", "Trailing P/E ": "16.04", "Forward P/E 1": "N/A", "PEG Ratio (5 yr expected) 1": "N/A", "Price/Sales (ttm)": "1.34", "Price/Book (mrq)": "3.69", "Enterprise Value/Revenue 3": "5.15", "Enterprise Value/EBITDA 7": "32.91"}, "7/31/1998": {"Duration": "7/31/1998", "Market Cap (intraday) 5": "86.90M", "Enterprise Value 3": "79.30M", "Trailing P/E ": "20.86", "Forward P/E 1": "N/A", "PEG Ratio (5 yr expected) 1": "N/A", "Price/Sales (ttm)": "1.74", "Price/Book (mrq)": "4.80", "Enterprise Value/Revenue 3": "6.96", "Enterprise Value/EBITDA 7": "52.87"}, "4/30/1998": {"Duration": "4/30/1998", "Market Cap (intraday) 5": "73.53M", "Enterprise Value 3": "66.43M", "Trailing P/E ": "18.75", "Forward P/E 1": "N/A", "PEG Ratio (5 yr expected) 1": "N/A", "Price/Sales (ttm)": "1.50", "Price/Book (mrq)": "4.30", "Enterprise Value/Revenue 3": "5.88", "Enterprise Value/EBITDA 7": "41.52"}, "1/31/1998": {"Duration": "1/31/1998", "Market Cap (intraday) 5": "55.71M", "Enterprise Value 3": "49.41M", "Trailing P/E ": "16.71", "Forward P/E 1": "N/A", "PEG Ratio (5 yr expected) 1": "N/A", "Price/Sales (ttm)": "1.20", "Price/Book (mrq)": "3.64", "Enterprise Value/Revenue 3": "4.66", "Enterprise Value/EBITDA 7": "38.01"}, "10/31/1997": {"Duration": "10/31/1997", "Market Cap (intraday) 5": "36.77M", "Enterprise Value 3": "30.47M", "Trailing P/E ": "11.03", "Forward P/E 1": "N/A", "PEG Ratio (5 yr expected) 1": "N/A", "Price/Sales (ttm)": "0.79", "Price/Book (mrq)": "2.40", "Enterprise Value/Revenue 3": "2.46", "Enterprise Value/EBITDA 7": "16.93"}, "7/31/1997": {"Duration": "7/31/1997", "Market Cap (intraday) 5": "36.02M", "Enterprise Value 3": "33.32M", "Trailing P/E ": "11.30", "Forward P/E 1": "N/A", "PEG Ratio (5 yr expected) 1": "N/A", "Price/Sales (ttm)": "0.76", "Price/Book (mrq)": "2.52", "Enterprise Value/Revenue 3": "3.14", "Enterprise Value/EBITDA 7": "30.29"}, "4/30/1997": {"Duration": "4/30/1997", "Market Cap (intraday) 5": "34.17M", "Enterprise Value 3": "32.47M", "Trailing P/E ": "11.81", "Forward P/E 1": "N/A", "PEG Ratio (5 yr expected) 1": "N/A", "Price/Sales (ttm)": "0.76", "Price/Book (mrq)": "2.53", "Enterprise Value/Revenue 3": "3.42", "Enterprise Value/EBITDA 7": "32.47"}, "1/31/1997": {"Duration": "1/31/1997", "Market Cap (intraday) 5": "41.59M", "Enterprise Value 3": "40.49M", "Trailing P/E ": "15.15", "Forward P/E 1": "N/A", "PEG Ratio (5 yr expected) 1": "N/A", "Price/Sales (ttm)": "0.94", "Price/Book (mrq)": "3.25", "Enterprise Value/Revenue 3": "4.50", "Enterprise Value/EBITDA 7": "50.62"}, "10/31/1996": {"Duration": "10/31/1996", "Market Cap (intraday) 5": "44.56M", "Enterprise Value 3": "42.56M", "Trailing P/E ": "16.84", "Forward P/E 1": "N/A", "PEG Ratio (5 yr expected) 1": "N/A", "Price/Sales (ttm)": "1.11", "Price/Book (mrq)": "3.62", "Enterprise Value/Revenue 3": "4.21", "Enterprise Value/EBITDA 7": "38.70"}, "7/31/1996": {"Duration": "7/31/1996", "Market Cap (intraday) 5": "37.63M", "Enterprise Value 3": "36.53M", "Trailing P/E ": "9.84", "Forward P/E 1": "N/A", "PEG Ratio (5 yr expected) 1": "N/A", "Price/Sales (ttm)": "0.92", "Price/Book (mrq)": "3.24", "Enterprise Value/Revenue 3": "3.65", "Enterprise Value/EBITDA 7": "40.59"}, "4/30/1996": {"Duration": "4/30/1996", "Market Cap (intraday) 5": "33.67M", "Enterprise Value 3": "33.77M", "Trailing P/E ": "9.04", "Forward P/E 1": "N/A", "PEG Ratio (5 yr expected) 1": "N/A", "Price/Sales (ttm)": "0.95", "Price/Book (mrq)": "3.06", "Enterprise Value/Revenue 3": "3.67", "Enterprise Value/EBITDA 7": "33.77"}, "1/31/1996": {"Duration": "1/31/1996", "Market Cap (intraday) 5": "27.48M", "Enterprise Value 3": "27.88M", "Trailing P/E ": "7.68", "Forward P/E 1": "N/A", "PEG Ratio (5 yr expected) 1": "N/A", "Price/Sales (ttm)": "0.80", "Price/Book (mrq)": "2.67", "Enterprise Value/Revenue 3": "3.93", "Enterprise Value/EBITDA 7": "46.47"}, "10/31/1995": {"Duration": "10/31/1995", "Market Cap (intraday) 5": "18.89M", "Enterprise Value 3": "18.69M", "Trailing P/E ": "5.84", "Forward P/E 1": "N/A", "PEG Ratio (5 yr expected) 1": "N/A", "Price/Sales (ttm)": "0.55", "Price/Book (mrq)": "1.99", "Enterprise Value/Revenue 3": "1.97", "Enterprise Value/EBITDA 7": "23.36"}, "7/31/1995": {"Duration": "7/31/1995", "Market Cap (intraday) 5": "13.61M", "Enterprise Value 3": "13.01M", "Trailing P/E ": "6.66", "Forward P/E 1": "N/A", "PEG Ratio (5 yr expected) 1": "N/A", "Price/Sales (ttm)": "0.43", "Price/Book (mrq)": "1.53", "Enterprise Value/Revenue 3": "1.69", "Enterprise Value/EBITDA 7": "18.58"}, "4/30/1995": {"Duration": "4/30/1995", "Market Cap (intraday) 5": "9.83M", "Enterprise Value 3": "9.53M", "Trailing P/E ": "5.97", "Forward P/E 1": "N/A", "PEG Ratio (5 yr expected) 1": "N/A", "Price/Sales (ttm)": "0.35", "Price/Book (mrq)": "1.42", "Enterprise Value/Revenue 3": "1.27", "Enterprise Value/EBITDA 7": "11.91"}, "1/31/1995": {"Duration": "1/31/1995", "Market Cap (intraday) 5": "11.74M", "Enterprise Value 3": "11.44M", "Trailing P/E ": "7.07", "Forward P/E 1": "N/A", "PEG Ratio (5 yr expected) 1": "N/A", "Price/Sales (ttm)": "0.42", "Price/Book (mrq)": "1.70", "Enterprise Value/Revenue 3": "1.88", "Enterprise Value/EBITDA 7": "28.60"}, "10/31/1994": {"Duration": "10/31/1994", "Market Cap (intraday) 5": "10.22M", "Enterprise Value 3": "9.42M", "Trailing P/E ": "5.26", "Forward P/E 1": "N/A", "PEG Ratio (5 yr expected) 1": "N/A", "Price/Sales (ttm)": "0.41", "Price/Book (mrq)": "1.57", "Enterprise Value/Revenue 3": "0.89", "Enterprise Value/EBITDA 7": "-0.88"}, "7/31/1994": {"Duration": "7/31/1994", "Market Cap (intraday) 5": "11.11M", "Enterprise Value 3": "9.01M", "Trailing P/E ": "9.38", "Forward P/E 1": "N/A", "PEG Ratio (5 yr expected) 1": "N/A", "Price/Sales (ttm)": "0.68", "Price/Book (mrq)": "2.42", "Enterprise Value/Revenue 3": "2.00", "Enterprise Value/EBITDA 7": "2.00"}, "4/30/1994": {"Duration": "4/30/1994", "Market Cap (intraday) 5": "13.82M", "Enterprise Value 3": "11.72M", "Trailing P/E ": "13.06", "Forward P/E 1": "N/A", "PEG Ratio (5 yr expected) 1": "N/A", "Price/Sales (ttm)": "0.86", "Price/Book (mrq)": "3.00", "Enterprise Value/Revenue 3": "2.86", "Enterprise Value/EBITDA 7": "2.86"}, "1/31/1994": {"Duration": "1/31/1994", "Market Cap (intraday) 5": "14.66M", "Enterprise Value 3": "12.56M", "Trailing P/E ": "13.87", "Forward P/E 1": "N/A", "PEG Ratio (5 yr expected) 1": "N/A", "Price/Sales (ttm)": "0.92", "Price/Book (mrq)": "3.19", "Enterprise Value/Revenue 3": "3.14", "Enterprise Value/EBITDA 7": "3.14"}, "10/31/1993": {"Duration": "10/31/1993", "Market Cap (intraday) 5": "8.68M", "Enterprise Value 3": "7.58M", "Trailing P/E ": "8.92", "Forward P/E 1": "N/A", "PEG Ratio (5 yr expected) 1": "N/A", "Price/Sales (ttm)": "0.61", "Price/Book (mrq)": "2.02", "Enterprise Value/Revenue 3": "1.65", "Enterprise Value/EBITDA 7": "18.94"}, "7/31/1993": {"Duration": "7/31/1993", "Market Cap (intraday) 5": "9.57M", "Enterprise Value 3": "9.17M", "Trailing P/E ": "14.16", "Forward P/E 1": "N/A", "PEG Ratio (5 yr expected) 1": "N/A", "Price/Sales (ttm)": "0.71", "Price/Book (mrq)": "2.52", "Enterprise Value/Revenue 3": "2.48", "Enterprise Value/EBITDA 7": "45.86"}, "4/30/1993": {"Duration": "4/30/1993", "Market Cap (intraday) 5": "7.76M", "Enterprise Value 3": "7.36M", "Trailing P/E ": "11.48", "Forward P/E 1": "N/A", "PEG Ratio (5 yr expected) 1": "N/A", "Price/Sales (ttm)": "0.58", "Price/Book (mrq)": "2.04", "Enterprise Value/Revenue 3": "1.79", "Enterprise Value/EBITDA 7": "18.39"}, "1/31/1993": {"Duration": "1/31/1993", "Market Cap (intraday) 5": "2.84M", "Enterprise Value 3": "1.74M", "Trailing P/E ": "22.45", "Forward P/E 1": "N/A", "PEG Ratio (5 yr expected) 1": "N/A", "Price/Sales (ttm)": "0.28", "Price/Book (mrq)": "0.92", "Enterprise Value/Revenue 3": "0.37", "Enterprise Value/EBITDA 7": "4.36"}, "10/31/1992": {"Duration": "10/31/1992", "Market Cap (intraday) 5": "3.10M", "Enterprise Value 3": "2.90M", "Trailing P/E ": "N/A", "Forward P/E 1": "N/A", "PEG Ratio (5 yr expected) 1": "N/A", "Price/Sales (ttm)": "0.30", "Price/Book (mrq)": "1.11", "Enterprise Value/Revenue 3": "1.12", "Enterprise Value/EBITDA 7": "29.03"}, "7/31/1992": {"Duration": "7/31/1992", "Market Cap (intraday) 5": "2.07M", "Enterprise Value 3": "1.87M", "Trailing P/E ": "N/A", "Forward P/E 1": "N/A", "PEG Ratio (5 yr expected) 1": "N/A", "Price/Sales (ttm)": "0.20", "Price/Book (mrq)": "0.74", "Enterprise Value/Revenue 3": "0.93", "Enterprise Value/EBITDA 7": "-18.69"}, "4/30/1992": {"Duration": "4/30/1992", "Market Cap (intraday) 5": "2.07M", "Enterprise Value 3": "1.97M", "Trailing P/E ": "N/A", "Forward P/E 1": "N/A", "PEG Ratio (5 yr expected) 1": "N/A", "Price/Sales (ttm)": "0.20", "Price/Book (mrq)": "0.74", "Enterprise Value/Revenue 3": "0.98", "Enterprise Value/EBITDA 7": "-9.84"}, "1/31/1992": {"Duration": "1/31/1992", "Market Cap (intraday) 5": "1.94M", "Enterprise Value 3": "1.44M", "Trailing P/E ": "N/A", "Forward P/E 1": "N/A", "PEG Ratio (5 yr expected) 1": "N/A", "Price/Sales (ttm)": "0.19", "Price/Book (mrq)": "0.67", "Enterprise Value/Revenue 3": "0.46", "Enterprise Value/EBITDA 7": "0.46"}, "10/31/1991": {"Duration": "10/31/1991", "Market Cap (intraday) 5": "2.07M", "Enterprise Value 3": "1.57M", "Trailing P/E ": "N/A", "Forward P/E 1": "N/A", "PEG Ratio (5 yr expected) 1": "N/A", "Price/Sales (ttm)": "0.21", "Price/Book (mrq)": "0.71", "Enterprise Value/Revenue 3": "0.52", "Enterprise Value/EBITDA 7": "-0.87"}, "7/31/1991": {"Duration": "7/31/1991", "Market Cap (intraday) 5": "2.89M", "Enterprise Value 3": "2.89M", "Trailing P/E ": "9.62", "Forward P/E 1": "N/A", "PEG Ratio (5 yr expected) 1": "N/A", "Price/Sales (ttm)": "0.27", "Price/Book (mrq)": "0.64", "Enterprise Value/Revenue 3": "1.31", "Enterprise Value/EBITDA 7": "N/A"}, "4/30/1991": {"Duration": "4/30/1991", "Market Cap (intraday) 5": "3.93M", "Enterprise Value 3": "3.73M", "Trailing P/E ": "10.20", "Forward P/E 1": "N/A", "PEG Ratio (5 yr expected) 1": "N/A", "Price/Sales (ttm)": "0.41", "Price/Book (mrq)": "0.89", "Enterprise Value/Revenue 3": "2.07", "Enterprise Value/EBITDA 7": "-37.35"}, "1/31/1991": {"Duration": "1/31/1991", "Market Cap (intraday) 5": "1.97M", "Enterprise Value 3": "1.77M", "Trailing P/E ": "4.17", "Forward P/E 1": "N/A", "PEG Ratio (5 yr expected) 1": "N/A", "Price/Sales (ttm)": "0.19", "Price/Book (mrq)": "0.45", "Enterprise Value/Revenue 3": "0.65", "Enterprise Value/EBITDA 7": "17.67"}, "10/31/1990": {"Duration": "10/31/1990", "Market Cap (intraday) 5": "2.09M", "Enterprise Value 3": "1.69M", "Trailing P/E ": "4.45", "Forward P/E 1": "N/A", "PEG Ratio (5 yr expected) 1": "N/A", "Price/Sales (ttm)": "0.20", "Price/Book (mrq)": "0.49", "Enterprise Value/Revenue 3": "0.60", "Enterprise Value/EBITDA 7": "N/A"}, "7/31/1990": {"Duration": "7/31/1990", "Market Cap (intraday) 5": "2.86M", "Enterprise Value 3": "2.76M", "Trailing P/E ": "10.20", "Forward P/E 1": "N/A", "PEG Ratio (5 yr expected) 1": "N/A", "Price/Sales (ttm)": "0.26", "Price/Book (mrq)": "0.70", "Enterprise Value/Revenue 3": "1.15", "Enterprise Value/EBITDA 7": "N/A"}, "4/30/1990": {"Duration": "4/30/1990", "Market Cap (intraday) 5": "2.86M", "Enterprise Value 3": "2.36M", "Trailing P/E ": "6.80", "Forward P/E 1": "N/A", "PEG Ratio (5 yr expected) 1": "N/A", "Price/Sales (ttm)": "0.26", "Price/Book (mrq)": "0.70", "Enterprise Value/Revenue 3": "0.87", "Enterprise Value/EBITDA 7": "N/A"}, "1/31/1990": {"Duration": "1/31/1990", "Market Cap (intraday) 5": "3.00M", "Enterprise Value 3": "2.90M", "Trailing P/E ": "7.14", "Forward P/E 1": "N/A", "PEG Ratio (5 yr expected) 1": "N/A", "Price/Sales (ttm)": "0.26", "Price/Book (mrq)": "0.77", "Enterprise Value/Revenue 3": "0.97", "Enterprise Value/EBITDA 7": "N/A"}, "10/31/1989": {"Duration": "10/31/1989", "Market Cap (intraday) 5": "2.58M", "Enterprise Value 3": "281.38k", "Trailing P/E ": "6.12", "Forward P/E 1": "N/A", "PEG Ratio (5 yr expected) 1": "N/A", "Price/Sales (ttm)": "0.26", "Price/Book (mrq)": "0.68", "Enterprise Value/Revenue 3": "0.10", "Enterprise Value/EBITDA 7": "-0.03"}, "7/31/1989": {"Duration": "7/31/1989", "Market Cap (intraday) 5": "3.53M", "Enterprise Value 3": "3.83M", "Trailing P/E ": "N/A", "Forward P/E 1": "N/A", "PEG Ratio (5 yr expected) 1": "N/A", "Price/Sales (ttm)": "0.31", "Price/Book (mrq)": "1.10", "Enterprise Value/Revenue 3": "1.53", "Enterprise Value/EBITDA 7": "1.53"}, "4/30/1989": {"Duration": "4/30/1989", "Market Cap (intraday) 5": "3.97M", "Enterprise Value 3": "4.27M", "Trailing P/E ": "N/A", "Forward P/E 1": "N/A", "PEG Ratio (5 yr expected) 1": "N/A", "Price/Sales (ttm)": "0.37", "Price/Book (mrq)": "1.24", "Enterprise Value/Revenue 3": "1.22", "Enterprise Value/EBITDA 7": "1.22"}, "1/31/1989": {"Duration": "1/31/1989", "Market Cap (intraday) 5": "2.79M", "Enterprise Value 3": "3.09M", "Trailing P/E ": "N/A", "Forward P/E 1": "N/A", "PEG Ratio (5 yr expected) 1": "N/A", "Price/Sales (ttm)": "0.26", "Price/Book (mrq)": "0.87", "Enterprise Value/Revenue 3": "1.00", "Enterprise Value/EBITDA 7": "1.00"}, "10/31/1988": {"Duration": "10/31/1988", "Market Cap (intraday) 5": "2.65M", "Enterprise Value 3": "2.95M", "Trailing P/E ": "N/A", "Forward P/E 1": "N/A", "PEG Ratio (5 yr expected) 1": "N/A", "Price/Sales (ttm)": "0.24", "Price/Book (mrq)": "0.83", "Enterprise Value/Revenue 3": "1.34", "Enterprise Value/EBITDA 7": "-0.30"}, "7/31/1988": {"Duration": "7/31/1988", "Market Cap (intraday) 5": "3.27M", "Enterprise Value 3": "2.87M", "Trailing P/E ": "N/A", "Forward P/E 1": "N/A", "PEG Ratio (5 yr expected) 1": "N/A", "Price/Sales (ttm)": "0.23", "Price/Book (mrq)": "0.68", "Enterprise Value/Revenue 3": "1.15", "Enterprise Value/EBITDA 7": "1.15"}, "4/30/1988": {"Duration": "4/30/1988", "Market Cap (intraday) 5": "4.46M", "Enterprise Value 3": "4.06M", "Trailing P/E ": "N/A", "Forward P/E 1": "N/A", "PEG Ratio (5 yr expected) 1": "N/A", "Price/Sales (ttm)": "0.28", "Price/Book (mrq)": "0.93", "Enterprise Value/Revenue 3": "1.35", "Enterprise Value/EBITDA 7": "1.35"}, "1/31/1988": {"Duration": "1/31/1988", "Market Cap (intraday) 5": "2.82M", "Enterprise Value 3": "2.42M", "Trailing P/E ": "58.16", "Forward P/E 1": "N/A", "PEG Ratio (5 yr expected) 1": "N/A", "Price/Sales (ttm)": "0.18", "Price/Book (mrq)": "0.59", "Enterprise Value/Revenue 3": "0.76", "Enterprise Value/EBITDA 7": "0.76"}, "10/31/1987": {"Duration": "10/31/1987", "Market Cap (intraday) 5": "3.28M", "Enterprise Value 3": "3.48M", "Trailing P/E ": "N/A", "Forward P/E 1": "N/A", "PEG Ratio (5 yr expected) 1": "N/A", "Price/Sales (ttm)": "0.18", "Price/Book (mrq)": "0.67", "Enterprise Value/Revenue 3": "0.85", "Enterprise Value/EBITDA 7": "-0.25"}, "7/31/1987": {"Duration": "7/31/1987", "Market Cap (intraday) 5": "4.50M", "Enterprise Value 3": "4.70M", "Trailing P/E ": "N/A", "Forward P/E 1": "N/A", "PEG Ratio (5 yr expected) 1": "N/A", "Price/Sales (ttm)": "0.23", "Price/Book (mrq)": "0.92", "Enterprise Value/Revenue 3": "1.27", "Enterprise Value/EBITDA 7": "1.27"}, "4/30/1987": {"Duration": "4/30/1987", "Market Cap (intraday) 5": "4.50M", "Enterprise Value 3": "4.70M", "Trailing P/E ": "N/A", "Forward P/E 1": "N/A", "PEG Ratio (5 yr expected) 1": "N/A", "Price/Sales (ttm)": "0.23", "Price/Book (mrq)": "0.92", "Enterprise Value/Revenue 3": "1.00", "Enterprise Value/EBITDA 7": "1.00"}, "1/31/1987": {"Duration": "1/31/1987", "Market Cap (intraday) 5": "3.46M", "Enterprise Value 3": "3.66M", "Trailing P/E ": "N/A", "Forward P/E 1": "N/A", "PEG Ratio (5 yr expected) 1": "N/A", "Price/Sales (ttm)": "0.18", "Price/Book (mrq)": "0.71", "Enterprise Value/Revenue 3": "0.69", "Enterprise Value/EBITDA 7": "0.69"}, "10/31/1986": {"Duration": "10/31/1986", "Market Cap (intraday) 5": "2.77M", "Enterprise Value 3": "2.97M", "Trailing P/E ": "N/A", "Forward P/E 1": "N/A", "PEG Ratio (5 yr expected) 1": "N/A", "Price/Sales (ttm)": "0.14", "Price/Book (mrq)": "0.57", "Enterprise Value/Revenue 3": "0.50", "Enterprise Value/EBITDA 7": "-0.22"}, "7/31/1986": {"Duration": "7/31/1986", "Market Cap (intraday) 5": "3.82M", "Enterprise Value 3": "2.72M", "Trailing P/E ": "N/A", "Forward P/E 1": "N/A", "PEG Ratio (5 yr expected) 1": "N/A", "Price/Sales (ttm)": "0.22", "Price/Book (mrq)": "0.62", "Enterprise Value/Revenue 3": "0.70", "Enterprise Value/EBITDA 7": "0.70"}, "4/30/1986": {"Duration": "4/30/1986", "Market Cap (intraday) 5": "4.68M", "Enterprise Value 3": "3.58M", "Trailing P/E ": "N/A", "Forward P/E 1": "N/A", "PEG Ratio (5 yr expected) 1": "N/A", "Price/Sales (ttm)": "0.27", "Price/Book (mrq)": "0.76", "Enterprise Value/Revenue 3": "0.75", "Enterprise Value/EBITDA 7": "0.75"}, "1/31/1986": {"Duration": "1/31/1986", "Market Cap (intraday) 5": "4.52M", "Enterprise Value 3": "3.42M", "Trailing P/E ": "N/A", "Forward P/E 1": "N/A", "PEG Ratio (5 yr expected) 1": "N/A", "Price/Sales (ttm)": "0.26", "Price/Book (mrq)": "0.73", "Enterprise Value/Revenue 3": "0.90", "Enterprise Value/EBITDA 7": "0.90"}, "10/31/1985": {"Duration": "10/31/1985", "Market Cap (intraday) 5": "4.86M", "Enterprise Value 3": "3.76M", "Trailing P/E ": "N/A", "Forward P/E 1": "N/A", "PEG Ratio (5 yr expected) 1": "N/A", "Price/Sales (ttm)": "0.29", "Price/Book (mrq)": "0.78", "Enterprise Value/Revenue 3": "0.75", "Enterprise Value/EBITDA 7": "-0.28"}}}}]