[{"ADC": {"quote": {"05/12/2021": {"value": "67.49", "Market Cap": "4.329B", "Beta (5Y Monthly)": "0.33", "PE Ratio (TTM)": "38.13", "EPS (TTM)": "1.77", "Earnings Date": "Jul 19, 2021 - Jul 23, 2021", "Forward Dividend & Yield": "2.60 (3.80%)", "Ex-Dividend Date": "Apr 29, 2021", "1y Target Est": "77.21"}}, "fin": {"TTM": {"Duration": "TTM", "Total Revenue": "270,588", "Cost of Revenue": "33,970", "Gross Profit": "236,618", "Operating Expense": "97,129", "Operating Income": "139,489", "Net Non Operating Interest Income Expense": "-42,081", "Other Income Expense": "5,307", "Pretax Income": "102,715", "Tax Provision": "1,835", "Net Income Common Stockholders": "99,945", "Diluted NI Available to Com Stockholders": "99,945", "Basic EPS": "-", "Diluted EPS": "-", "Basic Average Shares": "-", "Diluted Average Shares": "-", "Total Operating Income as Reported": "135,352", "Rent Expense Supplemental": "1,319", "Total Expenses": "131,099", "Net Income from Continuing & Discontinued Operation": "100,264", "Normalized Income": "95,074", "Net Interest Income": "-42,081", "EBIT": "140,906", "EBITDA": "231,853", "Reconciled Cost of Revenue": "17,138", "Reconciled Depreciation": "90,947", "Net Income from Continuing Operation Net Minority Interest": "100,264", "Total Unusual Items Excluding Goodwill": "5,284", "Total Unusual Items": "5,284", "Normalized EBITDA": "226,569", "Tax Rate for Calcs": "0", "Tax Effect of Unusual Items": "94.3985"}, "12/31/2020": {"Duration": "12/31/2020", "Total Revenue": "248,568", "Cost of Revenue": "31,752", "Gross Profit": "216,816", "Operating Expense": "87,551", "Operating Income": "129,265", "Net Non Operating Interest Income Expense": "-40,097", "Other Income Expense": "3,890", "Pretax Income": "93,058", "Tax Provision": "1,086", "Net Income Common Stockholders": "91,084", "Diluted NI Available to Com Stockholders": "91,084", "Basic EPS": "-", "Diluted EPS": "-", "Basic Average Shares": "-", "Diluted Average Shares": "-", "Total Operating Income as Reported": "125,128", "Rent Expense Supplemental": "1,301", "Total Expenses": "119,303", "Net Income from Continuing & Discontinued Operation": "91,381", "Normalized Income": "87,559", "Net Interest Income": "-40,097", "EBIT": "129,265", "EBITDA": "-", "Reconciled Cost of Revenue": "15,867", "Reconciled Depreciation": "82,643", "Net Income from Continuing Operation Net Minority Interest": "91,381", "Total Unusual Items Excluding Goodwill": "3,867", "Total Unusual Items": "3,867", "Normalized EBITDA": "208,041", "Tax Rate for Calcs": "0", "Tax Effect of Unusual Items": "45.1284"}, "12/31/2019": {"Duration": "12/31/2019", "Total Revenue": "187,478", "Cost of Revenue": "23,511", "Gross Profit": "163,967", "Operating Expense": "61,269", "Operating Income": "102,698", "Net Non Operating Interest Income Expense": "-33,094", "Other Income Expense": "11,697", "Pretax Income": "81,301", "Tax Provision": "538", "Net Income Common Stockholders": "79,702", "Diluted NI Available to Com Stockholders": "79,702", "Basic EPS": "1.96", "Diluted EPS": "1.93", "Basic Average Shares": "40,577", "Diluted Average Shares": "41,224", "Total Operating Income as Reported": "101,089", "Rent Expense Supplemental": "1,242", "Total Expenses": "84,780", "Net Income from Continuing & Discontinued Operation": "80,081", "Normalized Income": "68,461", "Net Interest Income": "-33,094", "EBIT": "102,698", "EBITDA": "-", "Reconciled Cost of Revenue": "10,010", "Reconciled Depreciation": "59,204", "Net Income from Continuing Operation Net Minority Interest": "80,081", "Total Unusual Items Excluding Goodwill": "11,697", "Total Unusual Items": "11,697", "Normalized EBITDA": "150,205", "Tax Rate for Calcs": "0", "Tax Effect of Unusual Items": "77.4035"}, "12/31/2018": {"Duration": "12/31/2018", "Total Revenue": "148,195", "Cost of Revenue": "17,011", "Gross Profit": "131,184", "Operating Expense": "55,863", "Operating Income": "75,321", "Net Non Operating Interest Income Expense": "-24,872", "Other Income Expense": "8,865", "Pretax Income": "59,314", "Tax Provision": "516", "Net Income Common Stockholders": "57,802", "Diluted NI Available to Com Stockholders": "57,802", "Basic EPS": "1.80", "Diluted EPS": "1.78", "Basic Average Shares": "32,070", "Diluted Average Shares": "32,401", "Total Operating Income as Reported": "73,002", "Rent Expense Supplemental": "645", "Total Expenses": "72,874", "Net Income from Continuing & Discontinued Operation": "58,172", "Normalized Income": "49,388", "Net Interest Income": "-24,872", "EBIT": "75,321", "EBITDA": "-", "Reconciled Cost of Revenue": "17,011", "Reconciled Depreciation": "43,698", "Net Income from Continuing Operation Net Minority Interest": "58,172", "Total Unusual Items Excluding Goodwill": "8,861", "Total Unusual Items": "8,861", "Normalized EBITDA": "110,158", "Tax Rate for Calcs": "0", "Tax Effect of Unusual Items": "77.0859"}}, "bs": {"12/31/2020": {"Duration": "12/31/2020", "Total Assets": "3,886,183", "Total Liabilities Net Minority Interest": "1,359,934", "Total Equity Gross Minority Interest": "2,526,249", "Total Capitalization": "3,742,786", "Common Stock Equity": "2,524,487", "Net Tangible Assets": "2,050,895", "Working Capital": "-58,973", "Invested Capital": "3,742,786", "Tangible Book Value": "2,050,895", "Total Debt": "1,218,299", "Net Debt": "1,212,162", "Share Issued": "60,021", "Ordinary Shares Number": "60,021"}, "12/31/2019": {"Duration": "12/31/2019", "Total Assets": "2,664,530", "Total Liabilities Net Minority Interest": "972,968", "Total Equity Gross Minority Interest": "1,691,562", "Total Capitalization": "2,561,630", "Common Stock Equity": "1,689,331", "Net Tangible Assets": "1,345,817", "Working Capital": "-1,286", "Invested Capital": "2,561,630", "Tangible Book Value": "1,345,817", "Total Debt": "872,299", "Net Debt": "856,696", "Share Issued": "45,574", "Ordinary Shares Number": "45,574"}, "12/31/2018": {"Duration": "12/31/2018", "Total Assets": "2,028,189", "Total Liabilities Net Minority Interest": "789,703", "Total Equity Gross Minority Interest": "1,238,486", "Total Capitalization": "1,956,484", "Common Stock Equity": "1,236,075", "Net Tangible Assets": "955,922", "Working Capital": "39,815", "Invested Capital": "1,956,484", "Tangible Book Value": "955,922", "Total Debt": "720,409", "Net Debt": "666,454", "Share Issued": "37,546", "Ordinary Shares Number": "37,546"}}, "cf": {"TTM": {"Duration": "TTM", "Operating Cash Flow": "160,055", "Investing Cash Flow": "-1,480,412", "Financing Cash Flow": "1,235,586", "End Cash Position": "7,369", "Income Tax Paid Supplemental Data": "2,184", "Interest Paid Supplemental Data": "43,877", "Issuance of Capital Stock": "1,049,608", "Issuance of Debt": "-", "Repayment of Debt": "-873", "Repurchase of Capital Stock": "-1,794", "Free Cash Flow": "160,055"}, "12/31/2020": {"Duration": "12/31/2020", "Operating Cash Flow": "142,956", "Investing Cash Flow": "-1,299,842", "Financing Cash Flow": "1,122,684", "End Cash Position": "7,955", "Income Tax Paid Supplemental Data": "1,150", "Interest Paid Supplemental Data": "37,710", "Issuance of Capital Stock": "896,118", "Issuance of Debt": "352,745", "Repayment of Debt": "-3,683", "Repurchase of Capital Stock": "-1,641", "Free Cash Flow": "142,956"}, "12/31/2019": {"Duration": "12/31/2019", "Operating Cash Flow": "126,707", "Investing Cash Flow": "-667,519", "Financing Cash Flow": "528,994", "End Cash Position": "42,157", "Income Tax Paid Supplemental Data": "666", "Interest Paid Supplemental Data": "29,925", "Issuance of Capital Stock": "472,746", "Issuance of Debt": "195,000", "Repayment of Debt": "-42,947", "Repurchase of Capital Stock": "-1,406", "Free Cash Flow": "126,707"}, "12/31/2018": {"Duration": "12/31/2018", "Operating Cash Flow": "93,247", "Investing Cash Flow": "-568,117", "Financing Cash Flow": "470,063", "End Cash Position": "53,975", "Income Tax Paid Supplemental Data": "452", "Interest Paid Supplemental Data": "23,015", "Issuance of Capital Stock": "339,744", "Issuance of Debt": "588,000", "Repayment of Debt": "-386,337", "Repurchase of Capital Stock": "-1,145", "Free Cash Flow": "93,247"}}}}, {"AKR": {"quote": {"05/12/2021": {"value": "20.31", "Market Cap": "1.753B", "Beta (5Y Monthly)": "1.51", "PE Ratio (TTM)": "398.24", "EPS (TTM)": "0.05", "Earnings Date": "Aug 03, 2021 - Aug 09, 2021", "Forward Dividend & Yield": "0.60 (2.81%)", "Ex-Dividend Date": "Jun 29, 2021", "1y Target Est": "21.67"}}, "fin": {"TTM": {"Duration": "TTM", "Total Revenue": "253,458", "Cost of Revenue": "101,272", "Gross Profit": "152,186", "Operating Expense": "183,787", "Operating Income": "-31,601", "Net Non Operating Interest Income Expense": "-63,149", "Other Income Expense": "91,984", "Pretax Income": "-2,766", "Tax Provision": "1,373", "Net Income Common Stockholders": "4,428", "Diluted NI Available to Com Stockholders": "4,428", "Basic EPS": "-", "Diluted EPS": "-", "Basic Average Shares": "-", "Diluted Average Shares": "-", "Total Operating Income as Reported": "-60,355", "Total Expenses": "285,059", "Net Income from Continuing & Discontinued Operation": "4,817", "Normalized Income": "-50,511", "Interest Income": "7,750", "Interest Expense": "70,899", "Net Interest Income": "-63,149", "EBIT": "68,133", "EBITDA": "215,939", "Reconciled Cost of Revenue": "101,272", "Reconciled Depreciation": "147,806", "Net Income from Continuing Operation Net Minority Interest": "4,817", "Total Unusual Items Excluding Goodwill": "92,213", "Total Unusual Items": "92,213", "Normalized EBITDA": "123,726", "Tax Rate for Calcs": "0", "Tax Effect of Unusual Items": "36,885"}, "12/31/2020": {"Duration": "12/31/2020", "Total Revenue": "255,484", "Cost of Revenue": "100,100", "Gross Profit": "155,384", "Operating Expense": "185,848", "Operating Income": "-30,464", "Net Non Operating Interest Income Expense": "-63,081", "Other Income Expense": "27,778", "Pretax Income": "-65,767", "Tax Provision": "271", "Net Income Common Stockholders": "-8,992", "Diluted NI Available to Com Stockholders": "-8,992", "Basic EPS": "-", "Diluted EPS": "-", "Basic Average Shares": "-", "Diluted Average Shares": "-", "Total Operating Income as Reported": "-115,379", "Total Expenses": "285,948", "Net Income from Continuing & Discontinued Operation": "-8,759", "Normalized Income": "-29,940", "Interest Income": "8,979", "Interest Expense": "72,060", "Net Interest Income": "-63,081", "EBIT": "6,293", "EBITDA": "-", "Reconciled Cost of Revenue": "100,100", "Reconciled Depreciation": "149,793", "Net Income from Continuing Operation Net Minority Interest": "-8,759", "Total Unusual Items Excluding Goodwill": "29,015", "Total Unusual Items": "29,015", "Normalized EBITDA": "127,071", "Tax Rate for Calcs": "0", "Tax Effect of Unusual Items": "7,834"}, "12/31/2019": {"Duration": "12/31/2019", "Total Revenue": "295,327", "Cost of Revenue": "90,468", "Gross Profit": "204,859", "Operating Expense": "160,859", "Operating Income": "44,000", "Net Non Operating Interest Income Expense": "-65,800", "Other Income Expense": "44,472", "Pretax Income": "22,672", "Tax Provision": "1,468", "Net Income Common Stockholders": "52,632", "Diluted NI Available to Com Stockholders": "52,632", "Basic EPS": "0.62", "Diluted EPS": "0.62", "Basic Average Shares": "84,890", "Diluted Average Shares": "84,890", "Total Operating Income as Reported": "72,603", "Total Expenses": "251,327", "Net Income from Continuing & Discontinued Operation": "53,045", "Normalized Income": "26,294", "Interest Income": "7,988", "Interest Expense": "73,788", "Net Interest Income": "-65,800", "EBIT": "96,460", "EBITDA": "-", "Reconciled Cost of Revenue": "90,468", "Reconciled Depreciation": "125,443", "Net Income from Continuing Operation Net Minority Interest": "53,045", "Total Unusual Items Excluding Goodwill": "28,603", "Total Unusual Items": "28,603", "Normalized EBITDA": "193,300", "Tax Rate for Calcs": "0", "Tax Effect of Unusual Items": "1,852"}, "12/31/2018": {"Duration": "12/31/2018", "Total Revenue": "262,213", "Cost of Revenue": "81,923", "Gross Profit": "180,290", "Operating Expense": "152,749", "Operating Income": "27,541", "Net Non Operating Interest Income Expense": "-56,747", "Other Income Expense": "9,302", "Pretax Income": "-19,904", "Tax Provision": "934", "Net Income Common Stockholders": "31,172", "Diluted NI Available to Com Stockholders": "31,172", "Basic EPS": "0.38", "Diluted EPS": "0.38", "Basic Average Shares": "82,734", "Diluted Average Shares": "82,734", "Total Operating Income as Reported": "27,541", "Total Expenses": "234,672", "Net Income from Continuing & Discontinued Operation": "31,439", "Normalized Income": "26,299", "Interest Income": "13,231", "Interest Expense": "69,978", "Net Interest Income": "-56,747", "EBIT": "50,074", "EBITDA": "-", "Reconciled Cost of Revenue": "81,923", "Reconciled Depreciation": "117,549", "Net Income from Continuing Operation Net Minority Interest": "26,299", "Total Unusual Items Excluding Goodwill": "0", "Total Unusual Items": "0", "Normalized EBITDA": "167,623", "Tax Rate for Calcs": "0", "Tax Effect of Unusual Items": "0"}}, "bs": {"12/31/2020": {"Duration": "12/31/2020", "Total Assets": "4,186,882", "Total Liabilities Net Minority Interest": "2,138,329", "Total Equity Gross Minority Interest": "2,048,553", "Total Capitalization": "3,066,753", "Common Stock Equity": "1,441,314", "Capital Lease Obligations": "95,103", "Net Tangible Assets": "1,340,582", "Working Capital": "11,874", "Invested Capital": "3,205,153", "Tangible Book Value": "1,340,582", "Total Debt": "1,858,942", "Net Debt": "1,744,607", "Share Issued": "86,268", "Ordinary Shares Number": "86,268"}, "12/31/2019": {"Duration": "12/31/2019", "Total Assets": "4,309,114", "Total Liabilities Net Minority Interest": "2,122,149", "Total Equity Gross Minority Interest": "2,186,965", "Total Capitalization": "3,189,704", "Common Stock Equity": "1,542,308", "Capital Lease Obligations": "134,419", "Net Tangible Assets": "1,425,488", "Working Capital": "70,147", "Invested Capital": "3,250,504", "Tangible Book Value": "1,425,488", "Total Debt": "1,842,615", "Net Debt": "1,692,351", "Share Issued": "87,050", "Ordinary Shares Number": "87,050"}, "12/31/2018": {"Duration": "12/31/2018", "Total Assets": "3,958,780", "Total Liabilities Net Minority Interest": "1,876,833", "Total Equity Gross Minority Interest": "2,081,947", "Total Capitalization": "3,010,050", "Common Stock Equity": "1,459,505", "Capital Lease Obligations": "71,111", "Net Tangible Assets": "1,343,566", "Working Capital": "149,600", "Invested Capital": "3,010,050", "Tangible Book Value": "1,343,566", "Total Debt": "1,621,656", "Net Debt": "1,529,277", "Share Issued": "81,557", "Ordinary Shares Number": "81,557"}}, "cf": {"TTM": {"Duration": "TTM", "Operating Cash Flow": "105,521", "Investing Cash Flow": "6,012", "Financing Cash Flow": "-118,002", "End Cash Position": "31,147", "Income Tax Paid Supplemental Data": "730", "Interest Paid Supplemental Data": "70,060", "Capital Expenditure": "-39,031", "Issuance of Capital Stock": "145,498", "Issuance of Debt": "125,476", "Repayment of Debt": "-239,385", "Repurchase of Capital Stock": "-34", "Free Cash Flow": "105,521"}, "12/31/2020": {"Duration": "12/31/2020", "Operating Cash Flow": "102,565", "Investing Cash Flow": "-96,208", "Financing Cash Flow": "-2,443", "End Cash Position": "33,924", "Income Tax Paid Supplemental Data": "-", "Interest Paid Supplemental Data": "72,392", "Capital Expenditure": "-", "Issuance of Capital Stock": "-", "Issuance of Debt": "244,065", "Repayment of Debt": "-192,842", "Repurchase of Capital Stock": "-22,386", "Free Cash Flow": "102,565"}, "12/31/2019": {"Duration": "12/31/2019", "Operating Cash Flow": "127,177", "Investing Cash Flow": "-397,057", "Financing Cash Flow": "265,042", "End Cash Position": "30,010", "Income Tax Paid Supplemental Data": "730", "Interest Paid Supplemental Data": "53,586", "Capital Expenditure": "-39,031", "Issuance of Capital Stock": "145,498", "Issuance of Debt": "852,668", "Repayment of Debt": "-692,560", "Repurchase of Capital Stock": "0", "Free Cash Flow": "88,146"}, "12/31/2018": {"Duration": "12/31/2018", "Operating Cash Flow": "96,076", "Investing Cash Flow": "-136,619", "Financing Cash Flow": "-10,278", "End Cash Position": "34,848", "Income Tax Paid Supplemental Data": "1,227", "Interest Paid Supplemental Data": "61,832", "Capital Expenditure": "-", "Issuance of Capital Stock": "-", "Issuance of Debt": "835,973", "Repayment of Debt": "-714,026", "Repurchase of Capital Stock": "-55,111", "Free Cash Flow": "96,076"}}}}, {"LND": {"quote": {"05/12/2021": {"value": "6.21", "Market Cap": "495.452M", "Beta (5Y Monthly)": "N/A", "PE Ratio (TTM)": "8.54", "EPS (TTM)": "0.73", "Earnings Date": "N/A", "Forward Dividend & Yield": "0.13 (2.07%)", "Ex-Dividend Date": "Oct 19, 2020", "1y Target Est": "N/A"}}, "fin": {"TTM": {"Duration": "TTM", "Total Revenue": "593,837", "Cost of Revenue": "359,792", "Gross Profit": "234,045", "Operating Expense": "63,085", "Operating Income": "170,960", "Net Non Operating Interest Income Expense": "33,372", "Other Income Expense": "-47,468", "Pretax Income": "156,864", "Tax Provision": "2,232", "Net Income Common Stockholders": "154,632", "Diluted NI Available to Com Stockholders": "154,632", "Basic EPS": "-", "Diluted EPS": "-", "Basic Average Shares": "-", "Diluted Average Shares": "-", "Total Operating Income as Reported": "173,387", "Rent Expense Supplemental": "-", "Total Expenses": "422,877", "Net Income from Continuing & Discontinued Operation": "154,632", "Normalized Income": "154,632", "Interest Income": "124,683", "Interest Expense": "126,684", "Net Interest Income": "33,372", "EBIT": "283,548", "EBITDA": "361,531", "Reconciled Cost of Revenue": "359,792", "Reconciled Depreciation": "77,983", "Net Income from Continuing Operation Net Minority Interest": "154,632", "Total Unusual Items Excluding Goodwill": "-", "Total Unusual Items": "-", "Normalized EBITDA": "361,531", "Tax Rate for Calcs": "0", "Tax Effect of Unusual Items": "0"}, "6/30/2020": {"Duration": "6/30/2020", "Total Revenue": "544,835", "Cost of Revenue": "323,442", "Gross Profit": "221,393", "Operating Expense": "59,540", "Operating Income": "161,853", "Net Non Operating Interest Income Expense": "19,140", "Other Income Expense": "-47,464", "Pretax Income": "133,529", "Tax Provision": "13,975", "Net Income Common Stockholders": "119,554", "Diluted NI Available to Com Stockholders": "119,554", "Basic EPS": "2.01", "Diluted EPS": "2.01", "Basic Average Shares": "59,342", "Diluted Average Shares": "59,342", "Total Operating Income as Reported": "164,284", "Rent Expense Supplemental": "175", "Total Expenses": "382,982", "Net Income from Continuing & Discontinued Operation": "119,554", "Normalized Income": "162,137", "Interest Income": "9,015", "Interest Expense": "25,248", "Net Interest Income": "19,140", "EBIT": "158,777", "EBITDA": "-", "Reconciled Cost of Revenue": "323,442", "Reconciled Depreciation": "60,249", "Net Income from Continuing Operation Net Minority Interest": "119,554", "Total Unusual Items Excluding Goodwill": "-47,314", "Total Unusual Items": "-47,314", "Normalized EBITDA": "266,340", "Tax Rate for Calcs": "0", "Tax Effect of Unusual Items": "-4,731"}, "6/30/2019": {"Duration": "6/30/2019", "Total Revenue": "498,682", "Cost of Revenue": "262,496", "Gross Profit": "236,186", "Operating Expense": "50,348", "Operating Income": "185,838", "Net Non Operating Interest Income Expense": "-2,147", "Other Income Expense": "16,107", "Pretax Income": "199,798", "Tax Provision": "22,719", "Net Income Common Stockholders": "177,079", "Diluted NI Available to Com Stockholders": "177,079", "Basic EPS": "3.11", "Diluted EPS": "3.11", "Basic Average Shares": "56,939", "Diluted Average Shares": "56,939", "Total Operating Income as Reported": "186,876", "Rent Expense Supplemental": "803", "Total Expenses": "312,844", "Net Income from Continuing & Discontinued Operation": "177,079", "Normalized Income": "163,725", "Interest Income": "6,129", "Interest Expense": "18,171", "Net Interest Income": "-2,147", "EBIT": "217,969", "EBITDA": "-", "Reconciled Cost of Revenue": "262,496", "Reconciled Depreciation": "23,078", "Net Income from Continuing Operation Net Minority Interest": "177,079", "Total Unusual Items Excluding Goodwill": "15,005", "Total Unusual Items": "15,005", "Normalized EBITDA": "226,042", "Tax Rate for Calcs": "0", "Tax Effect of Unusual Items": "1,651"}, "6/30/2018": {"Duration": "6/30/2018", "Total Revenue": "284,978", "Cost of Revenue": "129,236", "Gross Profit": "155,742", "Operating Expense": "44,934", "Operating Income": "110,808", "Net Non Operating Interest Income Expense": "-3,487", "Other Income Expense": "44,936", "Pretax Income": "152,257", "Tax Provision": "25,919", "Net Income Common Stockholders": "126,338", "Diluted NI Available to Com Stockholders": "126,338", "Basic EPS": "2.22", "Diluted EPS": "2.22", "Basic Average Shares": "56,909", "Diluted Average Shares": "56,909", "Total Operating Income as Reported": "160,813", "Rent Expense Supplemental": "689", "Total Expenses": "174,170", "Net Income from Continuing & Discontinued Operation": "126,338", "Normalized Income": "101,218", "Interest Income": "14,803", "Interest Expense": "28,768", "Net Interest Income": "-3,487", "EBIT": "181,025", "EBITDA": "-", "Reconciled Cost of Revenue": "129,236", "Reconciled Depreciation": "23,222", "Net Income from Continuing Operation Net Minority Interest": "126,338", "Total Unusual Items Excluding Goodwill": "30,265", "Total Unusual Items": "30,265", "Normalized EBITDA": "173,982", "Tax Rate for Calcs": "0", "Tax Effect of Unusual Items": "5,145"}}, "bs": {"6/30/2020": {"Duration": "6/30/2020", "Total Assets": "2,044,368", "Total Liabilities Net Minority Interest": "922,799", "Total Equity Gross Minority Interest": "1,121,569", "Total Capitalization": "1,418,408", "Common Stock Equity": "1,121,569", "Capital Lease Obligations": "152,363", "Net Tangible Assets": "1,120,100", "Working Capital": "242,372", "Invested Capital": "1,635,682", "Tangible Book Value": "1,120,100", "Total Debt": "666,476", "Net Debt": "343,068", "Share Issued": "62,104", "Ordinary Shares Number": "59,342", "Treasury Shares Number": "2,762"}, "6/30/2019": {"Duration": "6/30/2019", "Total Assets": "1,357,614", "Total Liabilities Net Minority Interest": "477,081", "Total Equity Gross Minority Interest": "880,533", "Total Capitalization": "1,089,778", "Common Stock Equity": "880,533", "Capital Lease Obligations": "21,197", "Net Tangible Assets": "878,976", "Working Capital": "214,209", "Invested Capital": "1,166,386", "Tangible Book Value": "878,976", "Total Debt": "307,050", "Net Debt": "179,226", "Share Issued": "56,889", "Ordinary Shares Number": "53,802", "Treasury Shares Number": "3,087"}, "6/30/2018": {"Duration": "6/30/2018", "Total Assets": "1,179,599", "Total Liabilities Net Minority Interest": "423,735", "Total Equity Gross Minority Interest": "755,864", "Total Capitalization": "943,257", "Common Stock Equity": "755,864", "Capital Lease Obligations": "20,215", "Net Tangible Assets": "754,461", "Working Capital": "169,126", "Invested Capital": "1,011,669", "Tangible Book Value": "754,461", "Total Debt": "276,020", "Net Debt": "151,491", "Share Issued": "56,889", "Ordinary Shares Number": "53,802", "Treasury Shares Number": "3,087"}}, "cf": {"TTM": {"Duration": "TTM", "Operating Cash Flow": "150,334", "Investing Cash Flow": "-30,788", "Financing Cash Flow": "-12,690", "End Cash Position": "219,317", "Capital Expenditure": "-26,121", "Issuance of Debt": "296,243", "Repayment of Debt": "-174,519", "Repurchase of Capital Stock": "-", "Free Cash Flow": "124,213"}, "6/30/2020": {"Duration": "6/30/2020", "Operating Cash Flow": "69,024", "Investing Cash Flow": "-29,295", "Financing Cash Flow": "18,451", "End Cash Position": "171,045", "Capital Expenditure": "-25,087", "Issuance of Debt": "301,009", "Repayment of Debt": "-143,967", "Repurchase of Capital Stock": "-", "Free Cash Flow": "43,937"}, "6/30/2019": {"Duration": "6/30/2019", "Operating Cash Flow": "51,338", "Investing Cash Flow": "-21,266", "Financing Cash Flow": "-27,621", "End Cash Position": "106,627", "Capital Expenditure": "-43,670", "Issuance of Debt": "90,594", "Repayment of Debt": "-73,178", "Repurchase of Capital Stock": "0", "Free Cash Flow": "7,668"}, "6/30/2018": {"Duration": "6/30/2018", "Operating Cash Flow": "-2,264", "Investing Cash Flow": "-65,700", "Financing Cash Flow": "125,414", "End Cash Position": "104,314", "Capital Expenditure": "-43,105", "Issuance of Debt": "270,310", "Repayment of Debt": "-105,408", "Repurchase of Capital Stock": "-610", "Free Cash Flow": "-45,369"}}}}, {"ARL": {"quote": {"05/12/2021": {"value": "7.96", "Market Cap": "128.57M", "Beta (5Y Monthly)": "0.99", "PE Ratio (TTM)": "14.21", "EPS (TTM)": "0.56", "Earnings Date": "Nov 12, 2020", "Forward Dividend & Yield": "N/A (N/A)", "Ex-Dividend Date": "N/A", "1y Target Est": "N/A"}}, "fin": {"TTM": {"Duration": "TTM", "Total Revenue": "59,026", "Cost of Revenue": "24,360", "Gross Profit": "34,666", "Operating Expense": "34,778", "Operating Income": "-112", "Net Non Operating Interest Income Expense": "-11,906", "Other Income Expense": "23,138", "Pretax Income": "11,120", "Tax Provision": "-147", "Net Income Common Stockholders": "9,030", "Diluted NI Available to Com Stockholders": "9,030", "Basic EPS": "-", "Diluted EPS": "-", "Basic Average Shares": "-", "Diluted Average Shares": "-", "Total Operating Income as Reported": "-112", "Total Expenses": "59,138", "Net Income from Continuing & Discontinued Operation": "9,030", "Normalized Income": "-8,137", "Interest Income": "23,098", "Interest Expense": "35,004", "Net Interest Income": "-11,906", "EBIT": "46,124", "EBITDA": "64,703", "Reconciled Cost of Revenue": "20,536", "Reconciled Depreciation": "18,579", "Net Income from Continuing Operation Net Minority Interest": "9,030", "Total Unusual Items Excluding Goodwill": "23,517", "Total Unusual Items": "23,517", "Normalized EBITDA": "41,186", "Tax Rate for Calcs": "0", "Tax Effect of Unusual Items": "6,350"}, "12/31/2020": {"Duration": "12/31/2020", "Total Revenue": "59,026", "Cost of Revenue": "24,360", "Gross Profit": "34,666", "Operating Expense": "34,778", "Operating Income": "-112", "Net Non Operating Interest Income Expense": "-11,906", "Other Income Expense": "23,138", "Pretax Income": "11,120", "Tax Provision": "-147", "Net Income Common Stockholders": "9,030", "Diluted NI Available to Com Stockholders": "9,030", "Basic EPS": "-", "Diluted EPS": "-", "Basic Average Shares": "-", "Diluted Average Shares": "-", "Total Operating Income as Reported": "-112", "Total Expenses": "59,138", "Net Income from Continuing & Discontinued Operation": "9,030", "Normalized Income": "-8,137", "Interest Income": "23,098", "Interest Expense": "35,004", "Net Interest Income": "-11,906", "EBIT": "46,124", "EBITDA": "-", "Reconciled Cost of Revenue": "20,536", "Reconciled Depreciation": "18,579", "Net Income from Continuing Operation Net Minority Interest": "9,030", "Total Unusual Items Excluding Goodwill": "23,517", "Total Unusual Items": "23,517", "Normalized EBITDA": "41,186", "Tax Rate for Calcs": "0", "Tax Effect of Unusual Items": "6,350"}, "12/31/2019": {"Duration": "12/31/2019", "Total Revenue": "47,970", "Cost of Revenue": "25,694", "Gross Profit": "22,276", "Operating Expense": "33,684", "Operating Income": "-11,408", "Net Non Operating Interest Income Expense": "-13,905", "Other Income Expense": "3,570", "Pretax Income": "-21,743", "Tax Provision": "0", "Net Income Common Stockholders": "-15,959", "Diluted NI Available to Com Stockholders": "-15,959", "Basic EPS": "-1.00", "Diluted EPS": "-1.00", "Basic Average Shares": "15,997", "Diluted Average Shares": "15,997", "Total Operating Income as Reported": "-11,408", "Total Expenses": "59,378", "Net Income from Continuing & Discontinued Operation": "-15,958", "Normalized Income": "-10,823", "Interest Income": "25,955", "Interest Expense": "39,860", "Net Interest Income": "-13,905", "EBIT": "18,117", "EBITDA": "-", "Reconciled Cost of Revenue": "25,694", "Reconciled Depreciation": "13,379", "Net Income from Continuing Operation Net Minority Interest": "-15,958", "Total Unusual Items Excluding Goodwill": "-5,135", "Total Unusual Items": "-5,135", "Normalized EBITDA": "36,631", "Tax Rate for Calcs": "0", "Tax Effect of Unusual Items": "0"}, "12/31/2018": {"Duration": "12/31/2018", "Total Revenue": "120,956", "Cost of Revenue": "59,587", "Gross Profit": "61,369", "Operating Expense": "47,484", "Operating Income": "13,885", "Net Non Operating Interest Income Expense": "-44,418", "Other Income Expense": "214,435", "Pretax Income": "183,902", "Tax Provision": "1,210", "Net Income Common Stockholders": "172,798", "Diluted NI Available to Com Stockholders": "172,798", "Basic EPS": "10.81", "Diluted EPS": "10.81", "Basic Average Shares": "15,983", "Diluted Average Shares": "15,983", "Total Operating Income as Reported": "13,885", "Total Expenses": "107,071", "Net Income from Continuing & Discontinued Operation": "173,699", "Normalized Income": "-9,020", "Interest Income": "21,645", "Interest Expense": "66,063", "Net Interest Income": "-44,418", "EBIT": "249,965", "EBITDA": "-", "Reconciled Cost of Revenue": "59,587", "Reconciled Depreciation": "22,670", "Net Income from Continuing Operation Net Minority Interest": "173,699", "Total Unusual Items Excluding Goodwill": "183,929", "Total Unusual Items": "183,929", "Normalized EBITDA": "88,706", "Tax Rate for Calcs": "0", "Tax Effect of Unusual Items": "1,210"}}, "bs": {"12/31/2020": {"Duration": "12/31/2020", "Total Assets": "865,764", "Total Liabilities Net Minority Interest": "535,358", "Total Equity Gross Minority Interest": "330,406", "Total Capitalization": "717,390", "Preferred Stock Equity": "1,801", "Common Stock Equity": "234,990", "Net Tangible Assets": "236,791", "Working Capital": "312,043", "Invested Capital": "715,589", "Tangible Book Value": "234,990", "Total Debt": "480,599", "Net Debt": "443,785", "Share Issued": "16,209", "Ordinary Shares Number": "16,152", "Preferred Shares Number": "-", "Treasury Shares Number": "57.185"}, "12/31/2019": {"Duration": "12/31/2019", "Total Assets": "830,641", "Total Liabilities Net Minority Interest": "534,125", "Total Equity Gross Minority Interest": "296,516", "Total Capitalization": "716,858", "Preferred Stock Equity": "5", "Common Stock Equity": "239,494", "Net Tangible Assets": "239,499", "Working Capital": "293,503", "Invested Capital": "716,853", "Tangible Book Value": "239,494", "Total Debt": "477,359", "Net Debt": "426,131", "Share Issued": "16,413", "Ordinary Shares Number": "15,997", "Preferred Shares Number": "-", "Treasury Shares Number": "415.785"}, "12/31/2018": {"Duration": "12/31/2018", "Total Assets": "826,149", "Total Liabilities Net Minority Interest": "505,022", "Total Equity Gross Minority Interest": "321,127", "Total Capitalization": "698,969", "Preferred Stock Equity": "5", "Common Stock Equity": "258,320", "Net Tangible Assets": "258,325", "Working Capital": "272,576", "Invested Capital": "698,964", "Tangible Book Value": "258,320", "Total Debt": "440,644", "Net Debt": "404,216", "Share Issued": "16,413", "Ordinary Shares Number": "15,997", "Preferred Shares Number": "-", "Treasury Shares Number": "415.785"}}, "cf": {"TTM": {"Duration": "TTM", "Operating Cash Flow": "3,498", "Investing Cash Flow": "4,196", "Financing Cash Flow": "-3,985", "End Cash Position": "87,020", "Income Tax Paid Supplemental Data": "-", "Interest Paid Supplemental Data": "31,453", "Capital Expenditure": "-", "Issuance of Capital Stock": "-", "Issuance of Debt": "30,727", "Repayment of Debt": "-33,415", "Repurchase of Capital Stock": "0", "Free Cash Flow": "3,498"}, "12/31/2020": {"Duration": "12/31/2020", "Operating Cash Flow": "3,498", "Investing Cash Flow": "4,196", "Financing Cash Flow": "-3,985", "End Cash Position": "87,020", "Income Tax Paid Supplemental Data": "-", "Interest Paid Supplemental Data": "31,453", "Capital Expenditure": "-", "Issuance of Capital Stock": "-", "Issuance of Debt": "30,727", "Repayment of Debt": "-33,415", "Repurchase of Capital Stock": "0", "Free Cash Flow": "3,498"}, "12/31/2019": {"Duration": "12/31/2019", "Operating Cash Flow": "-40,641", "Investing Cash Flow": "-3,705", "Financing Cash Flow": "21,042", "End Cash Position": "83,311", "Income Tax Paid Supplemental Data": "-", "Interest Paid Supplemental Data": "38,904", "Capital Expenditure": "-", "Issuance of Capital Stock": "-", "Issuance of Debt": "103,800", "Repayment of Debt": "-74,718", "Repurchase of Capital Stock": "0", "Free Cash Flow": "-40,641"}, "12/31/2018": {"Duration": "12/31/2018", "Operating Cash Flow": "-172,332", "Investing Cash Flow": "147,625", "Financing Cash Flow": "42,784", "End Cash Position": "106,615", "Income Tax Paid Supplemental Data": "-", "Interest Paid Supplemental Data": "57,981", "Capital Expenditure": "-", "Issuance of Capital Stock": "-", "Issuance of Debt": "182,558", "Repayment of Debt": "-124,616", "Repurchase of Capital Stock": "-9,000", "Free Cash Flow": "-172,332"}}}}, {"AOXY": {"quote": {"05/12/2021": {"value": "0.1606", "Market Cap": "528,846", "Beta (5Y Monthly)": "N/A", "PE Ratio (TTM)": "53.53", "EPS (TTM)": "0.0030", "Earnings Date": "May 07, 2019", "Forward Dividend & Yield": "N/A (N/A)", "Ex-Dividend Date": "N/A", "1y Target Est": "N/A"}}, "fin": {"TTM": {"Duration": "TTM", "Total Revenue": "46.235", "Cost of Revenue": "-", "Gross Profit": "-", "Operating Expense": "23.91", "Operating Income": "22.325", "Net Non Operating Interest Income Expense": "-2.83", "Pretax Income": "19.495", "Tax Provision": "9.307", "Net Income Common Stockholders": "10.188", "Diluted NI Available to Com Stockholders": "10.188", "Basic EPS": "-", "Diluted EPS": "-", "Basic Average Shares": "-", "Diluted Average Shares": "-", "Total Operating Income as Reported": "22.325", "Total Expenses": "23.91", "Net Income from Continuing & Discontinued Operation": "10.188", "Normalized Income": "10.188", "Interest Expense": "2.83", "Net Interest Income": "-2.83", "EBIT": "22.325", "EBITDA": "22.325", "Reconciled Cost of Revenue": "-", "Net Income from Continuing Operation Net Minority Interest": "10.188", "Normalized EBITDA": "22.325", "Tax Rate for Calcs": "0", "Tax Effect of Unusual Items": "0"}, "6/30/2020": {"Duration": "6/30/2020", "Total Revenue": "43.154", "Cost of Revenue": "-", "Gross Profit": "-", "Operating Expense": "135.162", "Operating Income": "-92.008", "Net Non Operating Interest Income Expense": "-3.29", "Pretax Income": "-95.298", "Tax Provision": "7.805", "Net Income Common Stockholders": "-103.103", "Diluted NI Available to Com Stockholders": "-103.103", "Basic EPS": "-0.03", "Diluted EPS": "-0.03", "Basic Average Shares": "3,063", "Diluted Average Shares": "3,063", "Total Operating Income as Reported": "-92.008", "Total Expenses": "135.162", "Net Income from Continuing & Discontinued Operation": "-103.103", "Normalized Income": "-103.103", "Interest Expense": "3.29", "Net Interest Income": "-3.29", "EBIT": "-92.008", "EBITDA": "-", "Reconciled Cost of Revenue": "-", "Net Income from Continuing Operation Net Minority Interest": "-103.103", "Normalized EBITDA": "-92.008", "Tax Rate for Calcs": "0", "Tax Effect of Unusual Items": "0"}, "6/30/2019": {"Duration": "6/30/2019", "Total Revenue": "38.408", "Cost of Revenue": "-", "Gross Profit": "-", "Operating Expense": "19.234", "Operating Income": "19.174", "Net Non Operating Interest Income Expense": "-4.182", "Pretax Income": "14.992", "Tax Provision": "6.881", "Net Income Common Stockholders": "8.111", "Diluted NI Available to Com Stockholders": "8.111", "Basic EPS": "0.00", "Diluted EPS": "0.00", "Basic Average Shares": "2,293", "Diluted Average Shares": "2,303", "Total Operating Income as Reported": "19.174", "Total Expenses": "19.234", "Net Income from Continuing & Discontinued Operation": "8.111", "Normalized Income": "8.111", "Interest Expense": "4.182", "Net Interest Income": "-4.182", "EBIT": "19.174", "EBITDA": "-", "Reconciled Cost of Revenue": "-", "Net Income from Continuing Operation Net Minority Interest": "8.111", "Normalized EBITDA": "19.174", "Tax Rate for Calcs": "0", "Tax Effect of Unusual Items": "0"}, "6/30/2018": {"Duration": "6/30/2018", "Total Revenue": "39.77", "Cost of Revenue": "-", "Gross Profit": "-", "Operating Expense": "19.306", "Operating Income": "20.464", "Net Non Operating Interest Income Expense": "-5.807", "Pretax Income": "14.657", "Tax Provision": "7.201", "Net Income Common Stockholders": "7.456", "Diluted NI Available to Com Stockholders": "7.456", "Basic EPS": "0.00", "Diluted EPS": "0.00", "Basic Average Shares": "2,293", "Diluted Average Shares": "2,303", "Total Operating Income as Reported": "20.464", "Total Expenses": "19.306", "Net Income from Continuing & Discontinued Operation": "7.456", "Normalized Income": "7.456", "Interest Expense": "5.807", "Net Interest Income": "-5.807", "EBIT": "20.464", "EBITDA": "-", "Reconciled Cost of Revenue": "-", "Net Income from Continuing Operation Net Minority Interest": "7.456", "Normalized EBITDA": "20.464", "Tax Rate for Calcs": "0", "Tax Effect of Unusual Items": "0"}}, "bs": {"6/30/2020": {"Duration": "6/30/2020", "Total Assets": "654.055", "Total Liabilities Net Minority Interest": "348.078", "Total Equity Gross Minority Interest": "305.977", "Total Capitalization": "350.393", "Preferred Stock Equity": "0.05", "Common Stock Equity": "305.927", "Net Tangible Assets": "305.977", "Working Capital": "-258.857", "Invested Capital": "494.554", "Tangible Book Value": "305.927", "Total Debt": "188.627", "Net Debt": "145.024", "Share Issued": "3,293", "Ordinary Shares Number": "3,293", "Preferred Shares Number": "1,675"}, "6/30/2019": {"Duration": "6/30/2019", "Total Assets": "659.531", "Total Liabilities Net Minority Interest": "358.604", "Total Equity Gross Minority Interest": "300.927", "Total Capitalization": "363.391", "Preferred Stock Equity": "0.05", "Common Stock Equity": "300.877", "Net Tangible Assets": "300.927", "Working Capital": "-251.829", "Invested Capital": "507.721", "Tangible Book Value": "300.877", "Total Debt": "206.844", "Net Debt": "163.746", "Share Issued": "2,293", "Ordinary Shares Number": "2,293", "Preferred Shares Number": "1,675"}, "6/30/2018": {"Duration": "6/30/2018", "Total Assets": "687.899", "Total Liabilities Net Minority Interest": "380.142", "Total Equity Gross Minority Interest": "307.757", "Total Capitalization": "391.203", "Preferred Stock Equity": "0.05", "Common Stock Equity": "307.707", "Net Tangible Assets": "307.757", "Working Capital": "-241.509", "Invested Capital": "534.575", "Tangible Book Value": "307.707", "Total Debt": "226.868", "Net Debt": "173.453", "Share Issued": "2,293", "Ordinary Shares Number": "2,293", "Preferred Shares Number": "1,675"}}, "cf": {"TTM": {"Duration": "TTM", "Operating Cash Flow": "45.097", "Investing Cash Flow": "-", "Financing Cash Flow": "-38.093", "End Cash Position": "46.107", "Interest Paid Supplemental Data": "2.83", "Issuance of Debt": "-", "Repayment of Debt": "-38.093", "Free Cash Flow": "45.097"}, "6/30/2020": {"Duration": "6/30/2020", "Operating Cash Flow": "36.334", "Investing Cash Flow": "-0.125", "Financing Cash Flow": "-35.383", "End Cash Position": "43.603", "Interest Paid Supplemental Data": "3.29", "Issuance of Debt": "-", "Repayment of Debt": "-35.383", "Free Cash Flow": "36.334"}, "6/30/2019": {"Duration": "6/30/2019", "Operating Cash Flow": "17.411", "Investing Cash Flow": "-", "Financing Cash Flow": "-26.282", "End Cash Position": "43.098", "Interest Paid Supplemental Data": "4.182", "Issuance of Debt": "-", "Repayment of Debt": "-26.282", "Free Cash Flow": "17.411"}, "6/30/2018": {"Duration": "6/30/2018", "Operating Cash Flow": "34.974", "Investing Cash Flow": "-", "Financing Cash Flow": "-32.907", "End Cash Position": "53.415", "Interest Paid Supplemental Data": "5.807", "Issuance of Debt": "0", "Repayment of Debt": "-32.907", "Free Cash Flow": "34.974"}}}}, {"ABCP": {"quote": {"05/12/2021": {"value": "0.2900", "Market Cap": "11.814M", "Beta (5Y Monthly)": "0.83", "PE Ratio (TTM)": "N/A", "EPS (TTM)": "-0.1380", "Earnings Date": "May 11, 2021", "Forward Dividend & Yield": "N/A (N/A)", "Ex-Dividend Date": "N/A", "1y Target Est": "N/A"}}, "fin": {"TTM": {"Duration": "TTM", "Total Revenue": "0", "Cost of Revenue": "18", "Gross Profit": "-18", "Operating Expense": "5,622", "Operating Income": "-5,640", "Net Non Operating Interest Income Expense": "8", "Other Income Expense": "-", "Pretax Income": "-5,632", "Tax Provision": "-28", "Net Income Common Stockholders": "-5,604", "Diluted NI Available to Com Stockholders": "-5,604", "Basic EPS": "-", "Diluted EPS": "-", "Basic Average Shares": "-", "Diluted Average Shares": "-", "Total Operating Income as Reported": "-5,640", "Total Expenses": "5,640", "Net Income from Continuing & Discontinued Operation": "-5,604", "Normalized Income": "-5,604", "Interest Income": "8", "Interest Expense": "0", "Net Interest Income": "8", "EBIT": "-5,640", "EBITDA": "-5,640", "Reconciled Cost of Revenue": "18", "Reconciled Depreciation": "-", "Net Income from Continuing Operation Net Minority Interest": "-5,604", "Total Unusual Items Excluding Goodwill": "0", "Total Unusual Items": "0", "Normalized EBITDA": "-5,640", "Tax Rate for Calcs": "0", "Tax Effect of Unusual Items": "0"}, "12/31/2020": {"Duration": "12/31/2020", "Total Revenue": "0", "Cost of Revenue": "18", "Gross Profit": "-18", "Operating Expense": "5,622", "Operating Income": "-5,640", "Net Non Operating Interest Income Expense": "8", "Other Income Expense": "-", "Pretax Income": "-5,632", "Tax Provision": "-28", "Net Income Common Stockholders": "-5,604", "Diluted NI Available to Com Stockholders": "-5,604", "Basic EPS": "-", "Diluted EPS": "-", "Basic Average Shares": "-", "Diluted Average Shares": "-", "Total Operating Income as Reported": "-5,640", "Total Expenses": "5,640", "Net Income from Continuing & Discontinued Operation": "-5,604", "Normalized Income": "-5,604", "Interest Income": "8", "Interest Expense": "-", "Net Interest Income": "8", "EBIT": "-5,640", "EBITDA": "-", "Reconciled Cost of Revenue": "18", "Reconciled Depreciation": "-", "Net Income from Continuing Operation Net Minority Interest": "-5,604", "Total Unusual Items Excluding Goodwill": "-", "Total Unusual Items": "-", "Normalized EBITDA": "-5,640", "Tax Rate for Calcs": "0", "Tax Effect of Unusual Items": "0"}, "12/31/2019": {"Duration": "12/31/2019", "Total Revenue": "0", "Cost of Revenue": "16", "Gross Profit": "-16", "Operating Expense": "4,975", "Operating Income": "-4,991", "Net Non Operating Interest Income Expense": "36", "Other Income Expense": "-", "Pretax Income": "-4,955", "Tax Provision": "-29", "Net Income Common Stockholders": "-4,926", "Diluted NI Available to Com Stockholders": "-4,926", "Basic EPS": "-0.12", "Diluted EPS": "-0.12", "Basic Average Shares": "40,738", "Diluted Average Shares": "40,738", "Total Operating Income as Reported": "-4,991", "Total Expenses": "4,991", "Net Income from Continuing & Discontinued Operation": "-4,926", "Normalized Income": "-4,926", "Interest Income": "36", "Interest Expense": "0", "Net Interest Income": "36", "EBIT": "-4,955", "EBITDA": "-", "Reconciled Cost of Revenue": "16", "Reconciled Depreciation": "-", "Net Income from Continuing Operation Net Minority Interest": "-4,926", "Total Unusual Items Excluding Goodwill": "0", "Total Unusual Items": "0", "Normalized EBITDA": "-4,955", "Tax Rate for Calcs": "0", "Tax Effect of Unusual Items": "0"}, "12/31/2018": {"Duration": "12/31/2018", "Total Revenue": "0", "Cost of Revenue": "60", "Gross Profit": "-60", "Operating Expense": "4,264", "Operating Income": "-4,324", "Net Non Operating Interest Income Expense": "-5", "Other Income Expense": "3,278", "Pretax Income": "-1,051", "Tax Provision": "-1,386", "Net Income Common Stockholders": "335", "Diluted NI Available to Com Stockholders": "335", "Basic EPS": "0.01", "Diluted EPS": "0.01", "Basic Average Shares": "40,738", "Diluted Average Shares": "40,738", "Total Operating Income as Reported": "-4,324", "Total Expenses": "4,324", "Net Income from Continuing & Discontinued Operation": "335", "Normalized Income": "-2,058", "Interest Income": "5", "Interest Expense": "10", "Net Interest Income": "-5", "EBIT": "-1,041", "EBITDA": "-", "Reconciled Cost of Revenue": "60", "Reconciled Depreciation": "0", "Net Income from Continuing Operation Net Minority Interest": "335", "Total Unusual Items Excluding Goodwill": "3,278", "Total Unusual Items": "3,278", "Normalized EBITDA": "-4,319", "Tax Rate for Calcs": "0", "Tax Effect of Unusual Items": "885.06"}}, "bs": {"12/31/2020": {"Duration": "12/31/2020", "Total Assets": "7,990", "Total Liabilities Net Minority Interest": "383", "Total Equity Gross Minority Interest": "7,607", "Total Capitalization": "7,607", "Common Stock Equity": "7,607", "Net Tangible Assets": "7,607", "Working Capital": "7,542", "Invested Capital": "7,607", "Tangible Book Value": "7,607", "Total Debt": "-", "Net Debt": "-", "Share Issued": "46,410", "Ordinary Shares Number": "40,738", "Treasury Shares Number": "5,672"}, "12/31/2019": {"Duration": "12/31/2019", "Total Assets": "13,625", "Total Liabilities Net Minority Interest": "414", "Total Equity Gross Minority Interest": "13,211", "Total Capitalization": "13,211", "Common Stock Equity": "13,211", "Net Tangible Assets": "13,211", "Working Capital": "7,808", "Invested Capital": "13,211", "Tangible Book Value": "13,211", "Total Debt": "-", "Net Debt": "-", "Share Issued": "46,410", "Ordinary Shares Number": "40,738", "Treasury Shares Number": "5,672"}, "12/31/2018": {"Duration": "12/31/2018", "Total Assets": "21,753", "Total Liabilities Net Minority Interest": "3,616", "Total Equity Gross Minority Interest": "18,137", "Total Capitalization": "18,137", "Common Stock Equity": "18,137", "Net Tangible Assets": "18,137", "Working Capital": "10,565", "Invested Capital": "18,137", "Tangible Book Value": "18,137", "Total Debt": "-", "Net Debt": "-", "Share Issued": "46,410", "Ordinary Shares Number": "40,738", "Treasury Shares Number": "5,672"}}, "cf": {"TTM": {"Duration": "TTM", "Operating Cash Flow": "5,074", "Investing Cash Flow": "0", "Financing Cash Flow": "0", "End Cash Position": "7,925", "Income Tax Paid Supplemental Data": "-", "Issuance of Debt": "0", "Repayment of Debt": "0", "Free Cash Flow": "5,074"}, "12/31/2020": {"Duration": "12/31/2020", "Operating Cash Flow": "5,074", "Investing Cash Flow": "-", "Financing Cash Flow": "0", "End Cash Position": "7,925", "Income Tax Paid Supplemental Data": "-", "Issuance of Debt": "-", "Repayment of Debt": "-", "Free Cash Flow": "5,074"}, "12/31/2019": {"Duration": "12/31/2019", "Operating Cash Flow": "5,816", "Investing Cash Flow": "0", "Financing Cash Flow": "-3,202", "End Cash Position": "2,851", "Income Tax Paid Supplemental Data": "-", "Issuance of Debt": "0", "Repayment of Debt": "0", "Free Cash Flow": "5,816"}, "12/31/2018": {"Duration": "12/31/2018", "Operating Cash Flow": "-4,295", "Investing Cash Flow": "4,910", "Financing Cash Flow": "-448", "End Cash Position": "237", "Income Tax Paid Supplemental Data": "6", "Issuance of Debt": "250", "Repayment of Debt": "-2,546", "Free Cash Flow": "-4,295"}}}}, {"CBG": {"quote": {"05/12/2021": {"value": "", "Net Assets": "N/A", "Beta (5Y Monthly)": "N/A", "Yield": "N/A", "5y Average Return": "N/A", "Holdings Turnover": "N/A", "Last Dividend": "N/A", "Average for Category": "N/A", "Inception Date": "N/A"}}, "fin": {}, "bs": {}, "cf": {}}}, {"CANN": {"quote": {"05/12/2021": {"value": "0.7000", "Market Cap": "43.503M", "Beta (5Y Monthly)": "0.57", "PE Ratio (TTM)": "N/A", "EPS (TTM)": "-0.1670", "Earnings Date": "Jul 06, 2020", "Forward Dividend & Yield": "N/A (N/A)", "Ex-Dividend Date": "N/A", "1y Target Est": "N/A"}}, "fin": {"TTM": {"Duration": "TTM", "Total Revenue": "7,120", "Cost of Revenue": "5,467", "Gross Profit": "1,653", "Operating Expense": "7,719", "Operating Income": "-6,066", "Net Non Operating Interest Income Expense": "-748.778", "Other Income Expense": "-804.265", "Pretax Income": "-7,619", "Tax Provision": "0", "Net Income Common Stockholders": "-8,510", "Diluted NI Available to Com Stockholders": "-8,510", "Basic EPS": "-", "Diluted EPS": "-", "Basic Average Shares": "-", "Diluted Average Shares": "-", "Total Operating Income as Reported": "-6,066", "Total Expenses": "13,186", "Net Income from Continuing & Discontinued Operation": "-7,680", "Normalized Income": "-6,717", "Interest Expense": "748.778", "Net Interest Income": "-748.778", "EBIT": "-6,870", "EBITDA": "-6,652", "Reconciled Cost of Revenue": "5,465", "Reconciled Depreciation": "217.635", "Net Income from Continuing Operation Net Minority Interest": "-7,619", "Total Unusual Items Excluding Goodwill": "-902.213", "Total Unusual Items": "-902.213", "Normalized EBITDA": "-5,750", "Tax Rate for Calcs": "0", "Tax Effect of Unusual Items": "0"}, "12/31/2020": {"Duration": "12/31/2020", "Total Revenue": "7,120", "Cost of Revenue": "5,467", "Gross Profit": "1,653", "Operating Expense": "7,719", "Operating Income": "-6,066", "Net Non Operating Interest Income Expense": "-748.778", "Other Income Expense": "-804.265", "Pretax Income": "-7,619", "Tax Provision": "0", "Net Income Common Stockholders": "-8,510", "Diluted NI Available to Com Stockholders": "-8,510", "Basic EPS": "-", "Diluted EPS": "-", "Basic Average Shares": "-", "Diluted Average Shares": "-", "Total Operating Income as Reported": "-6,066", "Total Expenses": "13,186", "Net Income from Continuing & Discontinued Operation": "-7,680", "Normalized Income": "-6,717", "Interest Expense": "748.778", "Net Interest Income": "-748.778", "EBIT": "-6,870", "EBITDA": "-", "Reconciled Cost of Revenue": "5,465", "Reconciled Depreciation": "217.635", "Net Income from Continuing Operation Net Minority Interest": "-7,619", "Total Unusual Items Excluding Goodwill": "-902.213", "Total Unusual Items": "-902.213", "Normalized EBITDA": "-5,750", "Tax Rate for Calcs": "0", "Tax Effect of Unusual Items": "0"}, "12/31/2019": {"Duration": "12/31/2019", "Total Revenue": "3,666", "Cost of Revenue": "2,467", "Gross Profit": "1,199", "Operating Expense": "10,061", "Operating Income": "-8,862", "Net Non Operating Interest Income Expense": "-2,365", "Other Income Expense": "439.686", "Pretax Income": "-10,787", "Tax Provision": "-", "Net Income Common Stockholders": "-14,804", "Diluted NI Available to Com Stockholders": "-14,804", "Basic EPS": "-0.39", "Diluted EPS": "-0.39", "Basic Average Shares": "38,107", "Diluted Average Shares": "38,107", "Total Operating Income as Reported": "-8,862", "Total Expenses": "12,528", "Net Income from Continuing & Discontinued Operation": "-12,463", "Normalized Income": "-11,227", "Interest Expense": "2,365", "Net Interest Income": "-2,365", "EBIT": "-8,422", "EBITDA": "-", "Reconciled Cost of Revenue": "2,387", "Reconciled Depreciation": "196.247", "Net Income from Continuing Operation Net Minority Interest": "-10,787", "Total Unusual Items Excluding Goodwill": "439.686", "Total Unusual Items": "439.686", "Normalized EBITDA": "-8,665", "Tax Rate for Calcs": "0", "Tax Effect of Unusual Items": "0"}, "12/31/2018": {"Duration": "12/31/2018", "Total Revenue": "4,619", "Cost of Revenue": "3,739", "Gross Profit": "879.758", "Operating Expense": "12,287", "Operating Income": "-11,407", "Net Non Operating Interest Income Expense": "-4,561", "Other Income Expense": "-1,006", "Pretax Income": "-16,974", "Tax Provision": "-", "Net Income Common Stockholders": "-16,974", "Diluted NI Available to Com Stockholders": "-16,974", "Basic EPS": "-0.49", "Diluted EPS": "-0.49", "Basic Average Shares": "34,939", "Diluted Average Shares": "34,939", "Total Operating Income as Reported": "-11,407", "Total Expenses": "16,026", "Net Income from Continuing & Discontinued Operation": "-16,974", "Normalized Income": "-16,150", "Interest Expense": "4,561", "Net Interest Income": "-4,561", "EBIT": "-12,413", "EBITDA": "-", "Reconciled Cost of Revenue": "3,739", "Reconciled Depreciation": "149.504", "Net Income from Continuing Operation Net Minority Interest": "-16,974", "Total Unusual Items Excluding Goodwill": "-823.819", "Total Unusual Items": "-823.819", "Normalized EBITDA": "-11,440", "Tax Rate for Calcs": "0", "Tax Effect of Unusual Items": "0"}}, "bs": {"12/31/2020": {"Duration": "12/31/2020", "Total Assets": "8,519", "Total Liabilities Net Minority Interest": "7,518", "Total Equity Gross Minority Interest": "1,001", "Total Capitalization": "3,889", "Common Stock Equity": "1,001", "Capital Lease Obligations": "1,870", "Net Tangible Assets": "-2,468", "Working Capital": "-580.398", "Invested Capital": "3,889", "Tangible Book Value": "-2,468", "Total Debt": "4,759", "Net Debt": "2,138", "Share Issued": "60,814", "Ordinary Shares Number": "60,814"}, "12/31/2019": {"Duration": "12/31/2019", "Total Assets": "3,502", "Total Liabilities Net Minority Interest": "6,245", "Total Equity Gross Minority Interest": "-2,743", "Total Capitalization": "-2,743", "Common Stock Equity": "-2,743", "Capital Lease Obligations": "-", "Net Tangible Assets": "-2,743", "Working Capital": "-4,693", "Invested Capital": "-412.703", "Tangible Book Value": "-2,743", "Total Debt": "2,330", "Net Debt": "2,208", "Share Issued": "39,497", "Ordinary Shares Number": "39,497"}, "12/31/2018": {"Duration": "12/31/2018", "Total Assets": "10,742", "Total Liabilities Net Minority Interest": "6,191", "Total Equity Gross Minority Interest": "4,551", "Total Capitalization": "4,551", "Common Stock Equity": "4,551", "Capital Lease Obligations": "-", "Net Tangible Assets": "4,509", "Working Capital": "2,796", "Invested Capital": "9,825", "Tangible Book Value": "4,509", "Total Debt": "5,274", "Net Debt": "-", "Share Issued": "36,223", "Ordinary Shares Number": "36,223"}}, "cf": {"TTM": {"Duration": "TTM", "Operating Cash Flow": "-5,000", "Investing Cash Flow": "1,107", "Financing Cash Flow": "4,424", "End Cash Position": "755.769", "Interest Paid Supplemental Data": "530.107", "Capital Expenditure": "-314.771", "Issuance of Capital Stock": "3,000", "Issuance of Debt": "3,440", "Repayment of Debt": "-2,106", "Free Cash Flow": "-5,315"}, "12/31/2020": {"Duration": "12/31/2020", "Operating Cash Flow": "-5,000", "Investing Cash Flow": "1,107", "Financing Cash Flow": "4,424", "End Cash Position": "755.769", "Interest Paid Supplemental Data": "530.107", "Capital Expenditure": "-314.771", "Issuance of Capital Stock": "3,000", "Issuance of Debt": "3,440", "Repayment of Debt": "-2,106", "Free Cash Flow": "-5,315"}, "12/31/2019": {"Duration": "12/31/2019", "Operating Cash Flow": "-5,329", "Investing Cash Flow": "-753.639", "Financing Cash Flow": "-1,650", "End Cash Position": "224.994", "Interest Paid Supplemental Data": "305.195", "Capital Expenditure": "-318.639", "Issuance of Capital Stock": "2,604", "Issuance of Debt": "1,455", "Repayment of Debt": "-5,898", "Free Cash Flow": "-5,647"}, "12/31/2018": {"Duration": "12/31/2018", "Operating Cash Flow": "-5,726", "Investing Cash Flow": "-568.266", "Financing Cash Flow": "9,215", "End Cash Position": "7,957", "Interest Paid Supplemental Data": "637.586", "Capital Expenditure": "-241.311", "Issuance of Capital Stock": "0", "Issuance of Debt": "7,500", "Repayment of Debt": "-2,991", "Free Cash Flow": "-5,968"}}}}, {"INTG": {"quote": {"05/12/2021": {"value": "37.55", "Market Cap": "84.516M", "Beta (5Y Monthly)": "0.65", "PE Ratio (TTM)": "751.00", "EPS (TTM)": "0.05", "Earnings Date": "N/A", "Forward Dividend & Yield": "N/A (N/A)", "Ex-Dividend Date": "N/A", "1y Target Est": "N/A"}}, "fin": {"TTM": {"Duration": "TTM", "Total Revenue": "33,703", "Cost of Revenue": "32,421", "Gross Profit": "1,282", "Operating Expense": "8,254", "Operating Income": "-6,972", "Net Non Operating Interest Income Expense": "-10,169", "Other Income Expense": "13,329", "Pretax Income": "-3,812", "Tax Provision": "-1,455", "Net Income Common Stockholders": "120", "Diluted NI Available to Com Stockholders": "120", "Basic EPS": "-", "Diluted EPS": "-", "Basic Average Shares": "-", "Diluted Average Shares": "-", "Total Operating Income as Reported": "-6,972", "Total Expenses": "40,675", "Net Income from Continuing & Discontinued Operation": "120", "Normalized Income": "-8,121", "Interest Expense": "10,169", "Net Interest Income": "-10,169", "EBIT": "6,357", "EBITDA": "11,156", "Reconciled Cost of Revenue": "32,662", "Reconciled Depreciation": "4,558", "Net Income from Continuing Operation Net Minority Interest": "120", "Total Unusual Items Excluding Goodwill": "13,329", "Total Unusual Items": "13,329", "Normalized EBITDA": "-2,173", "Tax Rate for Calcs": "0", "Tax Effect of Unusual Items": "5,088"}, "6/30/2020": {"Duration": "6/30/2020", "Total Revenue": "58,017", "Cost of Revenue": "45,384", "Gross Profit": "12,633", "Operating Expense": "7,742", "Operating Income": "4,891", "Net Non Operating Interest Income Expense": "-10,318", "Other Income Expense": "-2,456", "Pretax Income": "-7,883", "Tax Provision": "-2,794", "Net Income Common Stockholders": "-3,781", "Diluted NI Available to Com Stockholders": "-3,781", "Basic EPS": "-1.64", "Diluted EPS": "-1.64", "Basic Average Shares": "2,300", "Diluted Average Shares": "2,623", "Total Operating Income as Reported": "4,891", "Total Expenses": "53,126", "Net Income from Continuing & Discontinued Operation": "-3,781", "Normalized Income": "-2,195", "Interest Expense": "10,318", "Net Interest Income": "-10,318", "EBIT": "2,435", "EBITDA": "-", "Reconciled Cost of Revenue": "45,541", "Reconciled Depreciation": "4,715", "Net Income from Continuing Operation Net Minority Interest": "-3,781", "Total Unusual Items Excluding Goodwill": "-2,456", "Total Unusual Items": "-2,456", "Normalized EBITDA": "9,763", "Tax Rate for Calcs": "0", "Tax Effect of Unusual Items": "-870.4889"}, "6/30/2019": {"Duration": "6/30/2019", "Total Revenue": "74,753", "Cost of Revenue": "52,276", "Gross Profit": "22,477", "Operating Expense": "7,281", "Operating Income": "15,196", "Net Non Operating Interest Income Expense": "-10,938", "Other Income Expense": "-1,745", "Pretax Income": "2,513", "Tax Provision": "-301", "Net Income Common Stockholders": "1,457", "Diluted NI Available to Com Stockholders": "1,457", "Basic EPS": "0.63", "Diluted EPS": "0.55", "Basic Average Shares": "2,328", "Diluted Average Shares": "2,659", "Total Operating Income as Reported": "15,196", "Total Expenses": "59,557", "Net Income from Continuing & Discontinued Operation": "1,457", "Normalized Income": "2,731", "Interest Expense": "10,938", "Net Interest Income": "-10,938", "EBIT": "13,451", "EBITDA": "-", "Reconciled Cost of Revenue": "52,434", "Reconciled Depreciation": "4,777", "Net Income from Continuing Operation Net Minority Interest": "1,457", "Total Unusual Items Excluding Goodwill": "-1,745", "Total Unusual Items": "-1,745", "Normalized EBITDA": "20,131", "Tax Rate for Calcs": "0", "Tax Effect of Unusual Items": "-471.15"}, "6/30/2018": {"Duration": "6/30/2018", "Total Revenue": "71,579", "Cost of Revenue": "47,682", "Gross Profit": "23,897", "Operating Expense": "8,107", "Operating Income": "15,790", "Net Non Operating Interest Income Expense": "-10,954", "Other Income Expense": "4,033", "Pretax Income": "8,869", "Tax Provision": "3,056", "Net Income Common Stockholders": "4,081", "Diluted NI Available to Com Stockholders": "4,081", "Basic EPS": "1.73", "Diluted EPS": "1.53", "Basic Average Shares": "2,354", "Diluted Average Shares": "2,672", "Total Operating Income as Reported": "21,565", "Total Expenses": "55,789", "Net Income from Continuing & Discontinued Operation": "4,081", "Normalized Income": "1,438", "Interest Expense": "10,954", "Net Interest Income": "-10,954", "EBIT": "19,823", "EBITDA": "-", "Reconciled Cost of Revenue": "47,960", "Reconciled Depreciation": "4,776", "Net Income from Continuing Operation Net Minority Interest": "4,081", "Total Unusual Items Excluding Goodwill": "4,033", "Total Unusual Items": "4,033", "Normalized EBITDA": "20,844", "Tax Rate for Calcs": "0", "Tax Effect of Unusual Items": "1,390"}}, "bs": {"6/30/2020": {"Duration": "6/30/2020", "Total Assets": "130,217", "Total Liabilities Net Minority Interest": "204,464", "Total Equity Gross Minority Interest": "-74,247", "Total Capitalization": "137,992", "Common Stock Equity": "-51,877", "Capital Lease Obligations": "1,098", "Net Tangible Assets": "-51,877", "Working Capital": "16,260", "Invested Capital": "137,992", "Tangible Book Value": "-51,877", "Total Debt": "190,967", "Net Debt": "175,706", "Share Issued": "3,405", "Ordinary Shares Number": "2,289", "Treasury Shares Number": "1,116"}, "6/30/2019": {"Duration": "6/30/2019", "Total Assets": "130,879", "Total Liabilities Net Minority Interest": "199,308", "Total Equity Gross Minority Interest": "-68,429", "Total Capitalization": "136,172", "Common Stock Equity": "-43,732", "Capital Lease Obligations": "1,486", "Net Tangible Assets": "-43,732", "Working Capital": "10,038", "Invested Capital": "136,172", "Tangible Book Value": "-43,732", "Total Debt": "181,390", "Net Debt": "168,067", "Share Issued": "3,405", "Ordinary Shares Number": "2,310", "Treasury Shares Number": "1,095"}, "6/30/2018": {"Duration": "6/30/2018", "Total Assets": "131,680", "Total Liabilities Net Minority Interest": "201,647", "Total Equity Gross Minority Interest": "-69,967", "Total Capitalization": "139,050", "Common Stock Equity": "-43,930", "Capital Lease Obligations": "1,355", "Net Tangible Assets": "-43,930", "Working Capital": "6,405", "Invested Capital": "139,050", "Tangible Book Value": "-43,930", "Total Debt": "184,335", "Net Debt": "174,927", "Share Issued": "3,396", "Ordinary Shares Number": "2,334", "Treasury Shares Number": "1,061"}}, "cf": {"TTM": {"Duration": "TTM", "Operating Cash Flow": "-22,915", "Investing Cash Flow": "13,521", "Financing Cash Flow": "11,104", "End Cash Position": "25,050", "Income Tax Paid Supplemental Data": "2,743", "Interest Paid Supplemental Data": "9,272", "Capital Expenditure": "-716", "Issuance of Debt": "-", "Repayment of Debt": "-", "Repurchase of Capital Stock": "-558", "Free Cash Flow": "-23,631"}, "6/30/2020": {"Duration": "6/30/2020", "Operating Cash Flow": "-3,454", "Investing Cash Flow": "-2,448", "Financing Cash Flow": "9,056", "End Cash Position": "28,286", "Income Tax Paid Supplemental Data": "41", "Interest Paid Supplemental Data": "9,440", "Capital Expenditure": "-1,292", "Issuance of Debt": "10,475", "Repayment of Debt": "-", "Repurchase of Capital Stock": "-648", "Free Cash Flow": "-4,746"}, "6/30/2019": {"Duration": "6/30/2019", "Operating Cash Flow": "14,269", "Investing Cash Flow": "-2,400", "Financing Cash Flow": "-4,248", "End Cash Position": "25,132", "Income Tax Paid Supplemental Data": "-", "Interest Paid Supplemental Data": "10,011", "Capital Expenditure": "-1,397", "Issuance of Debt": "2,985", "Repayment of Debt": "-6,154", "Repurchase of Capital Stock": "-1,079", "Free Cash Flow": "12,872"}, "6/30/2018": {"Duration": "6/30/2018", "Operating Cash Flow": "11,448", "Investing Cash Flow": "-792", "Financing Cash Flow": "-5,474", "End Cash Position": "8,053", "Income Tax Paid Supplemental Data": "171", "Interest Paid Supplemental Data": "10,399", "Capital Expenditure": "-212", "Issuance of Debt": "-", "Repayment of Debt": "-2,776", "Repurchase of Capital Stock": "-642", "Free Cash Flow": "11,236"}}}}, {"DPWW": {"quote": {"05/12/2021": {"value": "0.0353", "Market Cap": "7.846M", "Beta (5Y Monthly)": "-2.31", "PE Ratio (TTM)": "N/A", "EPS (TTM)": "-0.0210", "Earnings Date": "Feb 09, 2021", "Forward Dividend & Yield": "N/A (N/A)", "Ex-Dividend Date": "N/A", "1y Target Est": "N/A"}}, "fin": {"TTM": {"Duration": "TTM", "Total Revenue": "1,265", "Cost of Revenue": "1,007", "Gross Profit": "258.556", "Operating Expense": "1,062", "Operating Income": "-803.569", "Net Non Operating Interest Income Expense": "-1,844", "Other Income Expense": "-353.236", "Pretax Income": "-3,000", "Tax Provision": "0", "Net Income Common Stockholders": "-3,141", "Diluted NI Available to Com Stockholders": "-3,141", "Basic EPS": "-", "Diluted EPS": "-", "Basic Average Shares": "-", "Diluted Average Shares": "-", "Total Operating Income as Reported": "-803.569", "Rent Expense Supplemental": "1,007", "Total Expenses": "2,069", "Net Income from Continuing & Discontinued Operation": "-3,000", "Normalized Income": "-2,410", "Interest Income": "150.577", "Interest Expense": "1,994", "Net Interest Income": "-1,844", "EBIT": "-1,006", "EBITDA": "-1,006", "Reconciled Cost of Revenue": "1,007", "Reconciled Depreciation": "0", "Net Income from Continuing Operation Net Minority Interest": "-3,000", "Total Unusual Items Excluding Goodwill": "-589.941", "Total Unusual Items": "-589.941", "Normalized EBITDA": "-416.287", "Tax Rate for Calcs": "0", "Tax Effect of Unusual Items": "0"}, "12/31/2020": {"Duration": "12/31/2020", "Total Revenue": "1,265", "Cost of Revenue": "1,007", "Gross Profit": "258.556", "Operating Expense": "1,062", "Operating Income": "-803.569", "Net Non Operating Interest Income Expense": "-1,844", "Other Income Expense": "-353.236", "Pretax Income": "-3,000", "Tax Provision": "0", "Net Income Common Stockholders": "-3,141", "Diluted NI Available to Com Stockholders": "-3,141", "Basic EPS": "-", "Diluted EPS": "-", "Basic Average Shares": "-", "Diluted Average Shares": "-", "Total Operating Income as Reported": "-803.569", "Rent Expense Supplemental": "1,007", "Total Expenses": "2,069", "Net Income from Continuing & Discontinued Operation": "-3,000", "Normalized Income": "-2,410", "Interest Income": "150.577", "Interest Expense": "1,994", "Net Interest Income": "-1,844", "EBIT": "-1,006", "EBITDA": "-", "Reconciled Cost of Revenue": "1,007", "Reconciled Depreciation": "0", "Net Income from Continuing Operation Net Minority Interest": "-3,000", "Total Unusual Items Excluding Goodwill": "-589.941", "Total Unusual Items": "-589.941", "Normalized EBITDA": "-416.287", "Tax Rate for Calcs": "0", "Tax Effect of Unusual Items": "0"}, "12/31/2019": {"Duration": "12/31/2019", "Total Revenue": "1,646", "Cost of Revenue": "1,189", "Gross Profit": "457.017", "Operating Expense": "2,714", "Operating Income": "-2,257", "Net Non Operating Interest Income Expense": "-3,185", "Other Income Expense": "2,871", "Pretax Income": "-2,571", "Tax Provision": "0", "Net Income Common Stockholders": "-2,615", "Diluted NI Available to Com Stockholders": "-2,615", "Basic EPS": "-0.04", "Diluted EPS": "-0.04", "Basic Average Shares": "59,828", "Diluted Average Shares": "59,828", "Total Operating Income as Reported": "-2,257", "Rent Expense Supplemental": "-", "Total Expenses": "3,903", "Net Income from Continuing & Discontinued Operation": "-2,571", "Normalized Income": "-5,288", "Interest Income": "-", "Interest Expense": "3,185", "Net Interest Income": "-3,185", "EBIT": "614.047", "EBITDA": "-", "Reconciled Cost of Revenue": "1,189", "Reconciled Depreciation": "139.595", "Net Income from Continuing Operation Net Minority Interest": "-2,571", "Total Unusual Items Excluding Goodwill": "2,717", "Total Unusual Items": "2,717", "Normalized EBITDA": "-1,963", "Tax Rate for Calcs": "0", "Tax Effect of Unusual Items": "0"}, "12/31/2018": {"Duration": "12/31/2018", "Total Revenue": "1,457", "Cost of Revenue": "1,130", "Gross Profit": "326.804", "Operating Expense": "3,352", "Operating Income": "-3,025", "Net Non Operating Interest Income Expense": "-2,758", "Other Income Expense": "-1,122", "Pretax Income": "-6,905", "Tax Provision": "0", "Net Income Common Stockholders": "-6,905", "Diluted NI Available to Com Stockholders": "-6,905", "Basic EPS": "-0.45", "Diluted EPS": "-0.45", "Basic Average Shares": "15,301", "Diluted Average Shares": "15,301", "Total Operating Income as Reported": "-3,025", "Rent Expense Supplemental": "-", "Total Expenses": "4,482", "Net Income from Continuing & Discontinued Operation": "-6,905", "Normalized Income": "-8,672", "Interest Income": "-", "Interest Expense": "2,758", "Net Interest Income": "-2,758", "EBIT": "-4,147", "EBITDA": "-", "Reconciled Cost of Revenue": "1,130", "Reconciled Depreciation": "498.4", "Net Income from Continuing Operation Net Minority Interest": "-6,905", "Total Unusual Items Excluding Goodwill": "1,767", "Total Unusual Items": "1,767", "Normalized EBITDA": "-5,415", "Tax Rate for Calcs": "0", "Tax Effect of Unusual Items": "0"}}, "bs": {"12/31/2020": {"Duration": "12/31/2020", "Total Assets": "3,046", "Total Liabilities Net Minority Interest": "13,553", "Total Equity Gross Minority Interest": "-10,506", "Total Capitalization": "-10,300", "Common Stock Equity": "-10,506", "Capital Lease Obligations": "1,043", "Net Tangible Assets": "-10,506", "Working Capital": "-11,768", "Invested Capital": "-6,786", "Tangible Book Value": "-10,506", "Total Debt": "4,763", "Net Debt": "3,392", "Share Issued": "217,271", "Ordinary Shares Number": "217,271"}, "12/31/2019": {"Duration": "12/31/2019", "Total Assets": "4,668", "Total Liabilities Net Minority Interest": "13,032", "Total Equity Gross Minority Interest": "-8,363", "Total Capitalization": "-8,363", "Common Stock Equity": "-8,363", "Capital Lease Obligations": "2,975", "Net Tangible Assets": "-8,363", "Working Capital": "-10,003", "Invested Capital": "-5,736", "Tangible Book Value": "-8,363", "Total Debt": "5,602", "Net Debt": "2,309", "Share Issued": "113,926", "Ordinary Shares Number": "113,926"}, "12/31/2018": {"Duration": "12/31/2018", "Total Assets": "1,018", "Total Liabilities Net Minority Interest": "9,282", "Total Equity Gross Minority Interest": "-8,264", "Total Capitalization": "-8,264", "Common Stock Equity": "-8,264", "Capital Lease Obligations": "-", "Net Tangible Assets": "-8,264", "Working Capital": "-8,674", "Invested Capital": "-6,817", "Tangible Book Value": "-8,264", "Total Debt": "1,448", "Net Debt": "1,387", "Share Issued": "28,287", "Ordinary Shares Number": "28,287"}}, "cf": {"TTM": {"Duration": "TTM", "Operating Cash Flow": "-346.448", "Investing Cash Flow": "0", "Financing Cash Flow": "356.866", "End Cash Position": "327.864", "Interest Paid Supplemental Data": "0", "Capital Expenditure": "-", "Issuance of Capital Stock": "100", "Issuance of Debt": "306.444", "Repayment of Debt": "-49.578", "Free Cash Flow": "-346.448"}, "12/31/2020": {"Duration": "12/31/2020", "Operating Cash Flow": "-346.448", "Investing Cash Flow": "0", "Financing Cash Flow": "356.866", "End Cash Position": "327.864", "Interest Paid Supplemental Data": "0", "Capital Expenditure": "-", "Issuance of Capital Stock": "100", "Issuance of Debt": "306.444", "Repayment of Debt": "-49.578", "Free Cash Flow": "-346.448"}, "12/31/2019": {"Duration": "12/31/2019", "Operating Cash Flow": "-1,184", "Investing Cash Flow": "550", "Financing Cash Flow": "891", "End Cash Position": "317.446", "Interest Paid Supplemental Data": "0", "Capital Expenditure": "-", "Issuance of Capital Stock": "130", "Issuance of Debt": "897.725", "Repayment of Debt": "-120.5", "Free Cash Flow": "-1,184"}, "12/31/2018": {"Duration": "12/31/2018", "Operating Cash Flow": "-1,202", "Investing Cash Flow": "0", "Financing Cash Flow": "1,103", "End Cash Position": "60.437", "Interest Paid Supplemental Data": "0", "Capital Expenditure": "-", "Issuance of Capital Stock": "20.872", "Issuance of Debt": "1,174", "Repayment of Debt": "-75.269", "Free Cash Flow": "-1,202"}}}}, {"ROYE": {"quote": {"05/12/2021": {"value": "1.2500", "Market Cap": "22.599M", "Beta (5Y Monthly)": "1.61", "PE Ratio (TTM)": "N/A", "EPS (TTM)": "-1.6510", "Earnings Date": "N/A", "Forward Dividend & Yield": "N/A (N/A)", "Ex-Dividend Date": "N/A", "1y Target Est": "N/A"}}, "fin": {"TTM": {"Duration": "TTM", "Total Revenue": "243,365", "Cost of Revenue": "253,441", "Gross Profit": "-10,076", "Operating Expense": "17,448", "Operating Income": "-27,524", "Net Non Operating Interest Income Expense": "-7,485", "Other Income Expense": "1,544", "Pretax Income": "-33,465", "Tax Provision": "-4,961", "Net Income Common Stockholders": "-25,962", "Diluted NI Available to Com Stockholders": "-25,962", "Basic EPS": "-", "Diluted EPS": "-", "Basic Average Shares": "-", "Diluted Average Shares": "-", "Total Operating Income as Reported": "-22,528", "Total Expenses": "270,889", "Interest Income": "51", "Interest Expense": "7,536", "Net Interest Income": "-7,485", "Net Income from Continuing & Discontinued Operation": "-26,850", "Normalized Income": "383.48", "EBIT": "-25,929", "EBITDA": "6,877", "Reconciled Cost of Revenue": "253,441", "Reconciled Depreciation": "32,806", "Net Income from Continuing Operation Net Minority Interest": "1,496", "Total Unusual Items Excluding Goodwill": "1,524", "Total Unusual Items": "1,524", "Normalized EBITDA": "5,353", "Tax Rate for Calcs": "0", "Tax Effect of Unusual Items": "411.48"}, "12/31/2018": {"Duration": "12/31/2018", "Total Revenue": "247,938", "Cost of Revenue": "252,323", "Gross Profit": "-4,385", "Operating Expense": "16,300", "Operating Income": "-20,685", "Net Non Operating Interest Income Expense": "-8,907", "Other Income Expense": "811", "Pretax Income": "-28,781", "Tax Provision": "-5,370", "Net Income Common Stockholders": "-10,956", "Diluted NI Available to Com Stockholders": "-10,956", "Basic EPS": "-0.80", "Diluted EPS": "-0.80", "Basic Average Shares": "17,623", "Diluted Average Shares": "17,623", "Total Operating Income as Reported": "-22,487", "Total Expenses": "268,623", "Interest Income": "68", "Interest Expense": "8,975", "Net Interest Income": "-8,907", "Net Income from Continuing & Discontinued Operation": "-10,956", "Normalized Income": "-11,533", "EBIT": "-19,806", "EBITDA": "-", "Reconciled Cost of Revenue": "252,323", "Reconciled Depreciation": "31,457", "Net Income from Continuing Operation Net Minority Interest": "-10,956", "Total Unusual Items Excluding Goodwill": "791", "Total Unusual Items": "791", "Normalized EBITDA": "10,860", "Tax Rate for Calcs": "0", "Tax Effect of Unusual Items": "213.57"}}, "bs": {"12/31/2018": {"Duration": "12/31/2018", "Total Assets": "255,959", "Total Liabilities Net Minority Interest": "133,982", "Total Equity Gross Minority Interest": "121,977", "Total Capitalization": "133,842", "Common Stock Equity": "109,910", "Net Tangible Assets": "109,910", "Working Capital": "1,741", "Invested Capital": "137,530", "Tangible Book Value": "109,910", "Total Debt": "27,620", "Net Debt": "20,991", "Share Issued": "18,579", "Ordinary Shares Number": "17,664", "Preferred Shares Number": "51", "Treasury Shares Number": "914.797"}}, "cf": {"TTM": {"Duration": "TTM", "Operating Cash Flow": "7,814", "Investing Cash Flow": "-2,279", "Financing Cash Flow": "-3,286", "End Cash Position": "8,404", "Income Tax Paid Supplemental Data": "-", "Interest Paid Supplemental Data": "-", "Capital Expenditure": "-13,118", "Issuance of Capital Stock": "-", "Issuance of Debt": "11,772", "Repayment of Debt": "-9,655", "Free Cash Flow": "-5,304"}, "12/31/2018": {"Duration": "12/31/2018", "Operating Cash Flow": "17,180", "Investing Cash Flow": "-7,663", "Financing Cash Flow": "-25,959", "End Cash Position": "6,717", "Income Tax Paid Supplemental Data": "61", "Interest Paid Supplemental Data": "6,330", "Capital Expenditure": "-24,405", "Issuance of Capital Stock": "0", "Issuance of Debt": "6,622", "Repayment of Debt": "-17,051", "Free Cash Flow": "-7,225"}}}}, {"PRLE": {"quote": {"05/12/2021": {"value": "1.9000", "Market Cap": "1.131M", "Beta (5Y Monthly)": "0.83", "PE Ratio (TTM)": "N/A", "EPS (TTM)": "-0.8100", "Earnings Date": "N/A", "Forward Dividend & Yield": "N/A (N/A)", "Ex-Dividend Date": "Dec 31, 1999", "1y Target Est": "N/A"}}, "fin": {"TTM": {"Duration": "TTM", "Total Revenue": "9,671", "Cost of Revenue": "4,468", "Gross Profit": "5,203", "Operating Expense": "3,652", "Operating Income": "1,551", "Net Non Operating Interest Income Expense": "-816", "Other Income Expense": "-112", "Pretax Income": "623", "Tax Provision": "-35", "Net Income Common Stockholders": "-371", "Average Dilution Earnings": "0", "Diluted NI Available to Com Stockholders": "-371", "Basic EPS": "-", "Diluted EPS": "-", "Basic Average Shares": "-", "Diluted Average Shares": "-", "Total Operating Income as Reported": "623", "Total Expenses": "8,120", "Net Income from Continuing & Discontinued Operation": "-371", "Normalized Income": "-289.24", "Interest Expense": "816", "Net Interest Income": "-816", "EBIT": "1,439", "EBITDA": "3,494", "Reconciled Cost of Revenue": "4,468", "Reconciled Depreciation": "2,055", "Net Income from Continuing Operation Net Minority Interest": "-371", "Total Unusual Items Excluding Goodwill": "-112", "Total Unusual Items": "-112", "Normalized EBITDA": "3,606", "Tax Rate for Calcs": "0", "Tax Effect of Unusual Items": "-30.24"}, "12/31/2020": {"Duration": "12/31/2020", "Total Revenue": "9,671", "Cost of Revenue": "4,468", "Gross Profit": "5,203", "Operating Expense": "3,652", "Operating Income": "1,551", "Net Non Operating Interest Income Expense": "-816", "Other Income Expense": "-112", "Pretax Income": "623", "Tax Provision": "-35", "Net Income Common Stockholders": "-371", "Average Dilution Earnings": "0", "Diluted NI Available to Com Stockholders": "-371", "Basic EPS": "-", "Diluted EPS": "-", "Basic Average Shares": "-", "Diluted Average Shares": "-", "Total Operating Income as Reported": "623", "Total Expenses": "8,120", "Net Income from Continuing & Discontinued Operation": "-371", "Normalized Income": "-289.24", "Interest Expense": "816", "Net Interest Income": "-816", "EBIT": "1,439", "EBITDA": "-", "Reconciled Cost of Revenue": "4,468", "Reconciled Depreciation": "2,055", "Net Income from Continuing Operation Net Minority Interest": "-371", "Total Unusual Items Excluding Goodwill": "-112", "Total Unusual Items": "-112", "Normalized EBITDA": "3,606", "Tax Rate for Calcs": "0", "Tax Effect of Unusual Items": "-30.24"}, "12/31/2019": {"Duration": "12/31/2019", "Total Revenue": "14,253", "Cost of Revenue": "5,737", "Gross Profit": "8,516", "Operating Expense": "4,471", "Operating Income": "4,045", "Net Non Operating Interest Income Expense": "-2,409", "Other Income Expense": "16,943", "Pretax Income": "18,579", "Tax Provision": "280", "Net Income Common Stockholders": "3,067", "Average Dilution Earnings": "-", "Diluted NI Available to Com Stockholders": "3,067", "Basic EPS": "7.57", "Diluted EPS": "1.02", "Basic Average Shares": "405.169", "Diluted Average Shares": "3,026", "Total Operating Income as Reported": "18,579", "Total Expenses": "10,208", "Net Income from Continuing & Discontinued Operation": "3,067", "Normalized Income": "-13,537", "Interest Expense": "2,409", "Net Interest Income": "-2,409", "EBIT": "20,988", "EBITDA": "-", "Reconciled Cost of Revenue": "5,737", "Reconciled Depreciation": "2,901", "Net Income from Continuing Operation Net Minority Interest": "3,067", "Total Unusual Items Excluding Goodwill": "16,943", "Total Unusual Items": "16,943", "Normalized EBITDA": "6,946", "Tax Rate for Calcs": "0", "Tax Effect of Unusual Items": "338.86"}, "12/31/2018": {"Duration": "12/31/2018", "Total Revenue": "17,180", "Cost of Revenue": "6,686", "Gross Profit": "10,494", "Operating Expense": "5,350", "Operating Income": "5,144", "Net Non Operating Interest Income Expense": "-2,832", "Other Income Expense": "7,723", "Pretax Income": "10,035", "Tax Provision": "229", "Net Income Common Stockholders": "1,316", "Average Dilution Earnings": "-", "Diluted NI Available to Com Stockholders": "1,316", "Basic EPS": "3.25", "Diluted EPS": "0.44", "Basic Average Shares": "405.169", "Diluted Average Shares": "3,066", "Total Operating Income as Reported": "-", "Total Expenses": "12,036", "Net Income from Continuing & Discontinued Operation": "1,316", "Normalized Income": "-6,231", "Interest Expense": "2,832", "Net Interest Income": "-2,832", "EBIT": "12,867", "EBITDA": "-", "Reconciled Cost of Revenue": "6,686", "Reconciled Depreciation": "3,566", "Net Income from Continuing Operation Net Minority Interest": "1,316", "Total Unusual Items Excluding Goodwill": "7,723", "Total Unusual Items": "7,723", "Normalized EBITDA": "8,710", "Tax Rate for Calcs": "0", "Tax Effect of Unusual Items": "176.2399"}}, "bs": {"12/31/2020": {"Duration": "12/31/2020", "Total Assets": "57,656", "Total Liabilities Net Minority Interest": "19,214", "Total Equity Gross Minority Interest": "38,442", "Total Capitalization": "19,464", "Preferred Stock Equity": "5", "Common Stock Equity": "4,076", "Net Tangible Assets": "4,081", "Working Capital": "5,046", "Invested Capital": "19,459", "Tangible Book Value": "4,076", "Total Debt": "15,383", "Net Debt": "10,274", "Share Issued": "633.13", "Ordinary Shares Number": "595", "Preferred Shares Number": "488.58", "Treasury Shares Number": "38.13"}, "12/31/2019": {"Duration": "12/31/2019", "Total Assets": "57,881", "Total Liabilities Net Minority Interest": "19,351", "Total Equity Gross Minority Interest": "38,530", "Total Capitalization": "19,791", "Preferred Stock Equity": "5", "Common Stock Equity": "4,154", "Net Tangible Assets": "4,159", "Working Capital": "4,019", "Invested Capital": "19,786", "Tangible Book Value": "4,154", "Total Debt": "15,632", "Net Debt": "11,008", "Share Issued": "443.299", "Ordinary Shares Number": "405.169", "Preferred Shares Number": "256.636", "Treasury Shares Number": "38.13"}, "12/31/2018": {"Duration": "12/31/2018", "Total Assets": "79,150", "Total Liabilities Net Minority Interest": "52,088", "Total Equity Gross Minority Interest": "27,062", "Total Capitalization": "48,298", "Preferred Stock Equity": "5", "Common Stock Equity": "1,031", "Net Tangible Assets": "1,036", "Working Capital": "41", "Invested Capital": "48,293", "Tangible Book Value": "1,031", "Total Debt": "47,262", "Net Debt": "45,252", "Share Issued": "443.299", "Ordinary Shares Number": "405.169", "Preferred Shares Number": "256.636", "Treasury Shares Number": "38.13"}}, "cf": {"TTM": {"Duration": "TTM", "Operating Cash Flow": "2,460", "Investing Cash Flow": "-659", "Financing Cash Flow": "-1,316", "End Cash Position": "5,109", "Income Tax Paid Supplemental Data": "195", "Interest Paid Supplemental Data": "795", "Capital Expenditure": "-", "Repayment of Debt": "-277", "Free Cash Flow": "2,460"}, "12/31/2020": {"Duration": "12/31/2020", "Operating Cash Flow": "2,460", "Investing Cash Flow": "-659", "Financing Cash Flow": "-1,316", "End Cash Position": "5,109", "Income Tax Paid Supplemental Data": "195", "Interest Paid Supplemental Data": "795", "Capital Expenditure": "-", "Repayment of Debt": "-277", "Free Cash Flow": "2,460"}, "12/31/2019": {"Duration": "12/31/2019", "Operating Cash Flow": "4,458", "Investing Cash Flow": "37,396", "Financing Cash Flow": "-39,240", "End Cash Position": "4,624", "Income Tax Paid Supplemental Data": "279", "Interest Paid Supplemental Data": "1,833", "Capital Expenditure": "-", "Repayment of Debt": "-31,790", "Free Cash Flow": "4,458"}, "12/31/2018": {"Duration": "12/31/2018", "Operating Cash Flow": "5,278", "Investing Cash Flow": "12,523", "Financing Cash Flow": "-18,782", "End Cash Position": "2,010", "Income Tax Paid Supplemental Data": "88", "Interest Paid Supplemental Data": "2,599", "Capital Expenditure": "-", "Repayment of Debt": "-17,457", "Free Cash Flow": "5,278"}}}}, {"FRPH": {"quote": {"05/12/2021": {"value": "55.50", "Market Cap": "521.024M", "Beta (5Y Monthly)": "0.72", "PE Ratio (TTM)": "13.33", "EPS (TTM)": "4.16", "Earnings Date": "Aug 03, 2021 - Aug 09, 2021", "Forward Dividend & Yield": "N/A (N/A)", "Ex-Dividend Date": "N/A", "1y Target Est": "N/A"}}, "fin": {"TTM": {"Duration": "TTM", "Total Revenue": "23,653", "Cost of Revenue": "2,867", "Gross Profit": "20,786", "Operating Expense": "15,004", "Operating Income": "5,782", "Net Non Operating Interest Income Expense": "-1,974", "Other Income Expense": "60,417", "Pretax Income": "64,225", "Tax Provision": "13,127", "Net Income Common Stockholders": "39,470", "Diluted NI Available to Com Stockholders": "39,470", "Basic EPS": "-", "Diluted EPS": "-", "Basic Average Shares": "-", "Diluted Average Shares": "-", "Total Operating Income as Reported": "5,782", "Total Expenses": "17,871", "Interest Expense": "1,974", "Net Interest Income": "-1,974", "Net Income from Continuing & Discontinued Operation": "39,470", "Normalized Income": "26,771", "EBIT": "66,199", "EBITDA": "72,002", "Reconciled Cost of Revenue": "2,867", "Reconciled Depreciation": "-", "Net Income from Continuing Operation Net Minority Interest": "39,470", "Total Unusual Items Excluding Goodwill": "15,961", "Total Unusual Items": "15,961", "Normalized EBITDA": "56,041", "Tax Rate for Calcs": "0", "Tax Effect of Unusual Items": "3,262"}, "12/31/2020": {"Duration": "12/31/2020", "Total Revenue": "23,583", "Cost of Revenue": "2,826", "Gross Profit": "20,757", "Operating Expense": "15,623", "Operating Income": "5,134", "Net Non Operating Interest Income Expense": "-1,100", "Other Income Expense": "10,895", "Pretax Income": "14,929", "Tax Provision": "3,207", "Net Income Common Stockholders": "12,715", "Diluted NI Available to Com Stockholders": "12,715", "Basic EPS": "-", "Diluted EPS": "-", "Basic Average Shares": "-", "Diluted Average Shares": "-", "Total Operating Income as Reported": "5,134", "Total Expenses": "18,449", "Interest Expense": "1,100", "Net Interest Income": "-1,100", "Net Income from Continuing & Discontinued Operation": "12,715", "Normalized Income": "-307.2634", "EBIT": "16,029", "EBITDA": "-", "Reconciled Cost of Revenue": "2,604", "Reconciled Depreciation": "6,050", "Net Income from Continuing Operation Net Minority Interest": "12,715", "Total Unusual Items Excluding Goodwill": "16,585", "Total Unusual Items": "16,585", "Normalized EBITDA": "5,494", "Tax Rate for Calcs": "0", "Tax Effect of Unusual Items": "3,563"}, "12/31/2019": {"Duration": "12/31/2019", "Total Revenue": "23,756", "Cost of Revenue": "2,941", "Gross Profit": "20,815", "Operating Expense": "15,059", "Operating Income": "5,756", "Net Non Operating Interest Income Expense": "-1,054", "Other Income Expense": "7,082", "Pretax Income": "11,784", "Tax Provision": "2,962", "Net Income Common Stockholders": "16,177", "Diluted NI Available to Com Stockholders": "16,177", "Basic EPS": "1.64", "Diluted EPS": "1.63", "Basic Average Shares": "9,883", "Diluted Average Shares": "9,926", "Total Operating Income as Reported": "5,756", "Total Expenses": "18,000", "Interest Expense": "1,054", "Net Interest Income": "-1,054", "Net Income from Continuing & Discontinued Operation": "16,177", "Normalized Income": "2,556", "EBIT": "12,838", "EBITDA": "-", "Reconciled Cost of Revenue": "2,638", "Reconciled Depreciation": "6,158", "Net Income from Continuing Operation Net Minority Interest": "9,321", "Total Unusual Items Excluding Goodwill": "9,036", "Total Unusual Items": "9,036", "Normalized EBITDA": "9,960", "Tax Rate for Calcs": "0", "Tax Effect of Unusual Items": "2,271"}, "12/31/2018": {"Duration": "12/31/2018", "Total Revenue": "22,022", "Cost of Revenue": "2,625", "Gross Profit": "19,397", "Operating Expense": "17,435", "Operating Income": "1,962", "Net Non Operating Interest Income Expense": "-3,103", "Other Income Expense": "2,624", "Pretax Income": "1,483", "Tax Provision": "524", "Net Income Common Stockholders": "124,472", "Diluted NI Available to Com Stockholders": "124,472", "Basic EPS": "12.40", "Diluted EPS": "12.32", "Basic Average Shares": "10,040", "Diluted Average Shares": "10,105", "Total Operating Income as Reported": "1,962", "Total Expenses": "20,060", "Interest Expense": "3,103", "Net Interest Income": "-3,103", "Net Income from Continuing & Discontinued Operation": "124,472", "Normalized Income": "589.2522", "EBIT": "4,586", "EBITDA": "-", "Reconciled Cost of Revenue": "2,314", "Reconciled Depreciation": "8,209", "Net Income from Continuing Operation Net Minority Interest": "2,343", "Total Unusual Items Excluding Goodwill": "2,712", "Total Unusual Items": "2,712", "Normalized EBITDA": "10,083", "Tax Rate for Calcs": "0", "Tax Effect of Unusual Items": "958.2522"}}, "bs": {"12/31/2020": {"Duration": "12/31/2020", "Total Assets": "536,360", "Total Liabilities Net Minority Interest": "153,707", "Total Equity Gross Minority Interest": "382,653", "Total Capitalization": "457,618", "Common Stock Equity": "367,654", "Net Tangible Assets": "367,654", "Working Capital": "152,154", "Invested Capital": "457,618", "Tangible Book Value": "367,654", "Total Debt": "89,964", "Net Debt": "16,055", "Share Issued": "9,364", "Ordinary Shares Number": "9,364"}, "12/31/2019": {"Duration": "12/31/2019", "Total Assets": "538,148", "Total Liabilities Net Minority Interest": "146,503", "Total Equity Gross Minority Interest": "391,645", "Total Capitalization": "463,813", "Common Stock Equity": "374,888", "Net Tangible Assets": "374,888", "Working Capital": "162,825", "Invested Capital": "463,813", "Tangible Book Value": "374,888", "Total Debt": "88,925", "Net Debt": "62,318", "Share Issued": "9,817", "Ordinary Shares Number": "9,817"}, "12/31/2018": {"Duration": "12/31/2018", "Total Assets": "505,488", "Total Liabilities Net Minority Interest": "122,233", "Total Equity Gross Minority Interest": "383,255", "Total Capitalization": "453,396", "Common Stock Equity": "364,607", "Net Tangible Assets": "364,607", "Working Capital": "197,823", "Invested Capital": "453,396", "Tangible Book Value": "364,607", "Total Debt": "88,789", "Net Debt": "66,242", "Share Issued": "9,969", "Ordinary Shares Number": "9,969"}}, "cf": {"TTM": {"Duration": "TTM", "Operating Cash Flow": "-", "Investing Cash Flow": "-", "Financing Cash Flow": "-", "End Cash Position": "-", "Income Tax Paid Supplemental Data": "-", "Interest Paid Supplemental Data": "-", "Capital Expenditure": "-", "Issuance of Debt": "-", "Repayment of Debt": "-", "Repurchase of Capital Stock": "-", "Free Cash Flow": "-"}, "12/31/2020": {"Duration": "12/31/2020", "Operating Cash Flow": "18,613", "Investing Cash Flow": "50,527", "Financing Cash Flow": "-21,838", "End Cash Position": "73,909", "Income Tax Paid Supplemental Data": "2,244", "Interest Paid Supplemental Data": "960", "Capital Expenditure": "-", "Issuance of Debt": "-", "Repayment of Debt": "0", "Repurchase of Capital Stock": "-21,312", "Free Cash Flow": "18,613"}, "12/31/2019": {"Duration": "12/31/2019", "Operating Cash Flow": "47,023", "Investing Cash Flow": "-33,819", "Financing Cash Flow": "-9,144", "End Cash Position": "26,607", "Income Tax Paid Supplemental Data": "-", "Interest Paid Supplemental Data": "914", "Capital Expenditure": "-", "Issuance of Debt": "0", "Repayment of Debt": "0", "Repurchase of Capital Stock": "-8,210", "Free Cash Flow": "47,023"}, "12/31/2018": {"Duration": "12/31/2018", "Operating Cash Flow": "-37,186", "Investing Cash Flow": "90,945", "Financing Cash Flow": "-35,736", "End Cash Position": "22,547", "Income Tax Paid Supplemental Data": "50,427", "Interest Paid Supplemental Data": "2,851", "Capital Expenditure": "-", "Issuance of Debt": "0", "Repayment of Debt": "-1,552", "Repurchase of Capital Stock": "-5,733", "Free Cash Flow": "-37,186"}}}}, {"FCE-A": {"quote": {"05/12/2021": {"value": "", "Net Assets": "N/A", "Beta (5Y Monthly)": "N/A", "Yield": "N/A", "5y Average Return": "N/A", "Holdings Turnover": "N/A", "Last Dividend": "N/A", "Average for Category": "N/A", "Inception Date": "N/A"}}, "fin": {}, "bs": {}, "cf": {}}}, {"WPG": {"quote": {"05/12/2021": {"value": "1.9400", "Market Cap": "47.452M", "Beta (5Y Monthly)": "N/A", "PE Ratio (TTM)": "N/A", "EPS (TTM)": "-21.5180", "Earnings Date": "Aug 09, 2021 - Aug 13, 2021", "Forward Dividend & Yield": "N/A (N/A)", "Ex-Dividend Date": "Mar 06, 2020", "1y Target Est": "3.00"}}, "fin": {"TTM": {"Duration": "TTM", "Total Revenue": "524,418", "Cost of Revenue": "216,936", "Gross Profit": "307,482", "Operating Expense": "284,516", "Operating Income": "22,966", "Net Non Operating Interest Income Expense": "-156,752", "Other Income Expense": "-129,136", "Pretax Income": "-262,922", "Tax Provision": "-1,098", "Net Income Common Stockholders": "-233,818", "Average Dilution Earnings": "-42,341", "Diluted NI Available to Com Stockholders": "-276,159", "Basic EPS": "-", "Diluted EPS": "-", "Basic Average Shares": "-", "Diluted Average Shares": "-", "Total Operating Income as Reported": "-", "Rent Expense Supplemental": "778", "Total Expenses": "501,452", "Net Income from Continuing & Discontinued Operation": "-219,786", "Normalized Income": "-105,821", "Interest Expense": "156,752", "Net Interest Income": "-156,752", "EBIT": "-106,170", "EBITDA": "122,894", "Reconciled Cost of Revenue": "218,988", "Reconciled Depreciation": "227,012", "Net Income from Continuing Operation Net Minority Interest": "-219,786", "Total Unusual Items Excluding Goodwill": "-114,443", "Total Unusual Items": "-114,443", "Normalized EBITDA": "237,337", "Tax Rate for Calcs": "0", "Tax Effect of Unusual Items": "-477.9304"}, "12/31/2020": {"Duration": "12/31/2020", "Total Revenue": "524,418", "Cost of Revenue": "216,936", "Gross Profit": "307,482", "Operating Expense": "284,516", "Operating Income": "22,966", "Net Non Operating Interest Income Expense": "-156,752", "Other Income Expense": "-129,136", "Pretax Income": "-262,922", "Tax Provision": "-1,098", "Net Income Common Stockholders": "-233,818", "Average Dilution Earnings": "-42,341", "Diluted NI Available to Com Stockholders": "-276,159", "Basic EPS": "-", "Diluted EPS": "-", "Basic Average Shares": "-", "Diluted Average Shares": "-", "Total Operating Income as Reported": "-", "Rent Expense Supplemental": "778", "Total Expenses": "501,452", "Net Income from Continuing & Discontinued Operation": "-219,786", "Normalized Income": "-105,821", "Interest Expense": "156,752", "Net Interest Income": "-156,752", "EBIT": "-106,170", "EBITDA": "-", "Reconciled Cost of Revenue": "218,988", "Reconciled Depreciation": "227,012", "Net Income from Continuing Operation Net Minority Interest": "-219,786", "Total Unusual Items Excluding Goodwill": "-114,443", "Total Unusual Items": "-114,443", "Normalized EBITDA": "237,337", "Tax Rate for Calcs": "0", "Tax Effect of Unusual Items": "-477.9304"}, "12/31/2019": {"Duration": "12/31/2019", "Total Revenue": "661,484", "Cost of Revenue": "237,304", "Gross Profit": "424,180", "Operating Expense": "332,020", "Operating Income": "92,160", "Net Non Operating Interest Income Expense": "-153,382", "Other Income Expense": "65,278", "Pretax Income": "4,056", "Tax Provision": "1,296", "Net Income Common Stockholders": "-9,758", "Average Dilution Earnings": "-1,799", "Diluted NI Available to Com Stockholders": "-11,557", "Basic EPS": "-0.45", "Diluted EPS": "-0.45", "Basic Average Shares": "21,684", "Diluted Average Shares": "21,684", "Total Operating Income as Reported": "-", "Rent Expense Supplemental": "837", "Total Expenses": "569,324", "Net Income from Continuing & Discontinued Operation": "4,274", "Normalized Income": "-41,166", "Interest Expense": "153,382", "Net Interest Income": "-153,382", "EBIT": "157,438", "EBITDA": "-", "Reconciled Cost of Revenue": "235,420", "Reconciled Depreciation": "273,204", "Net Income from Continuing Operation Net Minority Interest": "4,274", "Total Unusual Items Excluding Goodwill": "66,777", "Total Unusual Items": "66,777", "Normalized EBITDA": "363,865", "Tax Rate for Calcs": "0", "Tax Effect of Unusual Items": "21,337"}, "12/31/2018": {"Duration": "12/31/2018", "Total Revenue": "723,305", "Cost of Revenue": "235,887", "Gross Profit": "487,418", "Operating Expense": "311,782", "Operating Income": "175,636", "Net Non Operating Interest Income Expense": "-141,987", "Other Income Expense": "76,538", "Pretax Income": "110,187", "Tax Provision": "1,532", "Net Income Common Stockholders": "79,572", "Average Dilution Earnings": "14,735", "Diluted NI Available to Com Stockholders": "94,307", "Basic EPS": "3.78", "Diluted EPS": "3.78", "Basic Average Shares": "21,051", "Diluted Average Shares": "21,051", "Total Operating Income as Reported": "-", "Rent Expense Supplemental": "789", "Total Expenses": "547,669", "Net Income from Continuing & Discontinued Operation": "93,604", "Normalized Income": "18,664", "Interest Expense": "141,987", "Net Interest Income": "-141,987", "EBIT": "252,174", "EBITDA": "-", "Reconciled Cost of Revenue": "234,661", "Reconciled Depreciation": "259,022", "Net Income from Continuing Operation Net Minority Interest": "93,604", "Total Unusual Items Excluding Goodwill": "75,997", "Total Unusual Items": "75,997", "Normalized EBITDA": "435,199", "Tax Rate for Calcs": "0", "Tax Effect of Unusual Items": "1,057"}}, "bs": {"12/31/2020": {"Duration": "12/31/2020", "Total Assets": "4,105,347", "Total Liabilities Net Minority Interest": "3,504,149", "Total Equity Gross Minority Interest": "601,198", "Total Capitalization": "3,761,325", "Preferred Stock Equity": "202,576", "Common Stock Equity": "337,274", "Net Tangible Assets": "511,445", "Working Capital": "8,448", "Invested Capital": "3,558,749", "Tangible Book Value": "308,869", "Total Debt": "3,221,475", "Net Debt": "3,128,857", "Share Issued": "21,000", "Ordinary Shares Number": "21,000", "Preferred Shares Number": "7,800"}, "12/31/2019": {"Duration": "12/31/2019", "Total Assets": "4,250,979", "Total Liabilities Net Minority Interest": "3,344,404", "Total Equity Gross Minority Interest": "906,575", "Total Capitalization": "3,857,911", "Preferred Stock Equity": "202,576", "Common Stock Equity": "593,773", "Net Tangible Assets": "755,392", "Working Capital": "-29,625", "Invested Capital": "3,655,335", "Tangible Book Value": "552,816", "Total Debt": "3,061,562", "Net Debt": "3,020,141", "Share Issued": "20,765", "Ordinary Shares Number": "20,765", "Preferred Shares Number": "7,800"}, "12/31/2018": {"Duration": "12/31/2018", "Total Assets": "4,361,288", "Total Liabilities Net Minority Interest": "3,213,017", "Total Equity Gross Minority Interest": "1,148,271", "Total Capitalization": "3,937,187", "Preferred Stock Equity": "202,576", "Common Stock Equity": "797,134", "Net Tangible Assets": "942,430", "Working Capital": "-91,254", "Invested Capital": "3,734,611", "Tangible Book Value": "739,854", "Total Debt": "2,937,477", "Net Debt": "2,894,935", "Share Issued": "20,675", "Ordinary Shares Number": "20,675", "Preferred Shares Number": "7,800"}}, "cf": {"TTM": {"Duration": "TTM", "Operating Cash Flow": "78,647", "Investing Cash Flow": "-170,683", "Financing Cash Flow": "146,793", "End Cash Position": "130,232", "Capital Expenditure": "-181,097", "Issuance of Capital Stock": "0", "Issuance of Debt": "486,662", "Repayment of Debt": "-293,867", "Repurchase of Capital Stock": "-543", "Free Cash Flow": "-102,450"}, "12/31/2020": {"Duration": "12/31/2020", "Operating Cash Flow": "78,647", "Investing Cash Flow": "-170,683", "Financing Cash Flow": "146,793", "End Cash Position": "130,232", "Capital Expenditure": "-181,097", "Issuance of Capital Stock": "0", "Issuance of Debt": "486,662", "Repayment of Debt": "-293,867", "Repurchase of Capital Stock": "-543", "Free Cash Flow": "-102,450"}, "12/31/2019": {"Duration": "12/31/2019", "Operating Cash Flow": "209,305", "Investing Cash Flow": "-115,118", "Financing Cash Flow": "-79,796", "End Cash Position": "75,475", "Capital Expenditure": "-176,737", "Issuance of Capital Stock": "1", "Issuance of Debt": "602,742", "Repayment of Debt": "-444,639", "Repurchase of Capital Stock": "-276", "Free Cash Flow": "32,568"}, "12/31/2018": {"Duration": "12/31/2018", "Operating Cash Flow": "287,245", "Investing Cash Flow": "-179,828", "Financing Cash Flow": "-116,534", "End Cash Position": "61,084", "Capital Expenditure": "-153,850", "Issuance of Capital Stock": "0", "Issuance of Debt": "708,563", "Repayment of Debt": "-588,182", "Repurchase of Capital Stock": "-28", "Free Cash Flow": "133,395"}}}}, {"CIGI": {"quote": {"05/12/2021": {"value": "108.05", "Market Cap": "4.748B", "Beta (5Y Monthly)": "1.62", "PE Ratio (TTM)": "88.78", "EPS (TTM)": "1.22", "Earnings Date": "Aug 04, 2021 - Aug 09, 2021", "Forward Dividend & Yield": "0.10 (0.09%)", "Ex-Dividend Date": "Dec 30, 2020", "1y Target Est": "128.57"}}, "fin": {"TTM": {"Duration": "TTM", "Total Revenue": "2,931,143", "Cost of Revenue": "1,792,233", "Gross Profit": "1,138,910", "Operating Expense": "890,968", "Operating Income": "247,942", "Net Non Operating Interest Income Expense": "-31,648", "Other Income Expense": "-57,761", "Pretax Income": "158,533", "Tax Provision": "45,695", "Net Income Common Stockholders": "48,975", "Diluted NI Available to Com Stockholders": "48,975", "Basic EPS": "-", "Diluted EPS": "-", "Basic Average Shares": "-", "Diluted Average Shares": "-", "Total Operating Income as Reported": "185,997", "Total Expenses": "2,683,201", "Net Income from Continuing & Discontinued Operation": "48,975", "Normalized Income": "93,258", "Interest Expense": "31,648", "Net Interest Income": "-31,648", "EBIT": "190,181", "EBITDA": "328,973", "Reconciled Cost of Revenue": "1,792,233", "Reconciled Depreciation": "138,792", "Net Income from Continuing Operation Net Minority Interest": "48,975", "Total Unusual Items Excluding Goodwill": "-62,216", "Total Unusual Items": "-62,216", "Normalized EBITDA": "391,189", "Tax Rate for Calcs": "0", "Tax Effect of Unusual Items": "-17,933"}, "12/31/2020": {"Duration": "12/31/2020", "Total Revenue": "2,786,857", "Cost of Revenue": "1,740,860", "Gross Profit": "1,045,997", "Operating Expense": "835,571", "Operating Income": "210,426", "Net Non Operating Interest Income Expense": "-30,949", "Other Income Expense": "-42,942", "Pretax Income": "136,535", "Tax Provision": "42,046", "Net Income Common Stockholders": "49,074", "Diluted NI Available to Com Stockholders": "49,074", "Basic EPS": "-", "Diluted EPS": "-", "Basic Average Shares": "-", "Diluted Average Shares": "-", "Total Operating Income as Reported": "164,578", "Total Expenses": "2,576,431", "Net Income from Continuing & Discontinued Operation": "49,074", "Normalized Income": "80,988", "Interest Expense": "30,949", "Net Interest Income": "-30,949", "EBIT": "167,484", "EBITDA": "-", "Reconciled Cost of Revenue": "1,740,860", "Reconciled Depreciation": "125,906", "Net Income from Continuing Operation Net Minority Interest": "49,074", "Total Unusual Items Excluding Goodwill": "-46,119", "Total Unusual Items": "-46,119", "Normalized EBITDA": "339,509", "Tax Rate for Calcs": "0", "Tax Effect of Unusual Items": "-14,205"}, "12/31/2019": {"Duration": "12/31/2019", "Total Revenue": "3,045,811", "Cost of Revenue": "1,959,544", "Gross Profit": "1,086,267", "Operating Expense": "839,538", "Operating Income": "246,729", "Net Non Operating Interest Income Expense": "-29,452", "Other Income Expense": "-26,679", "Pretax Income": "190,598", "Tax Provision": "53,013", "Net Income Common Stockholders": "102,903", "Diluted NI Available to Com Stockholders": "102,903", "Basic EPS": "2.60", "Diluted EPS": "2.57", "Basic Average Shares": "39,550", "Diluted Average Shares": "39,981", "Total Operating Income as Reported": "218,197", "Total Expenses": "2,799,082", "Net Income from Continuing & Discontinued Operation": "102,903", "Normalized Income": "123,424", "Interest Expense": "29,452", "Net Interest Income": "-29,452", "EBIT": "220,050", "EBITDA": "-", "Reconciled Cost of Revenue": "1,959,544", "Reconciled Depreciation": "94,664", "Net Income from Continuing Operation Net Minority Interest": "102,903", "Total Unusual Items Excluding Goodwill": "-28,423", "Total Unusual Items": "-28,423", "Normalized EBITDA": "343,137", "Tax Rate for Calcs": "0", "Tax Effect of Unusual Items": "-7,902"}, "12/31/2018": {"Duration": "12/31/2018", "Total Revenue": "2,825,427", "Cost of Revenue": "1,817,526", "Gross Profit": "1,007,901", "Operating Expense": "784,528", "Operating Income": "223,373", "Net Non Operating Interest Income Expense": "-20,845", "Other Income Expense": "-20,694", "Pretax Income": "181,834", "Tax Provision": "53,260", "Net Income Common Stockholders": "97,658", "Diluted NI Available to Com Stockholders": "97,658", "Basic EPS": "2.49", "Diluted EPS": "2.45", "Basic Average Shares": "39,155", "Diluted Average Shares": "39,795", "Total Operating Income as Reported": "201,398", "Total Expenses": "2,602,054", "Net Income from Continuing & Discontinued Operation": "97,658", "Normalized Income": "113,141", "Interest Expense": "20,845", "Net Interest Income": "-20,845", "EBIT": "202,679", "EBITDA": "-", "Reconciled Cost of Revenue": "1,817,526", "Reconciled Depreciation": "78,730", "Net Income from Continuing Operation Net Minority Interest": "97,658", "Total Unusual Items Excluding Goodwill": "-21,807", "Total Unusual Items": "-21,807", "Normalized EBITDA": "303,216", "Tax Rate for Calcs": "0", "Tax Effect of Unusual Items": "-6,324"}}, "bs": {"12/31/2020": {"Duration": "12/31/2020", "Total Assets": "3,292,167", "Total Liabilities Net Minority Interest": "2,706,058", "Total Equity Gross Minority Interest": "586,109", "Total Capitalization": "1,277,234", "Common Stock Equity": "582,406", "Capital Lease Obligations": "330,603", "Net Tangible Assets": "-1,116,908", "Working Capital": "-72,475", "Invested Capital": "1,504,276", "Tangible Book Value": "-1,116,908", "Total Debt": "1,252,473", "Net Debt": "765,256", "Share Issued": "40,189", "Ordinary Shares Number": "40,189"}, "12/31/2019": {"Duration": "12/31/2019", "Total Assets": "2,892,714", "Total Liabilities Net Minority Interest": "2,375,415", "Total Equity Gross Minority Interest": "517,299", "Total Capitalization": "1,120,057", "Common Stock Equity": "512,876", "Capital Lease Obligations": "299,090", "Net Tangible Assets": "-913,798", "Working Capital": "-206,209", "Invested Capital": "1,124,280", "Tangible Book Value": "-913,798", "Total Debt": "910,494", "Net Debt": "496,411", "Share Issued": "39,845", "Ordinary Shares Number": "39,845"}, "12/31/2018": {"Duration": "12/31/2018", "Total Assets": "2,357,580", "Total Liabilities Net Minority Interest": "1,965,607", "Total Equity Gross Minority Interest": "391,973", "Total Capitalization": "1,057,842", "Common Stock Equity": "387,553", "Capital Lease Obligations": "-", "Net Tangible Assets": "-998,271", "Working Capital": "-38,388", "Invested Capital": "1,059,676", "Tangible Book Value": "-998,271", "Total Debt": "672,123", "Net Debt": "545,091", "Share Issued": "39,213", "Ordinary Shares Number": "39,213"}}, "cf": {"TTM": {"Duration": "TTM", "Operating Cash Flow": "248,376", "Investing Cash Flow": "-141,035", "Financing Cash Flow": "-84,568", "End Cash Position": "125,863", "Income Tax Paid Supplemental Data": "-", "Interest Paid Supplemental Data": "-", "Capital Expenditure": "-53,707", "Issuance of Debt": "756,767", "Repayment of Debt": "-", "Free Cash Flow": "194,669"}, "12/31/2020": {"Duration": "12/31/2020", "Operating Cash Flow": "166,479", "Investing Cash Flow": "-113,458", "Financing Cash Flow": "1,049", "End Cash Position": "177,533", "Income Tax Paid Supplemental Data": "-", "Interest Paid Supplemental Data": "-", "Capital Expenditure": "-40,353", "Issuance of Debt": "846,121", "Repayment of Debt": "-779,185", "Free Cash Flow": "126,126"}, "12/31/2019": {"Duration": "12/31/2019", "Operating Cash Flow": "310,758", "Investing Cash Flow": "-218,268", "Financing Cash Flow": "-100,988", "End Cash Position": "114,993", "Income Tax Paid Supplemental Data": "-", "Interest Paid Supplemental Data": "-", "Capital Expenditure": "-44,197", "Issuance of Debt": "585,358", "Repayment of Debt": "-644,670", "Free Cash Flow": "266,561"}, "12/31/2018": {"Duration": "12/31/2018", "Operating Cash Flow": "257,488", "Investing Cash Flow": "-628,134", "Financing Cash Flow": "395,228", "End Cash Position": "127,032", "Income Tax Paid Supplemental Data": "-", "Interest Paid Supplemental Data": "-", "Capital Expenditure": "-35,579", "Issuance of Debt": "1,230,693", "Repayment of Debt": "-800,032", "Free Cash Flow": "221,909"}}}}, {"RMAX": {"quote": {"05/12/2021": {"value": "34.72", "Market Cap": "1.092B", "Beta (5Y Monthly)": "1.50", "PE Ratio (TTM)": "68.35", "EPS (TTM)": "0.51", "Earnings Date": "Aug 04, 2021 - Aug 09, 2021", "Forward Dividend & Yield": "0.92 (2.59%)", "Ex-Dividend Date": "May 18, 2021", "1y Target Est": "41.25"}}, "fin": {"TTM": {"Duration": "TTM", "Total Revenue": "266,001", "Cost of Revenue": "64,402", "Gross Profit": "201,599", "Operating Expense": "155,689", "Operating Income": "45,910", "Net Non Operating Interest Income Expense": "-8,883", "Other Income Expense": "-7,904", "Pretax Income": "29,123", "Tax Provision": "9,103", "Net Income Common Stockholders": "10,964", "Diluted NI Available to Com Stockholders": "10,964", "Basic EPS": "-", "Diluted EPS": "-", "Basic Average Shares": "-", "Diluted Average Shares": "-", "Total Operating Income as Reported": "38,008", "Rent Expense Supplemental": "8,861", "Total Expenses": "220,091", "Net Income from Continuing & Discontinued Operation": "10,964", "Normalized Income": "16,394", "Interest Income": "340", "Interest Expense": "9,223", "Net Interest Income": "-8,883", "EBIT": "38,346", "EBITDA": "65,037", "Reconciled Cost of Revenue": "64,402", "Reconciled Depreciation": "26,691", "Net Income from Continuing Operation Net Minority Interest": "10,964", "Total Unusual Items Excluding Goodwill": "-7,904", "Total Unusual Items": "-7,904", "Normalized EBITDA": "72,941", "Tax Rate for Calcs": "0", "Tax Effect of Unusual Items": "-2,474"}, "12/31/2020": {"Duration": "12/31/2020", "Total Revenue": "266,001", "Cost of Revenue": "64,402", "Gross Profit": "201,599", "Operating Expense": "155,689", "Operating Income": "45,910", "Net Non Operating Interest Income Expense": "-8,883", "Other Income Expense": "-7,904", "Pretax Income": "29,123", "Tax Provision": "9,103", "Net Income Common Stockholders": "10,964", "Diluted NI Available to Com Stockholders": "10,964", "Basic EPS": "-", "Diluted EPS": "-", "Basic Average Shares": "-", "Diluted Average Shares": "-", "Total Operating Income as Reported": "38,008", "Rent Expense Supplemental": "8,861", "Total Expenses": "220,091", "Net Income from Continuing & Discontinued Operation": "10,964", "Normalized Income": "16,394", "Interest Income": "340", "Interest Expense": "9,223", "Net Interest Income": "-8,883", "EBIT": "38,346", "EBITDA": "-", "Reconciled Cost of Revenue": "64,402", "Reconciled Depreciation": "26,691", "Net Income from Continuing Operation Net Minority Interest": "10,964", "Total Unusual Items Excluding Goodwill": "-7,904", "Total Unusual Items": "-7,904", "Normalized EBITDA": "72,941", "Tax Rate for Calcs": "0", "Tax Effect of Unusual Items": "-2,474"}, "12/31/2019": {"Duration": "12/31/2019", "Total Revenue": "282,293", "Cost of Revenue": "72,299", "Gross Profit": "209,994", "Operating Expense": "141,213", "Operating Income": "68,781", "Net Non Operating Interest Income Expense": "-10,783", "Other Income Expense": "-233", "Pretax Income": "57,765", "Tax Provision": "10,909", "Net Income Common Stockholders": "25,040", "Diluted NI Available to Com Stockholders": "25,040", "Basic EPS": "1.41", "Diluted EPS": "1.40", "Basic Average Shares": "17,812", "Diluted Average Shares": "17,868", "Total Operating Income as Reported": "68,439", "Rent Expense Supplemental": "8,805", "Total Expenses": "213,512", "Net Income from Continuing & Discontinued Operation": "25,040", "Normalized Income": "25,229", "Interest Income": "1,446", "Interest Expense": "12,229", "Net Interest Income": "-10,783", "EBIT": "69,994", "EBITDA": "-", "Reconciled Cost of Revenue": "72,299", "Reconciled Depreciation": "22,323", "Net Income from Continuing Operation Net Minority Interest": "25,040", "Total Unusual Items Excluding Goodwill": "-233", "Total Unusual Items": "-233", "Normalized EBITDA": "92,550", "Tax Rate for Calcs": "0", "Tax Effect of Unusual Items": "-44.037"}, "12/31/2018": {"Duration": "12/31/2018", "Total Revenue": "212,626", "Cost of Revenue": "-", "Gross Profit": "-", "Operating Expense": "140,857", "Operating Income": "71,769", "Net Non Operating Interest Income Expense": "-11,375", "Other Income Expense": "5,770", "Pretax Income": "66,164", "Tax Provision": "15,799", "Net Income Common Stockholders": "27,044", "Diluted NI Available to Com Stockholders": "27,044", "Basic EPS": "1.52", "Diluted EPS": "1.52", "Basic Average Shares": "17,738", "Diluted Average Shares": "17,767", "Total Operating Income as Reported": "77,851", "Rent Expense Supplemental": "9,104", "Total Expenses": "140,857", "Net Income from Continuing & Discontinued Operation": "27,044", "Normalized Income": "27,329", "Interest Income": "676", "Interest Expense": "12,051", "Net Interest Income": "-11,375", "EBIT": "78,215", "EBITDA": "-", "Reconciled Cost of Revenue": "-", "Reconciled Depreciation": "20,678", "Net Income from Continuing Operation Net Minority Interest": "27,044", "Total Unusual Items Excluding Goodwill": "-375", "Total Unusual Items": "-375", "Normalized EBITDA": "99,268", "Tax Rate for Calcs": "0", "Tax Effect of Unusual Items": "-89.625"}}, "bs": {"12/31/2020": {"Duration": "12/31/2020", "Total Assets": "557,392", "Total Liabilities Net Minority Interest": "444,711", "Total Equity Gross Minority Interest": "112,681", "Total Capitalization": "738,312", "Common Stock Equity": "517,175", "Capital Lease Obligations": "55,966", "Net Tangible Assets": "239,175", "Working Capital": "49,127", "Invested Capital": "740,740", "Tangible Book Value": "239,175", "Total Debt": "279,531", "Net Debt": "122,210", "Share Issued": "30,950", "Ordinary Shares Number": "30,950"}, "12/31/2019": {"Duration": "12/31/2019", "Total Assets": "542,352", "Total Liabilities Net Minority Interest": "443,976", "Total Equity Gross Minority Interest": "98,376", "Total Capitalization": "720,919", "Common Stock Equity": "497,886", "Capital Lease Obligations": "61,061", "Net Tangible Assets": "218,863", "Working Capital": "35,783", "Invested Capital": "723,567", "Tangible Book Value": "218,863", "Total Debt": "286,742", "Net Debt": "142,680", "Share Issued": "30,398", "Ordinary Shares Number": "30,398"}, "12/31/2018": {"Duration": "12/31/2018", "Total Assets": "426,840", "Total Liabilities Net Minority Interest": "347,565", "Total Equity Gross Minority Interest": "79,275", "Total Capitalization": "706,734", "Common Stock Equity": "481,569", "Capital Lease Obligations": "-", "Net Tangible Assets": "204,763", "Working Capital": "40,628", "Invested Capital": "709,356", "Tangible Book Value": "204,763", "Total Debt": "227,787", "Net Debt": "167,813", "Share Issued": "30,314", "Ordinary Shares Number": "30,314"}}, "cf": {"TTM": {"Duration": "TTM", "Operating Cash Flow": "70,847", "Investing Cash Flow": "-17,530", "Financing Cash Flow": "-35,999", "End Cash Position": "121,227", "Income Tax Paid Supplemental Data": "4,993", "Interest Paid Supplemental Data": "8,663", "Capital Expenditure": "-6,903", "Issuance of Debt": "-", "Repayment of Debt": "-2,634", "Free Cash Flow": "63,944"}, "12/31/2020": {"Duration": "12/31/2020", "Operating Cash Flow": "70,847", "Investing Cash Flow": "-17,530", "Financing Cash Flow": "-35,999", "End Cash Position": "121,227", "Income Tax Paid Supplemental Data": "4,993", "Interest Paid Supplemental Data": "8,663", "Capital Expenditure": "-6,903", "Issuance of Debt": "-", "Repayment of Debt": "-2,634", "Free Cash Flow": "63,944"}, "12/31/2019": {"Duration": "12/31/2019", "Operating Cash Flow": "78,975", "Investing Cash Flow": "-876", "Financing Cash Flow": "-34,542", "End Cash Position": "103,601", "Income Tax Paid Supplemental Data": "8,429", "Interest Paid Supplemental Data": "11,690", "Capital Expenditure": "-13,226", "Issuance of Debt": "-", "Repayment of Debt": "-2,622", "Free Cash Flow": "65,749"}, "12/31/2018": {"Duration": "12/31/2018", "Operating Cash Flow": "76,064", "Investing Cash Flow": "-33,675", "Financing Cash Flow": "-33,152", "End Cash Position": "59,974", "Income Tax Paid Supplemental Data": "5,769", "Interest Paid Supplemental Data": "11,525", "Capital Expenditure": "-7,787", "Issuance of Debt": "0", "Repayment of Debt": "-3,171", "Free Cash Flow": "68,277"}}}}, {"KW": {"quote": {"05/12/2021": {"value": "19.06", "Market Cap": "2.683B", "Beta (5Y Monthly)": "1.16", "PE Ratio (TTM)": "27.54", "EPS (TTM)": "0.69", "Earnings Date": "Aug 03, 2021 - Aug 09, 2021", "Forward Dividend & Yield": "0.88 (4.46%)", "Ex-Dividend Date": "Jun 29, 2021", "1y Target Est": "22.00"}}, "fin": {"TTM": {"Duration": "TTM", "Total Revenue": "450,900", "Cost of Revenue": "149,500", "Gross Profit": "301,400", "Operating Expense": "361,400", "Operating Income": "-60,000", "Net Non Operating Interest Income Expense": "-211,200", "Other Income Expense": "422,600", "Pretax Income": "151,400", "Tax Provision": "43,600", "Net Income Common Stockholders": "92,900", "Diluted NI Available to Com Stockholders": "92,900", "Basic EPS": "-", "Diluted EPS": "-", "Basic Average Shares": "-", "Diluted Average Shares": "-", "Total Operating Income as Reported": "-", "Rent Expense Supplemental": "135,700", "Total Expenses": "510,900", "Net Income from Continuing & Discontinued Operation": "110,100", "Normalized Income": "-130,556", "Interest Income": "-", "Interest Expense": "211,200", "Net Interest Income": "-211,200", "EBIT": "362,600", "EBITDA": "542,200", "Reconciled Cost of Revenue": "149,500", "Reconciled Depreciation": "179,600", "Net Income from Continuing Operation Net Minority Interest": "110,100", "Total Unusual Items Excluding Goodwill": "338,000", "Total Unusual Items": "338,000", "Normalized EBITDA": "204,200", "Tax Rate for Calcs": "0", "Tax Effect of Unusual Items": "97,344"}, "12/31/2020": {"Duration": "12/31/2020", "Total Revenue": "450,900", "Cost of Revenue": "149,500", "Gross Profit": "301,400", "Operating Expense": "361,400", "Operating Income": "-60,000", "Net Non Operating Interest Income Expense": "-211,200", "Other Income Expense": "422,600", "Pretax Income": "151,400", "Tax Provision": "43,600", "Net Income Common Stockholders": "92,900", "Diluted NI Available to Com Stockholders": "92,900", "Basic EPS": "-", "Diluted EPS": "-", "Basic Average Shares": "-", "Diluted Average Shares": "-", "Total Operating Income as Reported": "-", "Rent Expense Supplemental": "135,700", "Total Expenses": "510,900", "Net Income from Continuing & Discontinued Operation": "110,100", "Normalized Income": "-130,556", "Interest Income": "-", "Interest Expense": "211,200", "Net Interest Income": "-211,200", "EBIT": "362,600", "EBITDA": "-", "Reconciled Cost of Revenue": "149,500", "Reconciled Depreciation": "179,600", "Net Income from Continuing Operation Net Minority Interest": "110,100", "Total Unusual Items Excluding Goodwill": "338,000", "Total Unusual Items": "338,000", "Normalized EBITDA": "204,200", "Tax Rate for Calcs": "0", "Tax Effect of Unusual Items": "97,344"}, "12/31/2019": {"Duration": "12/31/2019", "Total Revenue": "569,700", "Cost of Revenue": "214,200", "Gross Profit": "355,500", "Operating Expense": "385,600", "Operating Income": "-30,100", "Net Non Operating Interest Income Expense": "-215,100", "Other Income Expense": "607,700", "Pretax Income": "362,500", "Tax Provision": "41,400", "Net Income Common Stockholders": "223,800", "Diluted NI Available to Com Stockholders": "223,800", "Basic EPS": "1.60", "Diluted EPS": "1.58", "Basic Average Shares": "139,730", "Diluted Average Shares": "141,501", "Total Operating Income as Reported": "-", "Rent Expense Supplemental": "152,900", "Total Expenses": "599,800", "Net Income from Continuing & Discontinued Operation": "226,700", "Normalized Income": "-152,154", "Interest Income": "-", "Interest Expense": "215,100", "Net Interest Income": "-215,100", "EBIT": "577,600", "EBITDA": "-", "Reconciled Cost of Revenue": "214,200", "Reconciled Depreciation": "187,600", "Net Income from Continuing Operation Net Minority Interest": "226,700", "Total Unusual Items Excluding Goodwill": "427,600", "Total Unusual Items": "427,600", "Normalized EBITDA": "337,600", "Tax Rate for Calcs": "0", "Tax Effect of Unusual Items": "48,746"}, "12/31/2018": {"Duration": "12/31/2018", "Total Revenue": "773,500", "Cost of Revenue": "334,800", "Gross Profit": "438,700", "Operating Expense": "431,600", "Operating Income": "7,100", "Net Non Operating Interest Income Expense": "-238,200", "Other Income Expense": "501,200", "Pretax Income": "270,100", "Tax Provision": "58,000", "Net Income Common Stockholders": "149,100", "Diluted NI Available to Com Stockholders": "149,100", "Basic EPS": "1.04", "Diluted EPS": "1.04", "Basic Average Shares": "142,895", "Diluted Average Shares": "144,753", "Total Operating Income as Reported": "-", "Rent Expense Supplemental": "160,800", "Total Expenses": "766,400", "Net Income from Continuing & Discontinued Operation": "150,000", "Normalized Income": "-172,242", "Interest Income": "0", "Interest Expense": "238,200", "Net Interest Income": "-238,200", "EBIT": "508,300", "EBITDA": "-", "Reconciled Cost of Revenue": "334,800", "Reconciled Depreciation": "206,100", "Net Income from Continuing Operation Net Minority Interest": "150,000", "Total Unusual Items Excluding Goodwill": "410,500", "Total Unusual Items": "410,500", "Normalized EBITDA": "303,900", "Tax Rate for Calcs": "0", "Tax Effect of Unusual Items": "88,258"}}, "bs": {"12/31/2020": {"Duration": "12/31/2020", "Total Assets": "7,329,000", "Total Liabilities Net Minority Interest": "5,656,300", "Total Equity Gross Minority Interest": "1,672,700", "Total Capitalization": "6,739,000", "Preferred Stock Equity": "295,200", "Common Stock Equity": "1,349,300", "Net Tangible Assets": "1,605,600", "Working Capital": "524,800", "Invested Capital": "6,443,800", "Tangible Book Value": "1,310,400", "Total Debt": "5,094,500", "Net Debt": "4,129,400", "Share Issued": "141,365", "Ordinary Shares Number": "141,365", "Preferred Shares Number": "-"}, "12/31/2019": {"Duration": "12/31/2019", "Total Assets": "7,304,500", "Total Liabilities Net Minority Interest": "5,585,300", "Total Equity Gross Minority Interest": "1,719,200", "Total Capitalization": "6,725,600", "Preferred Stock Equity": "295,200", "Common Stock Equity": "1,383,500", "Net Tangible Assets": "1,628,700", "Working Capital": "163,600", "Invested Capital": "6,430,400", "Tangible Book Value": "1,333,500", "Total Debt": "5,046,900", "Net Debt": "4,473,000", "Share Issued": "142,283", "Ordinary Shares Number": "142,283", "Preferred Shares Number": "132.55"}, "12/31/2018": {"Duration": "12/31/2018", "Total Assets": "7,357,100", "Total Liabilities Net Minority Interest": "5,925,900", "Total Equity Gross Minority Interest": "1,431,200", "Total Capitalization": "6,659,500", "Preferred Stock Equity": "-", "Common Stock Equity": "1,246,700", "Net Tangible Assets": "1,185,600", "Working Capital": "121,400", "Invested Capital": "6,659,500", "Tangible Book Value": "1,185,600", "Total Debt": "5,412,800", "Net Debt": "4,924,800", "Share Issued": "143,205", "Ordinary Shares Number": "143,205", "Preferred Shares Number": "-"}}, "cf": {"TTM": {"Duration": "TTM", "Operating Cash Flow": "-12,600", "Investing Cash Flow": "590,800", "Financing Cash Flow": "-206,600", "End Cash Position": "965,100", "Income Tax Paid Supplemental Data": "12,600", "Interest Paid Supplemental Data": "209,700", "Capital Expenditure": "-194,100", "Issuance of Capital Stock": "0", "Issuance of Debt": "497,600", "Repayment of Debt": "-487,100", "Repurchase of Capital Stock": "-57,400", "Free Cash Flow": "-206,700"}, "12/31/2020": {"Duration": "12/31/2020", "Operating Cash Flow": "-12,600", "Investing Cash Flow": "590,800", "Financing Cash Flow": "-206,600", "End Cash Position": "965,100", "Income Tax Paid Supplemental Data": "12,600", "Interest Paid Supplemental Data": "209,700", "Capital Expenditure": "-194,100", "Issuance of Capital Stock": "0", "Issuance of Debt": "497,600", "Repayment of Debt": "-487,100", "Repurchase of Capital Stock": "-57,400", "Free Cash Flow": "-206,700"}, "12/31/2019": {"Duration": "12/31/2019", "Operating Cash Flow": "-19,500", "Investing Cash Flow": "182,300", "Financing Cash Flow": "-85,800", "End Cash Position": "573,900", "Income Tax Paid Supplemental Data": "20,600", "Interest Paid Supplemental Data": "211,100", "Capital Expenditure": "-191,100", "Issuance of Capital Stock": "295,200", "Issuance of Debt": "613,600", "Repayment of Debt": "-602,600", "Repurchase of Capital Stock": "-20,700", "Free Cash Flow": "-210,600"}, "12/31/2018": {"Duration": "12/31/2018", "Operating Cash Flow": "93,100", "Investing Cash Flow": "593,100", "Financing Cash Flow": "-528,800", "End Cash Position": "488,000", "Income Tax Paid Supplemental Data": "6,600", "Interest Paid Supplemental Data": "225,300", "Capital Expenditure": "-", "Issuance of Capital Stock": "-", "Issuance of Debt": "1,196,600", "Repayment of Debt": "-1,316,800", "Repurchase of Capital Stock": "-177,900", "Free Cash Flow": "93,100"}}}}, {"LEJU": {"quote": {"05/12/2021": {"value": "2.0400", "Market Cap": "278.282M", "Beta (5Y Monthly)": "0.81", "PE Ratio (TTM)": "14.57", "EPS (TTM)": "0.1400", "Earnings Date": "Mar 26, 2021", "Forward Dividend & Yield": "N/A (N/A)", "Ex-Dividend Date": "Apr 08, 2015", "1y Target Est": "N/A"}}, "fin": {"TTM": {"Duration": "TTM", "Total Revenue": "719,526", "Cost of Revenue": "73,762", "Gross Profit": "645,764", "Operating Expense": "621,645", "Operating Income": "24,119", "Net Non Operating Interest Income Expense": "7,269", "Other Income Expense": "300.056", "Pretax Income": "31,687", "Tax Provision": "10,665", "Earnings from Equity Interest Net of Tax": "-23.859", "Net Income Common Stockholders": "19,302", "Diluted NI Available to Com Stockholders": "19,302", "Basic EPS": "-", "Diluted EPS": "-", "Basic Average Shares": "-", "Diluted Average Shares": "-", "Total Operating Income as Reported": "24,119", "Total Expenses": "695,407", "Net Income from Continuing & Discontinued Operation": "19,302", "Normalized Income": "19,270", "Interest Income": "7,269", "Net Interest Income": "7,269", "EBIT": "24,119", "EBITDA": "38,457", "Reconciled Cost of Revenue": "73,762", "Reconciled Depreciation": "14,339", "Net Income from Continuing Operation Net Minority Interest": "19,302", "Total Unusual Items Excluding Goodwill": "48.887", "Total Unusual Items": "48.887", "Normalized EBITDA": "38,408", "Tax Rate for Calcs": "0", "Tax Effect of Unusual Items": "16.4554"}, "12/31/2020": {"Duration": "12/31/2020", "Total Revenue": "719,526", "Cost of Revenue": "73,762", "Gross Profit": "645,764", "Operating Expense": "621,645", "Operating Income": "24,119", "Net Non Operating Interest Income Expense": "7,269", "Other Income Expense": "300.056", "Pretax Income": "31,687", "Tax Provision": "10,665", "Earnings from Equity Interest Net of Tax": "-23.859", "Net Income Common Stockholders": "19,302", "Diluted NI Available to Com Stockholders": "19,302", "Basic EPS": "-", "Diluted EPS": "-", "Basic Average Shares": "-", "Diluted Average Shares": "-", "Total Operating Income as Reported": "24,119", "Total Expenses": "695,407", "Net Income from Continuing & Discontinued Operation": "19,302", "Normalized Income": "19,270", "Interest Income": "7,269", "Net Interest Income": "7,269", "EBIT": "24,119", "EBITDA": "-", "Reconciled Cost of Revenue": "73,762", "Reconciled Depreciation": "14,339", "Net Income from Continuing Operation Net Minority Interest": "19,302", "Total Unusual Items Excluding Goodwill": "48.887", "Total Unusual Items": "48.887", "Normalized EBITDA": "38,408", "Tax Rate for Calcs": "0", "Tax Effect of Unusual Items": "16.4554"}, "12/31/2019": {"Duration": "12/31/2019", "Total Revenue": "692,605", "Cost of Revenue": "68,298", "Gross Profit": "624,307", "Operating Expense": "606,567", "Operating Income": "17,740", "Net Non Operating Interest Income Expense": "151.931", "Other Income Expense": "1,979", "Pretax Income": "19,871", "Tax Provision": "8,990", "Earnings from Equity Interest Net of Tax": "-9.07", "Net Income Common Stockholders": "11,522", "Diluted NI Available to Com Stockholders": "11,522", "Basic EPS": "0.08", "Diluted EPS": "0.08", "Basic Average Shares": "135,771", "Diluted Average Shares": "135,812", "Total Operating Income as Reported": "17,740", "Total Expenses": "674,865", "Net Income from Continuing & Discontinued Operation": "11,522", "Normalized Income": "10,227", "Interest Income": "151.931", "Net Interest Income": "151.931", "EBIT": "17,740", "EBITDA": "-", "Reconciled Cost of Revenue": "68,298", "Reconciled Depreciation": "15,158", "Net Income from Continuing Operation Net Minority Interest": "11,522", "Total Unusual Items Excluding Goodwill": "1,727", "Total Unusual Items": "1,727", "Normalized EBITDA": "31,172", "Tax Rate for Calcs": "0", "Tax Effect of Unusual Items": "431.6983"}, "12/31/2018": {"Duration": "12/31/2018", "Total Revenue": "462,031", "Cost of Revenue": "72,910", "Gross Profit": "389,121", "Operating Expense": "400,095", "Operating Income": "-10,974", "Net Non Operating Interest Income Expense": "1,086", "Other Income Expense": "-4,219", "Pretax Income": "-14,107", "Tax Provision": "-1,334", "Earnings from Equity Interest Net of Tax": "-78.634", "Net Income Common Stockholders": "-13,481", "Diluted NI Available to Com Stockholders": "-13,481", "Basic EPS": "-0.10", "Diluted EPS": "-0.10", "Basic Average Shares": "135,764", "Diluted Average Shares": "135,764", "Total Operating Income as Reported": "-10,974", "Total Expenses": "473,004", "Net Income from Continuing & Discontinued Operation": "-13,481", "Normalized Income": "-9,490", "Interest Income": "1,086", "Net Interest Income": "1,086", "EBIT": "-10,974", "EBITDA": "-", "Reconciled Cost of Revenue": "72,910", "Reconciled Depreciation": "15,705", "Net Income from Continuing Operation Net Minority Interest": "-13,481", "Total Unusual Items Excluding Goodwill": "-4,407", "Total Unusual Items": "-4,407", "Normalized EBITDA": "9,139", "Tax Rate for Calcs": "0", "Tax Effect of Unusual Items": "-416.9365"}}, "bs": {"12/31/2020": {"Duration": "12/31/2020", "Total Assets": "641,961", "Total Liabilities Net Minority Interest": "347,176", "Total Equity Gross Minority Interest": "294,785", "Total Capitalization": "295,927", "Common Stock Equity": "295,927", "Capital Lease Obligations": "27,188", "Net Tangible Assets": "261,714", "Working Capital": "205,817", "Invested Capital": "295,927", "Tangible Book Value": "261,714", "Total Debt": "27,188", "Share Issued": "136,326", "Ordinary Shares Number": "136,326"}, "12/31/2019": {"Duration": "12/31/2019", "Total Assets": "524,480", "Total Liabilities Net Minority Interest": "272,121", "Total Equity Gross Minority Interest": "252,359", "Total Capitalization": "255,401", "Common Stock Equity": "255,401", "Capital Lease Obligations": "28,055", "Net Tangible Assets": "209,820", "Working Capital": "145,687", "Invested Capital": "255,401", "Tangible Book Value": "209,820", "Total Debt": "28,055", "Share Issued": "135,813", "Ordinary Shares Number": "135,813"}, "12/31/2018": {"Duration": "12/31/2018", "Total Assets": "416,727", "Total Liabilities Net Minority Interest": "175,161", "Total Equity Gross Minority Interest": "241,566", "Total Capitalization": "244,089", "Common Stock Equity": "244,089", "Capital Lease Obligations": "-", "Net Tangible Assets": "186,688", "Working Capital": "120,170", "Invested Capital": "244,089", "Tangible Book Value": "186,688", "Total Debt": "-", "Share Issued": "135,764", "Ordinary Shares Number": "135,764"}}, "cf": {"TTM": {"Duration": "TTM", "Operating Cash Flow": "108,495", "Investing Cash Flow": "101.771", "Financing Cash Flow": "540.26", "End Cash Position": "285,707", "Income Tax Paid Supplemental Data": "-", "Capital Expenditure": "-1,553", "Issuance of Debt": "-", "Repayment of Debt": "-", "Free Cash Flow": "106,942"}, "12/31/2020": {"Duration": "12/31/2020", "Operating Cash Flow": "108,495", "Investing Cash Flow": "101.771", "Financing Cash Flow": "540.26", "End Cash Position": "285,707", "Income Tax Paid Supplemental Data": "-", "Capital Expenditure": "-1,553", "Issuance of Debt": "-", "Repayment of Debt": "-", "Free Cash Flow": "106,942"}, "12/31/2019": {"Duration": "12/31/2019", "Operating Cash Flow": "19,696", "Investing Cash Flow": "-5,561", "Financing Cash Flow": "40.545", "End Cash Position": "159,012", "Income Tax Paid Supplemental Data": "386.563", "Capital Expenditure": "-7,969", "Issuance of Debt": "-", "Repayment of Debt": "0", "Free Cash Flow": "11,727"}, "12/31/2018": {"Duration": "12/31/2018", "Operating Cash Flow": "1,692", "Investing Cash Flow": "806.164", "Financing Cash Flow": "0", "End Cash Position": "147,263", "Income Tax Paid Supplemental Data": "3,088", "Capital Expenditure": "-946.967", "Issuance of Debt": "0", "Repayment of Debt": "0", "Free Cash Flow": "745.334"}}}}, {"JLL": {"quote": {"05/12/2021": {"value": "198.13", "Market Cap": "10.165B", "Beta (5Y Monthly)": "1.41", "PE Ratio (TTM)": "20.68", "EPS (TTM)": "9.58", "Earnings Date": "Aug 04, 2021 - Aug 09, 2021", "Forward Dividend & Yield": "N/A (N/A)", "Ex-Dividend Date": "Nov 14, 2019", "1y Target Est": "189.00"}}, "fin": {"TTM": {"Duration": "TTM", "Total Revenue": "16,531,000", "Cost of Revenue": "7,734,300", "Gross Profit": "8,796,700", "Operating Expense": "8,076,000", "Operating Income": "720,700", "Net Non Operating Interest Income Expense": "-48,600", "Other Income Expense": "-34,500", "Pretax Income": "637,600", "Tax Provision": "130,100", "Net Income Common Stockholders": "500,200", "Diluted NI Available to Com Stockholders": "500,200", "Basic EPS": "-", "Diluted EPS": "-", "Basic Average Shares": "-", "Diluted Average Shares": "-", "Total Operating Income as Reported": "575,200", "Total Expenses": "15,810,300", "Net Income from Continuing & Discontinued Operation": "500,200", "Normalized Income": "616,011", "Interest Expense": "-", "Net Interest Income": "-48,600", "EBIT": "720,700", "EBITDA": "945,100", "Reconciled Cost of Revenue": "7,734,300", "Reconciled Depreciation": "224,400", "Net Income from Continuing Operation Net Minority Interest": "500,200", "Total Unusual Items Excluding Goodwill": "-145,500", "Total Unusual Items": "-145,500", "Normalized EBITDA": "1,090,600", "Tax Rate for Calcs": "0", "Tax Effect of Unusual Items": "-29,689"}, "12/31/2020": {"Duration": "12/31/2020", "Total Revenue": "16,589,900", "Cost of Revenue": "7,689,800", "Gross Profit": "8,900,100", "Operating Expense": "8,198,600", "Operating Income": "701,500", "Net Non Operating Interest Income Expense": "-52,800", "Other Income Expense": "-119,100", "Pretax Income": "529,600", "Tax Provision": "106,900", "Net Income Common Stockholders": "402,500", "Diluted NI Available to Com Stockholders": "402,500", "Basic EPS": "-", "Diluted EPS": "-", "Basic Average Shares": "-", "Diluted Average Shares": "-", "Total Operating Income as Reported": "559,100", "Total Expenses": "15,888,400", "Net Income from Continuing & Discontinued Operation": "402,500", "Normalized Income": "516,135", "Interest Expense": "52,800", "Net Interest Income": "-52,800", "EBIT": "701,500", "EBITDA": "-", "Reconciled Cost of Revenue": "7,689,800", "Reconciled Depreciation": "226,400", "Net Income from Continuing Operation Net Minority Interest": "402,500", "Total Unusual Items Excluding Goodwill": "-142,400", "Total Unusual Items": "-142,400", "Normalized EBITDA": "1,070,300", "Tax Rate for Calcs": "0", "Tax Effect of Unusual Items": "-28,765"}, "12/31/2019": {"Duration": "12/31/2019", "Total Revenue": "17,983,200", "Cost of Revenue": "7,952,600", "Gross Profit": "10,030,600", "Operating Expense": "9,130,800", "Operating Income": "899,800", "Net Non Operating Interest Income Expense": "-56,400", "Other Income Expense": "-145,800", "Pretax Income": "697,600", "Tax Provision": "159,700", "Net Income Common Stockholders": "534,400", "Diluted NI Available to Com Stockholders": "534,400", "Basic EPS": "10.98", "Diluted EPS": "10.87", "Basic Average Shares": "48,647", "Diluted Average Shares": "49,154", "Total Operating Income as Reported": "715,400", "Total Expenses": "17,083,400", "Net Income from Continuing & Discontinued Operation": "535,300", "Normalized Income": "677,472", "Interest Expense": "56,400", "Net Interest Income": "-56,400", "EBIT": "899,800", "EBITDA": "-", "Reconciled Cost of Revenue": "7,952,600", "Reconciled Depreciation": "202,400", "Net Income from Continuing Operation Net Minority Interest": "535,300", "Total Unusual Items Excluding Goodwill": "-184,400", "Total Unusual Items": "-184,400", "Normalized EBITDA": "1,286,600", "Tax Rate for Calcs": "0", "Tax Effect of Unusual Items": "-42,228"}, "12/31/2018": {"Duration": "12/31/2018", "Total Revenue": "16,318,400", "Cost of Revenue": "7,228,900", "Gross Profit": "9,089,500", "Operating Expense": "8,343,800", "Operating Income": "745,700", "Net Non Operating Interest Income Expense": "-51,100", "Other Income Expense": "11,400", "Pretax Income": "706,000", "Tax Provision": "214,300", "Net Income Common Stockholders": "484,100", "Diluted NI Available to Com Stockholders": "484,100", "Basic EPS": "10.64", "Diluted EPS": "10.54", "Basic Average Shares": "45,517", "Diluted Average Shares": "45,931", "Total Operating Income as Reported": "706,900", "Total Expenses": "15,572,700", "Net Income from Continuing & Discontinued Operation": "484,500", "Normalized Income": "511,505", "Interest Expense": "51,100", "Net Interest Income": "-51,100", "EBIT": "745,700", "EBITDA": "-", "Reconciled Cost of Revenue": "7,228,900", "Reconciled Depreciation": "186,100", "Net Income from Continuing Operation Net Minority Interest": "484,500", "Total Unusual Items Excluding Goodwill": "-38,800", "Total Unusual Items": "-38,800", "Normalized EBITDA": "970,600", "Tax Rate for Calcs": "0", "Tax Effect of Unusual Items": "-11,795"}}, "bs": {"12/31/2020": {"Duration": "12/31/2020", "Total Assets": "14,316,500", "Total Liabilities Net Minority Interest": "8,706,500", "Total Equity Gross Minority Interest": "5,610,000", "Total Capitalization": "6,214,100", "Common Stock Equity": "5,520,800", "Capital Lease Obligations": "849,600", "Net Tangible Assets": "616,300", "Working Capital": "325,900", "Invested Capital": "7,774,500", "Tangible Book Value": "616,300", "Total Debt": "3,103,300", "Net Debt": "1,679,400", "Share Issued": "51,970", "Ordinary Shares Number": "51,105", "Treasury Shares Number": "864.89"}, "12/31/2019": {"Duration": "12/31/2019", "Total Assets": "13,672,600", "Total Liabilities Net Minority Interest": "8,467,900", "Total Equity Gross Minority Interest": "5,204,700", "Total Capitalization": "6,295,400", "Common Stock Equity": "5,118,100", "Capital Lease Obligations": "904,600", "Net Tangible Assets": "267,300", "Working Capital": "378,400", "Invested Capital": "6,931,400", "Tangible Book Value": "267,300", "Total Debt": "2,717,900", "Net Debt": "1,361,400", "Share Issued": "51,550", "Ordinary Shares Number": "51,550", "Treasury Shares Number": "-"}, "12/31/2018": {"Duration": "12/31/2018", "Total Assets": "10,025,500", "Total Liabilities Net Minority Interest": "6,291,000", "Total Equity Gross Minority Interest": "3,734,500", "Total Capitalization": "4,347,100", "Common Stock Equity": "3,691,500", "Capital Lease Obligations": "-", "Net Tangible Assets": "656,800", "Working Capital": "444,200", "Invested Capital": "4,697,700", "Tangible Book Value": "656,800", "Total Debt": "1,006,200", "Net Debt": "525,300", "Share Issued": "45,599", "Ordinary Shares Number": "45,599", "Treasury Shares Number": "-"}}, "cf": {"TTM": {"Duration": "TTM", "Operating Cash Flow": "1,199,000", "Investing Cash Flow": "-177,900", "Financing Cash Flow": "-1,277,800", "End Cash Position": "621,000", "Income Tax Paid Supplemental Data": "-", "Interest Paid Supplemental Data": "-", "Capital Expenditure": "-", "Issuance of Debt": "-", "Repayment of Debt": "-", "Repurchase of Capital Stock": "-", "Free Cash Flow": "1,094,000"}, "12/31/2020": {"Duration": "12/31/2020", "Operating Cash Flow": "1,114,700", "Investing Cash Flow": "-170,600", "Financing Cash Flow": "-771,200", "End Cash Position": "839,800", "Income Tax Paid Supplemental Data": "138,500", "Interest Paid Supplemental Data": "50,200", "Capital Expenditure": "-149,400", "Issuance of Debt": "5,217,000", "Repayment of Debt": "-5,806,300", "Repurchase of Capital Stock": "-123,500", "Free Cash Flow": "965,300"}, "12/31/2019": {"Duration": "12/31/2019", "Operating Cash Flow": "483,800", "Investing Cash Flow": "-1,049,700", "Financing Cash Flow": "584,600", "End Cash Position": "652,100", "Income Tax Paid Supplemental Data": "280,800", "Interest Paid Supplemental Data": "58,500", "Capital Expenditure": "-187,800", "Issuance of Debt": "5,864,000", "Repayment of Debt": "-5,339,000", "Repurchase of Capital Stock": "-13,600", "Free Cash Flow": "296,000"}, "12/31/2018": {"Duration": "12/31/2018", "Operating Cash Flow": "604,100", "Investing Cash Flow": "-280,400", "Financing Cash Flow": "-141,300", "End Cash Position": "634,200", "Income Tax Paid Supplemental Data": "153,400", "Interest Paid Supplemental Data": "49,200", "Capital Expenditure": "-161,900", "Issuance of Debt": "3,145,000", "Repayment of Debt": "-3,145,000", "Repurchase of Capital Stock": "-12,400", "Free Cash Flow": "442,200"}}}}, {"MAYS": {"quote": {"05/12/2021": {"value": "28.08", "Market Cap": "56.603M", "Beta (5Y Monthly)": "-0.17", "PE Ratio (TTM)": "N/A", "EPS (TTM)": "-0.72", "Earnings Date": "Dec 09, 2020", "Forward Dividend & Yield": "N/A (N/A)", "Ex-Dividend Date": "N/A", "1y Target Est": "N/A"}}, "fin": {"TTM": {"Duration": "TTM", "Total Revenue": "19,339", "Cost of Revenue": "14,375", "Gross Profit": "4,963", "Operating Expense": "6,840", "Operating Income": "-1,877", "Net Non Operating Interest Income Expense": "-308.1", "Other Income Expense": "159.251", "Pretax Income": "-2,026", "Tax Provision": "-579", "Net Income Common Stockholders": "-1,447", "Diluted NI Available to Com Stockholders": "-1,447", "Basic EPS": "-", "Diluted EPS": "-", "Basic Average Shares": "-", "Diluted Average Shares": "-", "Total Operating Income as Reported": "-1,877", "Total Expenses": "21,216", "Net Income from Continuing & Discontinued Operation": "-1,447", "Normalized Income": "-1,561", "Interest Income": "7.69", "Interest Expense": "315.79", "Net Interest Income": "-308.1", "EBIT": "-1,710", "EBITDA": "58.327", "Reconciled Cost of Revenue": "14,375", "Reconciled Depreciation": "1,768", "Net Income from Continuing Operation Net Minority Interest": "-1,447", "Total Unusual Items Excluding Goodwill": "159.251", "Total Unusual Items": "159.251", "Normalized EBITDA": "-100.924", "Tax Rate for Calcs": "0", "Tax Effect of Unusual Items": "45.516"}, "7/31/2020": {"Duration": "7/31/2020", "Total Revenue": "19,532", "Cost of Revenue": "14,025", "Gross Profit": "5,507", "Operating Expense": "6,747", "Operating Income": "-1,239", "Net Non Operating Interest Income Expense": "-182.075", "Other Income Expense": "160.487", "Pretax Income": "-1,261", "Tax Provision": "-355", "Net Income Common Stockholders": "-906.005", "Diluted NI Available to Com Stockholders": "-906.005", "Basic EPS": "-0.45", "Diluted EPS": "-0.45", "Basic Average Shares": "2,016", "Diluted Average Shares": "2,016", "Total Operating Income as Reported": "-1,239", "Total Expenses": "20,771", "Net Income from Continuing & Discontinued Operation": "-906.005", "Normalized Income": "-1,021", "Interest Income": "20.446", "Interest Expense": "202.521", "Net Interest Income": "-182.075", "EBIT": "-1,058", "EBITDA": "-", "Reconciled Cost of Revenue": "14,025", "Reconciled Depreciation": "1,661", "Net Income from Continuing Operation Net Minority Interest": "-906.005", "Total Unusual Items Excluding Goodwill": "160.487", "Total Unusual Items": "160.487", "Normalized EBITDA": "442.309", "Tax Rate for Calcs": "0", "Tax Effect of Unusual Items": "45.1805"}, "7/31/2019": {"Duration": "7/31/2019", "Total Revenue": "20,478", "Cost of Revenue": "11,231", "Gross Profit": "9,247", "Operating Expense": "7,429", "Operating Income": "1,818", "Net Non Operating Interest Income Expense": "-143.67", "Other Income Expense": "430.731", "Pretax Income": "2,105", "Tax Provision": "590", "Net Income Common Stockholders": "1,515", "Diluted NI Available to Com Stockholders": "1,515", "Basic EPS": "0.75", "Diluted EPS": "0.75", "Basic Average Shares": "2,016", "Diluted Average Shares": "2,016", "Total Operating Income as Reported": "-", "Total Expenses": "18,660", "Net Income from Continuing & Discontinued Operation": "1,515", "Normalized Income": "1,205", "Interest Income": "56.918", "Interest Expense": "200.588", "Net Interest Income": "-143.67", "EBIT": "2,305", "EBITDA": "-", "Reconciled Cost of Revenue": "11,231", "Reconciled Depreciation": "1,961", "Net Income from Continuing Operation Net Minority Interest": "1,515", "Total Unusual Items Excluding Goodwill": "430.731", "Total Unusual Items": "430.731", "Normalized EBITDA": "3,836", "Tax Rate for Calcs": "0", "Tax Effect of Unusual Items": "120.7389"}, "7/31/2018": {"Duration": "7/31/2018", "Total Revenue": "19,301", "Cost of Revenue": "11,074", "Gross Profit": "8,226", "Operating Expense": "6,374", "Operating Income": "1,853", "Net Non Operating Interest Income Expense": "-208.06", "Other Income Expense": "85.549", "Pretax Income": "1,730", "Tax Provision": "-1,244", "Net Income Common Stockholders": "2,974", "Diluted NI Available to Com Stockholders": "2,974", "Basic EPS": "1.48", "Diluted EPS": "1.48", "Basic Average Shares": "2,016", "Diluted Average Shares": "2,016", "Total Operating Income as Reported": "-", "Total Expenses": "17,448", "Net Income from Continuing & Discontinued Operation": "2,974", "Normalized Income": "2,912", "Interest Income": "25.414", "Interest Expense": "233.474", "Net Interest Income": "-208.06", "EBIT": "1,964", "EBITDA": "-", "Reconciled Cost of Revenue": "11,074", "Reconciled Depreciation": "1,776", "Net Income from Continuing Operation Net Minority Interest": "2,974", "Total Unusual Items Excluding Goodwill": "85.549", "Total Unusual Items": "85.549", "Normalized EBITDA": "3,654", "Tax Rate for Calcs": "0", "Tax Effect of Unusual Items": "23.0982"}}, "bs": {"7/31/2020": {"Duration": "7/31/2020", "Total Assets": "100,420", "Total Liabilities Net Minority Interest": "46,718", "Total Equity Gross Minority Interest": "53,702", "Total Capitalization": "63,053", "Common Stock Equity": "53,702", "Capital Lease Obligations": "29,045", "Net Tangible Assets": "53,702", "Working Capital": "9,821", "Invested Capital": "63,053", "Tangible Book Value": "53,702", "Total Debt": "38,396", "Net Debt": "6,091", "Share Issued": "2,178", "Ordinary Shares Number": "2,016", "Treasury Shares Number": "162.517"}, "7/31/2019": {"Duration": "7/31/2019", "Total Assets": "68,789", "Total Liabilities Net Minority Interest": "14,181", "Total Equity Gross Minority Interest": "54,608", "Total Capitalization": "54,608", "Common Stock Equity": "54,608", "Capital Lease Obligations": "-", "Net Tangible Assets": "54,608", "Working Capital": "1,814", "Invested Capital": "59,895", "Tangible Book Value": "54,608", "Total Debt": "5,287", "Net Debt": "1,170", "Share Issued": "2,178", "Ordinary Shares Number": "2,016", "Treasury Shares Number": "162.517"}, "7/31/2018": {"Duration": "7/31/2018", "Total Assets": "66,562", "Total Liabilities Net Minority Interest": "13,469", "Total Equity Gross Minority Interest": "53,093", "Total Capitalization": "58,357", "Common Stock Equity": "53,093", "Capital Lease Obligations": "-", "Net Tangible Assets": "53,093", "Working Capital": "7,011", "Invested Capital": "58,526", "Tangible Book Value": "53,093", "Total Debt": "5,433", "Net Debt": "177.713", "Share Issued": "2,178", "Ordinary Shares Number": "2,016", "Treasury Shares Number": "162.517"}}, "cf": {"TTM": {"Duration": "TTM", "Operating Cash Flow": "-682.237", "Investing Cash Flow": "-4,528", "Financing Cash Flow": "3,562", "End Cash Position": "2,406", "Capital Expenditure": "-4,435", "Issuance of Debt": "4,867", "Repayment of Debt": "-1,047", "Free Cash Flow": "-5,118"}, "7/31/2020": {"Duration": "7/31/2020", "Operating Cash Flow": "1,571", "Investing Cash Flow": "-6,462", "Financing Cash Flow": "4,032", "End Cash Position": "4,404", "Capital Expenditure": "-6,361", "Issuance of Debt": "4,867", "Repayment of Debt": "-603.068", "Free Cash Flow": "-4,791"}, "7/31/2019": {"Duration": "7/31/2019", "Operating Cash Flow": "3,424", "Investing Cash Flow": "-4,411", "Financing Cash Flow": "-629.557", "End Cash Position": "5,264", "Capital Expenditure": "-4,297", "Issuance of Debt": "-", "Repayment of Debt": "-168.501", "Free Cash Flow": "-872.987"}, "7/31/2018": {"Duration": "7/31/2018", "Operating Cash Flow": "3,227", "Investing Cash Flow": "-3,498", "Financing Cash Flow": "144.906", "End Cash Position": "5,255", "Capital Expenditure": "-3,084", "Issuance of Debt": "-", "Repayment of Debt": "-162.568", "Free Cash Flow": "143.034"}}}}, {"LMRK": {"quote": {"05/12/2021": {"value": "11.70", "Market Cap": "301.252M", "Beta (5Y Monthly)": "1.02", "PE Ratio (TTM)": "18.08", "EPS (TTM)": "0.65", "Earnings Date": "Aug 04, 2021 - Aug 09, 2021", "Forward Dividend & Yield": "0.80 (6.77%)", "Ex-Dividend Date": "May 03, 2021", "1y Target Est": "13.00"}}, "fin": {"TTM": {"Duration": "TTM", "Total Revenue": "58,839", "Cost of Revenue": "1,879", "Gross Profit": "56,960", "Operating Expense": "21,209", "Operating Income": "35,751", "Net Non Operating Interest Income Expense": "-16,823", "Other Income Expense": "-7,580", "Pretax Income": "11,348", "Tax Provision": "-430", "Net Income Common Stockholders": "16,487", "Average Dilution Earnings": "0", "Diluted NI Available to Com Stockholders": "16,487", "Basic EPS": "-", "Diluted EPS": "-", "Basic Average Shares": "-", "Diluted Average Shares": "-", "Total Operating Income as Reported": "-", "Total Expenses": "23,088", "Net Income from Continuing & Discontinued Operation": "29,086", "Normalized Income": "18,178", "Interest Income": "450", "Interest Expense": "17,273", "Net Interest Income": "-16,823", "EBIT": "28,621", "EBITDA": "45,623", "Reconciled Cost of Revenue": "1,343", "Reconciled Depreciation": "17,002", "Net Income from Continuing Operation Net Minority Interest": "11,746", "Total Unusual Items Excluding Goodwill": "-8,811", "Total Unusual Items": "-8,811", "Normalized EBITDA": "54,434", "Tax Rate for Calcs": "0", "Tax Effect of Unusual Items": "-2,379"}, "12/31/2020": {"Duration": "12/31/2020", "Total Revenue": "58,839", "Cost of Revenue": "1,879", "Gross Profit": "56,960", "Operating Expense": "21,209", "Operating Income": "35,751", "Net Non Operating Interest Income Expense": "-16,823", "Other Income Expense": "-7,580", "Pretax Income": "11,348", "Tax Provision": "-430", "Net Income Common Stockholders": "16,487", "Average Dilution Earnings": "-", "Diluted NI Available to Com Stockholders": "16,487", "Basic EPS": "-", "Diluted EPS": "-", "Basic Average Shares": "-", "Diluted Average Shares": "-", "Total Operating Income as Reported": "-", "Total Expenses": "23,088", "Net Income from Continuing & Discontinued Operation": "29,086", "Normalized Income": "18,178", "Interest Income": "450", "Interest Expense": "17,273", "Net Interest Income": "-16,823", "EBIT": "28,621", "EBITDA": "-", "Reconciled Cost of Revenue": "1,343", "Reconciled Depreciation": "17,002", "Net Income from Continuing Operation Net Minority Interest": "11,746", "Total Unusual Items Excluding Goodwill": "-8,811", "Total Unusual Items": "-8,811", "Normalized EBITDA": "54,434", "Tax Rate for Calcs": "0", "Tax Effect of Unusual Items": "-2,379"}, "12/31/2019": {"Duration": "12/31/2019", "Total Revenue": "59,340", "Cost of Revenue": "1,983", "Gross Profit": "57,357", "Operating Expense": "19,802", "Operating Income": "37,555", "Net Non Operating Interest Income Expense": "-17,338", "Other Income Expense": "5,172", "Pretax Income": "25,389", "Tax Provision": "3,783", "Net Income Common Stockholders": "8,263", "Average Dilution Earnings": "0", "Diluted NI Available to Com Stockholders": "8,263", "Basic EPS": "0.33", "Diluted EPS": "0.33", "Basic Average Shares": "25,343", "Diluted Average Shares": "25,343", "Total Operating Income as Reported": "-", "Total Expenses": "21,785", "Net Income from Continuing & Discontinued Operation": "21,575", "Normalized Income": "17,517", "Interest Income": "832", "Interest Expense": "18,170", "Net Interest Income": "-17,338", "EBIT": "43,559", "EBITDA": "-", "Reconciled Cost of Revenue": "1,983", "Reconciled Depreciation": "14,235", "Net Income from Continuing Operation Net Minority Interest": "21,575", "Total Unusual Items Excluding Goodwill": "4,774", "Total Unusual Items": "4,774", "Normalized EBITDA": "53,020", "Tax Rate for Calcs": "0", "Tax Effect of Unusual Items": "716.1"}, "12/31/2018": {"Duration": "12/31/2018", "Total Revenue": "64,765", "Cost of Revenue": "1,147", "Gross Profit": "63,618", "Operating Expense": "20,883", "Operating Income": "42,735", "Net Non Operating Interest Income Expense": "-22,631", "Other Income Expense": "95,944", "Pretax Income": "116,048", "Tax Provision": "227", "Net Income Common Stockholders": "104,380", "Average Dilution Earnings": "2,310", "Diluted NI Available to Com Stockholders": "106,993", "Basic EPS": "4.25", "Diluted EPS": "3.97", "Basic Average Shares": "25,013", "Diluted Average Shares": "27,354", "Total Operating Income as Reported": "-", "Total Expenses": "22,030", "Net Income from Continuing & Discontinued Operation": "115,794", "Normalized Income": "20,097", "Interest Income": "1,642", "Interest Expense": "24,273", "Net Interest Income": "-22,631", "EBIT": "140,321", "EBITDA": "-", "Reconciled Cost of Revenue": "1,147", "Reconciled Depreciation": "16,152", "Net Income from Continuing Operation Net Minority Interest": "115,794", "Total Unusual Items Excluding Goodwill": "95,885", "Total Unusual Items": "95,885", "Normalized EBITDA": "60,588", "Tax Rate for Calcs": "0", "Tax Effect of Unusual Items": "187.5594"}}, "bs": {"12/31/2020": {"Duration": "12/31/2020", "Total Assets": "894,778", "Total Liabilities Net Minority Interest": "571,291", "Total Equity Gross Minority Interest": "323,487", "Total Capitalization": "602,963", "Common Stock Equity": "323,286", "Capital Lease Obligations": "8,818", "Net Tangible Assets": "-19,417", "Working Capital": "-204,565", "Invested Capital": "817,163", "Tangible Book Value": "303,869", "Total Debt": "502,695", "Net Debt": "483,430", "Share Issued": "25,478", "Ordinary Shares Number": "25,478", "Preferred Shares Number": "6,400"}, "12/31/2019": {"Duration": "12/31/2019", "Total Assets": "855,605", "Total Liabilities Net Minority Interest": "533,947", "Total Equity Gross Minority Interest": "321,658", "Total Capitalization": "538,555", "Common Stock Equity": "321,457", "Capital Lease Obligations": "11,176", "Net Tangible Assets": "-23,966", "Working Capital": "-221,353", "Invested Capital": "771,462", "Tangible Book Value": "297,491", "Total Debt": "461,181", "Net Debt": "442,559", "Share Issued": "25,353", "Ordinary Shares Number": "25,353", "Preferred Shares Number": "6,256"}, "12/31/2018": {"Duration": "12/31/2018", "Total Assets": "786,613", "Total Liabilities Net Minority Interest": "448,936", "Total Equity Gross Minority Interest": "337,677", "Total Capitalization": "561,161", "Common Stock Equity": "337,476", "Capital Lease Obligations": "-", "Net Tangible Assets": "-20,839", "Working Capital": "-141,691", "Invested Capital": "716,161", "Tangible Book Value": "316,637", "Total Debt": "378,685", "Net Debt": "374,577", "Share Issued": "25,328", "Ordinary Shares Number": "25,328", "Preferred Shares Number": "6,056"}}, "cf": {"TTM": {"Duration": "TTM", "Operating Cash Flow": "42,180", "Investing Cash Flow": "-44,070", "Financing Cash Flow": "3,429", "End Cash Position": "13,642", "Capital Expenditure": "-9,172", "Issuance of Capital Stock": "5,238", "Issuance of Debt": "363,200", "Repayment of Debt": "-321,708", "Free Cash Flow": "33,008"}, "12/31/2020": {"Duration": "12/31/2020", "Operating Cash Flow": "42,180", "Investing Cash Flow": "-44,070", "Financing Cash Flow": "3,429", "End Cash Position": "13,642", "Capital Expenditure": "-9,172", "Issuance of Capital Stock": "5,238", "Issuance of Debt": "363,200", "Repayment of Debt": "-321,708", "Free Cash Flow": "33,008"}, "12/31/2019": {"Duration": "12/31/2019", "Operating Cash Flow": "31,663", "Investing Cash Flow": "-52,906", "Financing Cash Flow": "26,460", "End Cash Position": "13,065", "Capital Expenditure": "-12,790", "Issuance of Capital Stock": "4,993", "Issuance of Debt": "151,931", "Repayment of Debt": "-84,870", "Free Cash Flow": "18,873"}, "12/31/2018": {"Duration": "12/31/2018", "Operating Cash Flow": "31,256", "Investing Cash Flow": "-37,533", "Financing Cash Flow": "-13,652", "End Cash Position": "7,780", "Capital Expenditure": "-15,810", "Issuance of Capital Stock": "48,348", "Issuance of Debt": "289,128", "Repayment of Debt": "-275,408", "Free Cash Flow": "15,446"}}}}, {"OBAS": {"quote": {"05/12/2021": {"value": "11.00", "Market Cap": "60.336M", "Beta (5Y Monthly)": "0.05", "PE Ratio (TTM)": "9.61", "EPS (TTM)": "1.14", "Earnings Date": "Mar 28, 2018 - Apr 02, 2018", "Forward Dividend & Yield": "N/A (N/A)", "Ex-Dividend Date": "N/A", "1y Target Est": "N/A"}}, "fin": {"TTM": {"Duration": "TTM", "Total Revenue": "14,874", "Cost of Revenue": "2,548", "Gross Profit": "12,326", "Operating Expense": "6,469", "Operating Income": "5,857", "Net Non Operating Interest Income Expense": "-2,472", "Other Income Expense": "10,272", "Pretax Income": "13,657", "Tax Provision": "2,162", "Earnings from Equity Interest Net of Tax": "-2,079", "Net Income Common Stockholders": "6,433", "Diluted NI Available to Com Stockholders": "6,433", "Basic EPS": "-", "Diluted EPS": "-", "Basic Average Shares": "-", "Diluted Average Shares": "-", "Total Operating Income as Reported": "14,984", "Total Expenses": "9,017", "Net Income from Continuing & Discontinued Operation": "6,433", "Normalized Income": "-1,831", "Interest Expense": "2,472", "Net Interest Income": "-2,472", "EBIT": "16,129", "EBITDA": "20,075", "Reconciled Cost of Revenue": "2,548", "Reconciled Depreciation": "3,946", "Net Income from Continuing Operation Net Minority Interest": "6,433", "Total Unusual Items Excluding Goodwill": "9,818", "Total Unusual Items": "9,818", "Normalized EBITDA": "10,257", "Tax Rate for Calcs": "0", "Tax Effect of Unusual Items": "1,554"}, "12/31/2020": {"Duration": "12/31/2020", "Total Revenue": "14,874", "Cost of Revenue": "2,548", "Gross Profit": "12,326", "Operating Expense": "6,469", "Operating Income": "5,857", "Net Non Operating Interest Income Expense": "-2,472", "Other Income Expense": "10,272", "Pretax Income": "13,657", "Tax Provision": "2,162", "Earnings from Equity Interest Net of Tax": "-2,079", "Net Income Common Stockholders": "6,433", "Diluted NI Available to Com Stockholders": "6,433", "Basic EPS": "-", "Diluted EPS": "-", "Basic Average Shares": "-", "Diluted Average Shares": "-", "Total Operating Income as Reported": "14,984", "Total Expenses": "9,017", "Net Income from Continuing & Discontinued Operation": "6,433", "Normalized Income": "-1,831", "Interest Expense": "2,472", "Net Interest Income": "-2,472", "EBIT": "16,129", "EBITDA": "-", "Reconciled Cost of Revenue": "2,548", "Reconciled Depreciation": "3,946", "Net Income from Continuing Operation Net Minority Interest": "6,433", "Total Unusual Items Excluding Goodwill": "9,818", "Total Unusual Items": "9,818", "Normalized EBITDA": "10,257", "Tax Rate for Calcs": "0", "Tax Effect of Unusual Items": "1,554"}, "12/31/2019": {"Duration": "12/31/2019", "Total Revenue": "16,144", "Cost of Revenue": "2,948", "Gross Profit": "13,196", "Operating Expense": "7,368", "Operating Income": "5,828", "Net Non Operating Interest Income Expense": "-2,546", "Other Income Expense": "638", "Pretax Income": "3,920", "Tax Provision": "1,472", "Earnings from Equity Interest Net of Tax": "-2,321", "Net Income Common Stockholders": "-1,993", "Diluted NI Available to Com Stockholders": "-1,993", "Basic EPS": "-0.38", "Diluted EPS": "-0.38", "Basic Average Shares": "5,186", "Diluted Average Shares": "5,186", "Total Operating Income as Reported": "5,828", "Total Expenses": "10,316", "Net Income from Continuing & Discontinued Operation": "-1,993", "Normalized Income": "-1,941", "Interest Expense": "2,546", "Net Interest Income": "-2,546", "EBIT": "6,466", "EBITDA": "-", "Reconciled Cost of Revenue": "2,948", "Reconciled Depreciation": "4,321", "Net Income from Continuing Operation Net Minority Interest": "-1,993", "Total Unusual Items Excluding Goodwill": "-84", "Total Unusual Items": "-84", "Normalized EBITDA": "10,871", "Tax Rate for Calcs": "0", "Tax Effect of Unusual Items": "-31.5429"}, "12/31/2018": {"Duration": "12/31/2018", "Total Revenue": "16,608", "Cost of Revenue": "2,991", "Gross Profit": "13,617", "Operating Expense": "7,817", "Operating Income": "5,800", "Net Non Operating Interest Income Expense": "-2,827", "Other Income Expense": "552", "Pretax Income": "3,525", "Tax Provision": "1,464", "Earnings from Equity Interest Net of Tax": "-2,765", "Net Income Common Stockholders": "-2,781", "Diluted NI Available to Com Stockholders": "-2,781", "Basic EPS": "-0.54", "Diluted EPS": "-0.54", "Basic Average Shares": "5,185", "Diluted Average Shares": "5,185", "Total Operating Income as Reported": "5,800", "Total Expenses": "10,808", "Net Income from Continuing & Discontinued Operation": "-2,781", "Normalized Income": "-2,739", "Interest Expense": "2,827", "Net Interest Income": "-2,827", "EBIT": "6,352", "EBITDA": "-", "Reconciled Cost of Revenue": "2,991", "Reconciled Depreciation": "4,317", "Net Income from Continuing Operation Net Minority Interest": "-2,781", "Total Unusual Items Excluding Goodwill": "-55", "Total Unusual Items": "-55", "Normalized EBITDA": "10,724", "Tax Rate for Calcs": "0", "Tax Effect of Unusual Items": "-12.65"}}, "bs": {"12/31/2020": {"Duration": "12/31/2020", "Total Assets": "234,697", "Total Liabilities Net Minority Interest": "148,036", "Total Equity Gross Minority Interest": "86,661", "Total Capitalization": "174,387", "Common Stock Equity": "61,464", "Capital Lease Obligations": "7,366", "Net Tangible Assets": "61,464", "Working Capital": "20,186", "Invested Capital": "180,834", "Tangible Book Value": "61,464", "Total Debt": "126,736", "Net Debt": "90,550", "Share Issued": "5,216", "Ordinary Shares Number": "5,198", "Treasury Shares Number": "17.895"}, "12/31/2019": {"Duration": "12/31/2019", "Total Assets": "239,307", "Total Liabilities Net Minority Interest": "167,453", "Total Equity Gross Minority Interest": "71,854", "Total Capitalization": "163,095", "Common Stock Equity": "51,844", "Capital Lease Obligations": "6,598", "Net Tangible Assets": "51,844", "Working Capital": "7,453", "Invested Capital": "191,898", "Tangible Book Value": "51,844", "Total Debt": "146,652", "Net Debt": "127,490", "Share Issued": "5,216", "Ordinary Shares Number": "5,198", "Treasury Shares Number": "17.895"}, "12/31/2018": {"Duration": "12/31/2018", "Total Assets": "243,958", "Total Liabilities Net Minority Interest": "170,565", "Total Equity Gross Minority Interest": "73,393", "Total Capitalization": "192,080", "Common Stock Equity": "53,559", "Capital Lease Obligations": "6,134", "Net Tangible Assets": "53,418", "Working Capital": "2,662", "Invested Capital": "197,868", "Tangible Book Value": "53,418", "Total Debt": "150,443", "Net Debt": "130,473", "Share Issued": "5,216", "Ordinary Shares Number": "5,198", "Treasury Shares Number": "17.895"}}, "cf": {"TTM": {"Duration": "TTM", "Operating Cash Flow": "5,118", "Investing Cash Flow": "40,794", "Financing Cash Flow": "-30,839", "End Cash Position": "29,655", "Issuance of Debt": "-", "Repayment of Debt": "-30,839", "Free Cash Flow": "5,118"}, "12/31/2020": {"Duration": "12/31/2020", "Operating Cash Flow": "5,118", "Investing Cash Flow": "40,794", "Financing Cash Flow": "-30,839", "End Cash Position": "29,655", "Issuance of Debt": "-", "Repayment of Debt": "-30,839", "Free Cash Flow": "5,118"}, "12/31/2019": {"Duration": "12/31/2019", "Operating Cash Flow": "7,397", "Investing Cash Flow": "-595", "Financing Cash Flow": "-8,185", "End Cash Position": "12,596", "Issuance of Debt": "-", "Repayment of Debt": "-5,958", "Free Cash Flow": "7,397"}, "12/31/2018": {"Duration": "12/31/2018", "Operating Cash Flow": "6,867", "Investing Cash Flow": "-1,984", "Financing Cash Flow": "-11,125", "End Cash Position": "13,836", "Issuance of Debt": "0", "Repayment of Debt": "-9,058", "Free Cash Flow": "6,867"}}}}, {"CKX": {"quote": {"05/12/2021": {"value": "13.45", "Market Cap": "26.127M", "Beta (5Y Monthly)": "N/A", "PE Ratio (TTM)": "36.95", "EPS (TTM)": "0.36", "Earnings Date": "N/A", "Forward Dividend & Yield": "N/A (N/A)", "Ex-Dividend Date": "Apr 04, 2018", "1y Target Est": "N/A"}}, "fin": {"TTM": {"Duration": "TTM", "Total Revenue": "671.944", "Cost of Revenue": "42.245", "Gross Profit": "629.699", "Operating Expense": "605.223", "Operating Income": "24.476", "Net Non Operating Interest Income Expense": "44.179", "Other Income Expense": "369.569", "Pretax Income": "438.224", "Tax Provision": "98.841", "Net Income Common Stockholders": "339.383", "Diluted NI Available to Com Stockholders": "339.383", "Basic EPS": "-", "Diluted EPS": "-", "Basic Average Shares": "-", "Diluted Average Shares": "-", "Total Operating Income as Reported": "379.053", "Total Expenses": "647.468", "Net Income from Continuing & Discontinued Operation": "339.383", "Normalized Income": "53.1699", "Interest Income": "44.179", "Net Interest Income": "44.179", "EBIT": "24.476", "EBITDA": "27.753", "Reconciled Cost of Revenue": "42.245", "Reconciled Depreciation": "3.277", "Net Income from Continuing Operation Net Minority Interest": "339.383", "Total Unusual Items Excluding Goodwill": "369.569", "Total Unusual Items": "369.569", "Normalized EBITDA": "-341.816", "Tax Rate for Calcs": "0", "Tax Effect of Unusual Items": "83.3559"}, "12/31/2020": {"Duration": "12/31/2020", "Total Revenue": "671.944", "Cost of Revenue": "42.245", "Gross Profit": "629.699", "Operating Expense": "605.223", "Operating Income": "24.476", "Net Non Operating Interest Income Expense": "44.179", "Other Income Expense": "369.569", "Pretax Income": "438.224", "Tax Provision": "98.841", "Net Income Common Stockholders": "339.383", "Diluted NI Available to Com Stockholders": "339.383", "Basic EPS": "-", "Diluted EPS": "-", "Basic Average Shares": "-", "Diluted Average Shares": "-", "Total Operating Income as Reported": "379.053", "Total Expenses": "647.468", "Net Income from Continuing & Discontinued Operation": "339.383", "Normalized Income": "53.1699", "Interest Income": "44.179", "Net Interest Income": "44.179", "EBIT": "24.476", "EBITDA": "-", "Reconciled Cost of Revenue": "42.245", "Reconciled Depreciation": "3.277", "Net Income from Continuing Operation Net Minority Interest": "339.383", "Total Unusual Items Excluding Goodwill": "369.569", "Total Unusual Items": "369.569", "Normalized EBITDA": "-341.816", "Tax Rate for Calcs": "0", "Tax Effect of Unusual Items": "83.3559"}, "12/31/2019": {"Duration": "12/31/2019", "Total Revenue": "811.271", "Cost of Revenue": "81.622", "Gross Profit": "729.649", "Operating Expense": "618.919", "Operating Income": "110.73", "Net Non Operating Interest Income Expense": "109.582", "Other Income Expense": "80.876", "Pretax Income": "301.188", "Tax Provision": "51.255", "Net Income Common Stockholders": "249.933", "Diluted NI Available to Com Stockholders": "249.933", "Basic EPS": "0.13", "Diluted EPS": "0.13", "Basic Average Shares": "1,942", "Diluted Average Shares": "1,942", "Total Operating Income as Reported": "191.606", "Total Expenses": "700.541", "Net Income from Continuing & Discontinued Operation": "249.933", "Normalized Income": "182.8202", "Interest Income": "109.582", "Net Interest Income": "109.582", "EBIT": "110.73", "EBITDA": "-", "Reconciled Cost of Revenue": "81.622", "Reconciled Depreciation": "2.361", "Net Income from Continuing Operation Net Minority Interest": "249.933", "Total Unusual Items Excluding Goodwill": "80.876", "Total Unusual Items": "80.876", "Normalized EBITDA": "32.215", "Tax Rate for Calcs": "0", "Tax Effect of Unusual Items": "13.7632"}, "12/31/2018": {"Duration": "12/31/2018", "Total Revenue": "1,195", "Cost of Revenue": "134.534", "Gross Profit": "1,060", "Operating Expense": "573.532", "Operating Income": "486.697", "Net Non Operating Interest Income Expense": "97.502", "Other Income Expense": "881.654", "Pretax Income": "1,466", "Tax Provision": "350.793", "Net Income Common Stockholders": "1,115", "Diluted NI Available to Com Stockholders": "1,115", "Basic EPS": "0.57", "Diluted EPS": "0.57", "Basic Average Shares": "1,942", "Diluted Average Shares": "1,942", "Total Operating Income as Reported": "1,368", "Total Expenses": "708.066", "Net Income from Continuing & Discontinued Operation": "1,115", "Normalized Income": "444.3944", "Interest Income": "97.502", "Net Interest Income": "97.502", "EBIT": "486.697", "EBITDA": "-", "Reconciled Cost of Revenue": "134.534", "Reconciled Depreciation": "3.885", "Net Income from Continuing Operation Net Minority Interest": "1,115", "Total Unusual Items Excluding Goodwill": "881.654", "Total Unusual Items": "881.654", "Normalized EBITDA": "-391.072", "Tax Rate for Calcs": "0", "Tax Effect of Unusual Items": "210.9884"}}, "bs": {"12/31/2020": {"Duration": "12/31/2020", "Total Assets": "16,317", "Total Liabilities Net Minority Interest": "529.859", "Total Equity Gross Minority Interest": "15,787", "Total Capitalization": "15,787", "Common Stock Equity": "15,787", "Net Tangible Assets": "15,787", "Working Capital": "6,731", "Invested Capital": "15,787", "Tangible Book Value": "15,787", "Share Issued": "1,942", "Ordinary Shares Number": "1,942"}, "12/31/2019": {"Duration": "12/31/2019", "Total Assets": "15,863", "Total Liabilities Net Minority Interest": "415.075", "Total Equity Gross Minority Interest": "15,447", "Total Capitalization": "15,447", "Common Stock Equity": "15,447", "Net Tangible Assets": "15,447", "Working Capital": "6,393", "Invested Capital": "15,447", "Tangible Book Value": "15,447", "Share Issued": "1,942", "Ordinary Shares Number": "1,942"}, "12/31/2018": {"Duration": "12/31/2018", "Total Assets": "15,602", "Total Liabilities Net Minority Interest": "404.479", "Total Equity Gross Minority Interest": "15,198", "Total Capitalization": "15,198", "Common Stock Equity": "15,198", "Net Tangible Assets": "15,198", "Working Capital": "5,414", "Invested Capital": "15,198", "Tangible Book Value": "15,198", "Share Issued": "1,942", "Ordinary Shares Number": "1,942"}}, "cf": {"TTM": {"Duration": "TTM", "Operating Cash Flow": "140.165", "Investing Cash Flow": "3,043", "Financing Cash Flow": "0", "End Cash Position": "6,463", "Income Tax Paid Supplemental Data": "92.77", "Interest Paid Supplemental Data": "0", "Capital Expenditure": "-9.321", "Free Cash Flow": "130.844"}, "12/31/2020": {"Duration": "12/31/2020", "Operating Cash Flow": "140.165", "Investing Cash Flow": "3,043", "Financing Cash Flow": "-", "End Cash Position": "6,463", "Income Tax Paid Supplemental Data": "92.77", "Interest Paid Supplemental Data": "0", "Capital Expenditure": "-9.321", "Free Cash Flow": "130.844"}, "12/31/2019": {"Duration": "12/31/2019", "Operating Cash Flow": "194.711", "Investing Cash Flow": "1,225", "Financing Cash Flow": "0", "End Cash Position": "3,280", "Income Tax Paid Supplemental Data": "67.107", "Interest Paid Supplemental Data": "0", "Capital Expenditure": "-26.815", "Free Cash Flow": "167.896"}, "12/31/2018": {"Duration": "12/31/2018", "Operating Cash Flow": "241.562", "Investing Cash Flow": "199.869", "Financing Cash Flow": "-233.099", "End Cash Position": "1,861", "Income Tax Paid Supplemental Data": "355.387", "Interest Paid Supplemental Data": "-", "Capital Expenditure": "-55.438", "Free Cash Flow": "186.124"}}}}, {"LGYV": {"quote": {"05/12/2021": {"value": "1.2500", "Market Cap": "393,828", "Beta (5Y Monthly)": "N/A", "PE Ratio (TTM)": "N/A", "EPS (TTM)": "N/A", "Earnings Date": "N/A", "Forward Dividend & Yield": "N/A (N/A)", "Ex-Dividend Date": "N/A", "1y Target Est": "N/A"}}, "fin": {"TTM": {"Duration": "TTM", "Total Revenue": "0", "Cost of Revenue": "-", "Gross Profit": "-", "Operating Expense": "61.807", "Operating Income": "-61.807", "Net Non Operating Interest Income Expense": "-37.42", "Other Income Expense": "-", "Pretax Income": "-99.227", "Tax Provision": "-", "Net Income Common Stockholders": "-99.227", "Diluted NI Available to Com Stockholders": "-99.227", "Basic EPS": "-", "Diluted EPS": "-", "Basic Average Shares": "-", "Diluted Average Shares": "-", "Total Operating Income as Reported": "-61.807", "Total Expenses": "61.807", "Net Income from Continuing & Discontinued Operation": "-99.227", "Normalized Income": "-99.227", "Interest Income": "-", "Interest Expense": "15.527", "Net Interest Income": "-37.42", "EBIT": "-83.7", "EBITDA": "-83.7", "Reconciled Cost of Revenue": "-", "Net Income from Continuing Operation Net Minority Interest": "-99.227", "Total Unusual Items Excluding Goodwill": "-", "Total Unusual Items": "-", "Normalized EBITDA": "-83.7", "Tax Rate for Calcs": "0", "Tax Effect of Unusual Items": "0"}, "6/30/2020": {"Duration": "6/30/2020", "Total Revenue": "0", "Cost of Revenue": "-", "Gross Profit": "-", "Operating Expense": "59.273", "Operating Income": "-59.273", "Net Non Operating Interest Income Expense": "-29.912", "Other Income Expense": "-", "Pretax Income": "-89.185", "Tax Provision": "-", "Net Income Common Stockholders": "-89.185", "Diluted NI Available to Com Stockholders": "-89.185", "Basic EPS": "-0.28", "Diluted EPS": "-0.28", "Basic Average Shares": "315.064", "Diluted Average Shares": "315.064", "Total Operating Income as Reported": "-59.273", "Total Expenses": "59.273", "Net Income from Continuing & Discontinued Operation": "-89.185", "Normalized Income": "-89.185", "Interest Income": "-", "Interest Expense": "8.243", "Net Interest Income": "-29.912", "EBIT": "-80.942", "EBITDA": "-", "Reconciled Cost of Revenue": "-", "Net Income from Continuing Operation Net Minority Interest": "-89.185", "Total Unusual Items Excluding Goodwill": "-", "Total Unusual Items": "-", "Normalized EBITDA": "-80.942", "Tax Rate for Calcs": "0", "Tax Effect of Unusual Items": "0"}, "6/30/2019": {"Duration": "6/30/2019", "Total Revenue": "0", "Cost of Revenue": "-", "Gross Profit": "-", "Operating Expense": "51.197", "Operating Income": "-51.197", "Net Non Operating Interest Income Expense": "-519.227", "Other Income Expense": "545.58", "Pretax Income": "-24.844", "Tax Provision": "0", "Net Income Common Stockholders": "-24.844", "Diluted NI Available to Com Stockholders": "-24.844", "Basic EPS": "-0.08", "Diluted EPS": "-0.08", "Basic Average Shares": "315.064", "Diluted Average Shares": "315.064", "Total Operating Income as Reported": "-51.197", "Total Expenses": "51.197", "Net Income from Continuing & Discontinued Operation": "-24.844", "Normalized Income": "-24.844", "Interest Income": "0", "Interest Expense": "31.622", "Net Interest Income": "-519.227", "EBIT": "6.778", "EBITDA": "-", "Reconciled Cost of Revenue": "-", "Net Income from Continuing Operation Net Minority Interest": "-24.844", "Total Unusual Items Excluding Goodwill": "0", "Total Unusual Items": "0", "Normalized EBITDA": "6.778", "Tax Rate for Calcs": "0", "Tax Effect of Unusual Items": "0"}, "6/30/2018": {"Duration": "6/30/2018", "Total Revenue": "0", "Cost of Revenue": "0", "Gross Profit": "0", "Operating Expense": "35.205", "Operating Income": "-35.205", "Net Non Operating Interest Income Expense": "-78.476", "Other Income Expense": "-511.617", "Pretax Income": "-625.298", "Tax Provision": "0", "Net Income Common Stockholders": "-625.298", "Diluted NI Available to Com Stockholders": "-625.298", "Basic EPS": "-1.92", "Diluted EPS": "-1.92", "Basic Average Shares": "315.064", "Diluted Average Shares": "315.064", "Total Operating Income as Reported": "-35.205", "Total Expenses": "35.205", "Net Income from Continuing & Discontinued Operation": "-625.298", "Normalized Income": "-113.681", "Interest Income": "11.617", "Interest Expense": "17.609", "Net Interest Income": "-78.476", "EBIT": "-607.689", "EBITDA": "-", "Reconciled Cost of Revenue": "0", "Net Income from Continuing Operation Net Minority Interest": "-625.298", "Total Unusual Items Excluding Goodwill": "-511.617", "Total Unusual Items": "-511.617", "Normalized EBITDA": "-96.072", "Tax Rate for Calcs": "0", "Tax Effect of Unusual Items": "0"}}, "bs": {"6/30/2020": {"Duration": "6/30/2020", "Total Assets": "15.136", "Total Liabilities Net Minority Interest": "270.916", "Total Equity Gross Minority Interest": "-255.78", "Total Capitalization": "-255.78", "Common Stock Equity": "-255.78", "Net Tangible Assets": "-255.78", "Working Capital": "-255.78", "Invested Capital": "-135.78", "Tangible Book Value": "-255.78", "Total Debt": "120", "Net Debt": "104.864", "Share Issued": "315.064", "Ordinary Shares Number": "315.064"}, "6/30/2019": {"Duration": "6/30/2019", "Total Assets": "12.745", "Total Liabilities Net Minority Interest": "179.34", "Total Equity Gross Minority Interest": "-166.595", "Total Capitalization": "-166.595", "Common Stock Equity": "-166.595", "Net Tangible Assets": "-166.595", "Working Capital": "-166.595", "Invested Capital": "-96.595", "Tangible Book Value": "-166.595", "Total Debt": "70", "Net Debt": "57.255", "Share Issued": "315.064", "Ordinary Shares Number": "315.064"}, "6/30/2018": {"Duration": "6/30/2018", "Total Assets": "0.03", "Total Liabilities Net Minority Interest": "141.781", "Total Equity Gross Minority Interest": "-141.751", "Total Capitalization": "-141.751", "Common Stock Equity": "-141.751", "Net Tangible Assets": "-141.751", "Working Capital": "-141.751", "Invested Capital": "-89.326", "Tangible Book Value": "-141.751", "Total Debt": "52.425", "Net Debt": "52.395", "Share Issued": "315.064", "Ordinary Shares Number": "315.064"}}, "cf": {"TTM": {"Duration": "TTM", "Operating Cash Flow": "-47.108", "Investing Cash Flow": "-", "Financing Cash Flow": "65", "End Cash Position": "47.022", "Income Tax Paid Supplemental Data": "0", "Interest Paid Supplemental Data": "0", "Issuance of Capital Stock": "-", "Issuance of Debt": "65", "Free Cash Flow": "-47.108"}, "6/30/2020": {"Duration": "6/30/2020", "Operating Cash Flow": "-47.609", "Investing Cash Flow": "-", "Financing Cash Flow": "50", "End Cash Position": "15.136", "Income Tax Paid Supplemental Data": "0", "Interest Paid Supplemental Data": "0", "Issuance of Capital Stock": "-", "Issuance of Debt": "50", "Free Cash Flow": "-47.609"}, "6/30/2019": {"Duration": "6/30/2019", "Operating Cash Flow": "-37.285", "Investing Cash Flow": "0", "Financing Cash Flow": "50", "End Cash Position": "12.745", "Income Tax Paid Supplemental Data": "0", "Interest Paid Supplemental Data": "0", "Issuance of Capital Stock": "-", "Issuance of Debt": "50", "Free Cash Flow": "-37.285"}, "6/30/2018": {"Duration": "6/30/2018", "Operating Cash Flow": "-22.984", "Investing Cash Flow": "-500", "Financing Cash Flow": "522.925", "End Cash Position": "0.03", "Income Tax Paid Supplemental Data": "0", "Interest Paid Supplemental Data": "0", "Issuance of Capital Stock": "-", "Issuance of Debt": "500", "Free Cash Flow": "-22.984"}}}}, {"PGCG": {"quote": {"05/12/2021": {"value": "0.1000", "Market Cap": "51.268M", "Beta (5Y Monthly)": "5.43", "PE Ratio (TTM)": "N/A", "EPS (TTM)": "-0.0000", "Earnings Date": "N/A", "Forward Dividend & Yield": "N/A (N/A)", "Ex-Dividend Date": "N/A", "1y Target Est": "N/A"}}, "fin": {"TTM": {"Duration": "TTM", "Total Revenue": "1,947", "Cost of Revenue": "659.269", "Gross Profit": "1,288", "Operating Expense": "659.657", "Operating Income": "628.301", "Net Non Operating Interest Income Expense": "-708.419", "Other Income Expense": "-", "Pretax Income": "-47.542", "Tax Provision": "184.042", "Net Income Common Stockholders": "-233.506", "Diluted NI Available to Com Stockholders": "-233.506", "Basic EPS": "-", "Diluted EPS": "-", "Basic Average Shares": "-", "Diluted Average Shares": "-", "Total Operating Income as Reported": "628.301", "Total Expenses": "1,319", "Net Income from Continuing & Discontinued Operation": "-233.506", "Normalized Income": "-233.506", "Interest Expense": "708.419", "Net Interest Income": "-708.419", "EBIT": "660.877", "EBITDA": "1,142", "Reconciled Cost of Revenue": "659.269", "Reconciled Depreciation": "481.225", "Net Income from Continuing Operation Net Minority Interest": "-233.506", "Total Unusual Items Excluding Goodwill": "-", "Total Unusual Items": "-", "Normalized EBITDA": "1,142", "Tax Rate for Calcs": "0", "Tax Effect of Unusual Items": "0"}, "10/31/2019": {"Duration": "10/31/2019", "Total Revenue": "1,918", "Cost of Revenue": "649.496", "Gross Profit": "1,269", "Operating Expense": "667.932", "Operating Income": "600.711", "Net Non Operating Interest Income Expense": "-723.401", "Other Income Expense": "32.576", "Pretax Income": "-90.114", "Tax Provision": "177.207", "Net Income Common Stockholders": "-268.058", "Diluted NI Available to Com Stockholders": "-268.058", "Basic EPS": "-0.00", "Diluted EPS": "-0.00", "Basic Average Shares": "512,682", "Diluted Average Shares": "512,682", "Total Operating Income as Reported": "600.711", "Total Expenses": "1,317", "Net Income from Continuing & Discontinued Operation": "-268.058", "Normalized Income": "-268.058", "Interest Expense": "723.401", "Net Interest Income": "-723.401", "EBIT": "633.287", "EBITDA": "-", "Reconciled Cost of Revenue": "649.496", "Reconciled Depreciation": "481.636", "Net Income from Continuing Operation Net Minority Interest": "-268.058", "Total Unusual Items Excluding Goodwill": "0", "Total Unusual Items": "0", "Normalized EBITDA": "1,115", "Tax Rate for Calcs": "0", "Tax Effect of Unusual Items": "0"}, "10/31/2018": {"Duration": "10/31/2018", "Total Revenue": "1,530", "Cost of Revenue": "695.04", "Gross Profit": "834.546", "Operating Expense": "352.006", "Operating Income": "482.54", "Net Non Operating Interest Income Expense": "-787.285", "Other Income Expense": "-35.794", "Pretax Income": "-340.539", "Tax Provision": "213.423", "Net Income Common Stockholders": "-532.332", "Diluted NI Available to Com Stockholders": "-532.332", "Basic EPS": "-0.00", "Diluted EPS": "-0.00", "Basic Average Shares": "512,682", "Diluted Average Shares": "512,682", "Total Operating Income as Reported": "482.54", "Total Expenses": "1,047", "Net Income from Continuing & Discontinued Operation": "-532.332", "Normalized Income": "-499.2492", "Interest Expense": "787.285", "Net Interest Income": "-787.285", "EBIT": "446.746", "EBITDA": "-", "Reconciled Cost of Revenue": "695.04", "Reconciled Depreciation": "308.011", "Net Income from Continuing Operation Net Minority Interest": "-532.332", "Total Unusual Items Excluding Goodwill": "-43.53", "Total Unusual Items": "-43.53", "Normalized EBITDA": "798.287", "Tax Rate for Calcs": "0", "Tax Effect of Unusual Items": "-10.4472"}}, "bs": {"10/31/2019": {"Duration": "10/31/2019", "Total Assets": "44,473", "Total Liabilities Net Minority Interest": "17,632", "Total Equity Gross Minority Interest": "26,842", "Total Capitalization": "41,016", "Common Stock Equity": "27,089", "Capital Lease Obligations": "0", "Net Tangible Assets": "27,089", "Working Capital": "-1,468", "Invested Capital": "41,734", "Tangible Book Value": "27,089", "Total Debt": "14,644", "Net Debt": "14,446", "Share Issued": "512,682", "Ordinary Shares Number": "512,682"}, "10/31/2018": {"Duration": "10/31/2018", "Total Assets": "44,973", "Total Liabilities Net Minority Interest": "17,927", "Total Equity Gross Minority Interest": "27,046", "Total Capitalization": "40,754", "Common Stock Equity": "27,293", "Capital Lease Obligations": "0", "Net Tangible Assets": "27,293", "Working Capital": "-1,292", "Invested Capital": "41,353", "Tangible Book Value": "27,293", "Total Debt": "14,059", "Net Debt": "13,556", "Share Issued": "512,682", "Ordinary Shares Number": "512,682"}}, "cf": {"TTM": {"Duration": "TTM", "Operating Cash Flow": "217.258", "Investing Cash Flow": "-118.437", "Financing Cash Flow": "-87.743", "End Cash Position": "166.923", "Income Tax Paid Supplemental Data": "367.263", "Interest Paid Supplemental Data": "708.419", "Capital Expenditure": "-", "Issuance of Debt": "-", "Repayment of Debt": "-651.144", "Free Cash Flow": "185.162"}, "10/31/2019": {"Duration": "10/31/2019", "Operating Cash Flow": "-1.174", "Investing Cash Flow": "-106.549", "Financing Cash Flow": "-198.933", "End Cash Position": "198.113", "Income Tax Paid Supplemental Data": "365.608", "Interest Paid Supplemental Data": "723.401", "Capital Expenditure": "-6.241", "Issuance of Debt": "1,174", "Repayment of Debt": "-612.696", "Free Cash Flow": "-7.415"}, "10/31/2018": {"Duration": "10/31/2018", "Operating Cash Flow": "-200.185", "Investing Cash Flow": "-292.639", "Financing Cash Flow": "724.461", "End Cash Position": "503.197", "Income Tax Paid Supplemental Data": "349.664", "Interest Paid Supplemental Data": "787.285", "Capital Expenditure": "-113.251", "Issuance of Debt": "13,152", "Repayment of Debt": "-12,237", "Free Cash Flow": "-313.436"}}}}, {"BBX": {"fin": {}, "bs": {}, "cf": {}}}, {"SFEF": {"fin": {}, "bs": {}, "cf": {}}}, {"GRIF": {"fin": {}, "bs": {}, "cf": {}}}, {"HF": {"fin": {}, "bs": {}, "cf": {}}}, {"HOFD": {"fin": {}, "bs": {}, "cf": {}}}, {"WMEG": {"fin": {}, "bs": {}, "cf": {}}}, {"HMTF": {"fin": {}, "bs": {}, "cf": {}}}]