[{"BAM": {"quote": {"05/08/2021": {"value": "46.44", "Market Cap": "72.171B", "Beta (5Y Monthly)": "1.35", "PE Ratio (TTM)": "N/A", "EPS (TTM)": "-0.12", "Earnings Date": "May 13, 2021", "Forward Dividend & Yield": "0.52 (1.12%)", "Ex-Dividend Date": "Feb 25, 2021", "1y Target Est": "54.30"}}, "fin": {"TTM": {"Duration": "TTM", "Total Revenue": "62,752,000", "Cost of Revenue": "47,386,000", "Gross Profit": "15,366,000", "Operating Expense": "5,791,000", "Operating Income": "9,575,000", "Net Non Operating Interest Income Expense": "-7,213,000", "Other Income Expense": "-818,000", "Pretax Income": "1,544,000", "Tax Provision": "837,000", "Net Income Common Stockholders": "-182,000", "Diluted NI Available to Com Stockholders": "-182,000", "Basic EPS": "-", "Diluted EPS": "-", "Basic Average Shares": "-", "Diluted Average Shares": "-", "Total Expenses": "53,177,000", "Net Income from Continuing & Discontinued Operation": "-134,000", "Normalized Income": "153,385", "Interest Expense": "7,213,000", "Net Interest Income": "-7,213,000", "EBIT": "8,757,000", "EBITDA": "14,548,000", "Reconciled Cost of Revenue": "47,386,000", "Reconciled Depreciation": "5,791,000", "Net Income from Continuing Operation Net Minority Interest": "-134,000", "Total Unusual Items Excluding Goodwill": "-391,000", "Total Unusual Items": "-391,000", "Normalized EBITDA": "14,939,000", "Tax Rate for Calcs": "0", "Tax Effect of Unusual Items": "-103,615"}, "12/31/2020": {"Duration": "12/31/2020", "Total Revenue": "62,752,000", "Cost of Revenue": "47,386,000", "Gross Profit": "15,366,000", "Operating Expense": "5,791,000", "Operating Income": "9,575,000", "Net Non Operating Interest Income Expense": "-7,213,000", "Other Income Expense": "-818,000", "Pretax Income": "1,544,000", "Tax Provision": "837,000", "Net Income Common Stockholders": "-182,000", "Diluted NI Available to Com Stockholders": "-182,000", "Basic EPS": "-", "Diluted EPS": "-", "Basic Average Shares": "-", "Diluted Average Shares": "-", "Total Expenses": "53,177,000", "Net Income from Continuing & Discontinued Operation": "-134,000", "Normalized Income": "153,385", "Interest Expense": "7,213,000", "Net Interest Income": "-7,213,000", "EBIT": "8,757,000", "EBITDA": "-", "Reconciled Cost of Revenue": "47,386,000", "Reconciled Depreciation": "5,791,000", "Net Income from Continuing Operation Net Minority Interest": "-134,000", "Total Unusual Items Excluding Goodwill": "-391,000", "Total Unusual Items": "-391,000", "Normalized EBITDA": "14,939,000", "Tax Rate for Calcs": "0", "Tax Effect of Unusual Items": "-103,615"}, "12/31/2019": {"Duration": "12/31/2019", "Total Revenue": "67,826,000", "Cost of Revenue": "52,728,000", "Gross Profit": "15,098,000", "Operating Expense": "4,876,000", "Operating Income": "10,222,000", "Net Non Operating Interest Income Expense": "-7,227,000", "Other Income Expense": "2,854,000", "Pretax Income": "5,849,000", "Tax Provision": "495,000", "Net Income Common Stockholders": "2,581,000", "Diluted NI Available to Com Stockholders": "2,581,000", "Basic EPS": "1.77", "Diluted EPS": "1.73", "Basic Average Shares": "1,452,900", "Diluted Average Shares": "1,488,450", "Total Expenses": "57,604,000", "Net Income from Continuing & Discontinued Operation": "2,807,000", "Normalized Income": "2,121,600", "Interest Expense": "7,227,000", "Net Interest Income": "-7,227,000", "EBIT": "13,076,000", "EBITDA": "-", "Reconciled Cost of Revenue": "52,728,000", "Reconciled Depreciation": "4,876,000", "Net Income from Continuing Operation Net Minority Interest": "2,807,000", "Total Unusual Items Excluding Goodwill": "745,000", "Total Unusual Items": "745,000", "Normalized EBITDA": "17,207,000", "Tax Rate for Calcs": "0", "Tax Effect of Unusual Items": "59,600"}, "12/31/2018": {"Duration": "12/31/2018", "Total Revenue": "56,771,000", "Cost of Revenue": "45,519,000", "Gross Profit": "11,252,000", "Operating Expense": "3,102,000", "Operating Income": "8,150,000", "Net Non Operating Interest Income Expense": "-4,854,000", "Other Income Expense": "3,944,000", "Pretax Income": "7,240,000", "Tax Provision": "-248,000", "Net Income Common Stockholders": "3,328,000", "Diluted NI Available to Com Stockholders": "3,328,000", "Basic EPS": "2.31", "Diluted EPS": "2.27", "Basic Average Shares": "1,436,400", "Diluted Average Shares": "1,466,100", "Total Expenses": "48,621,000", "Net Income from Continuing & Discontinued Operation": "3,584,000", "Normalized Income": "2,265,410", "Interest Expense": "4,854,000", "Net Interest Income": "-4,854,000", "EBIT": "12,094,000", "EBITDA": "-", "Reconciled Cost of Revenue": "45,519,000", "Reconciled Depreciation": "3,102,000", "Net Income from Continuing Operation Net Minority Interest": "3,584,000", "Total Unusual Items Excluding Goodwill": "1,794,000", "Total Unusual Items": "1,794,000", "Normalized EBITDA": "13,402,000", "Tax Rate for Calcs": "0", "Tax Effect of Unusual Items": "475,410"}}, "bs": {"12/31/2020": {"Duration": "12/31/2020", "Total Assets": "343,696,000", "Total Liabilities Net Minority Interest": "221,054,000", "Total Equity Gross Minority Interest": "122,642,000", "Total Capitalization": "184,239,000", "Preferred Stock Equity": "4,145,000", "Common Stock Equity": "31,693,000", "Capital Lease Obligations": "8,223,000", "Net Tangible Assets": "-3,534,000", "Working Capital": "-5,292,000", "Invested Capital": "180,094,000", "Tangible Book Value": "-7,679,000", "Total Debt": "148,401,000", "Net Debt": "138,468,000", "Share Issued": "1,510,720", "Ordinary Shares Number": "1,510,720", "Preferred Shares Number": "184,236"}, "12/31/2019": {"Duration": "12/31/2019", "Total Assets": "323,969,000", "Total Liabilities Net Minority Interest": "207,123,000", "Total Equity Gross Minority Interest": "116,846,000", "Total Capitalization": "178,388,000", "Preferred Stock Equity": "4,145,000", "Common Stock Equity": "30,868,000", "Capital Lease Obligations": "5,494,000", "Net Tangible Assets": "-7,247,000", "Working Capital": "-2,250,000", "Invested Capital": "174,243,000", "Tangible Book Value": "-11,392,000", "Total Debt": "148,869,000", "Net Debt": "136,597,000", "Share Issued": "1,509,294", "Ordinary Shares Number": "1,509,294", "Preferred Shares Number": "184,236"}, "12/31/2018": {"Duration": "12/31/2018", "Total Assets": "256,281,000", "Total Liabilities Net Minority Interest": "159,131,000", "Total Equity Gross Minority Interest": "97,150,000", "Total Capitalization": "148,033,000", "Preferred Stock Equity": "4,168,000", "Common Stock Equity": "25,647,000", "Capital Lease Obligations": "-", "Net Tangible Assets": "2,238,000", "Working Capital": "12,743,000", "Invested Capital": "143,865,000", "Tangible Book Value": "-1,930,000", "Total Debt": "118,218,000", "Net Debt": "109,828,000", "Share Issued": "1,432,714", "Ordinary Shares Number": "1,432,714", "Preferred Shares Number": "175,402"}}, "cf": {"TTM": {"Duration": "TTM", "Operating Cash Flow": "8,341,000", "Investing Cash Flow": "-13,873,000", "Financing Cash Flow": "8,698,000", "Cash Flow from Discontinued Operation": "23,000", "End Cash Position": "9,933,000", "Income Tax Paid Supplemental Data": "1,101,000", "Interest Paid Supplemental Data": "6,583,000", "Capital Expenditure": "-4,012,000", "Issuance of Capital Stock": "17,000", "Issuance of Debt": "38,105,000", "Repayment of Debt": "-34,349,000", "Repurchase of Capital Stock": "-419,000", "Free Cash Flow": "4,329,000"}, "12/31/2020": {"Duration": "12/31/2020", "Operating Cash Flow": "8,341,000", "Investing Cash Flow": "-13,873,000", "Financing Cash Flow": "8,698,000", "Cash Flow from Discontinued Operation": "23,000", "End Cash Position": "9,933,000", "Income Tax Paid Supplemental Data": "1,101,000", "Interest Paid Supplemental Data": "6,583,000", "Capital Expenditure": "-4,012,000", "Issuance of Capital Stock": "17,000", "Issuance of Debt": "38,105,000", "Repayment of Debt": "-34,349,000", "Repurchase of Capital Stock": "-419,000", "Free Cash Flow": "4,329,000"}, "12/31/2019": {"Duration": "12/31/2019", "Operating Cash Flow": "6,328,000", "Investing Cash Flow": "-36,674,000", "Financing Cash Flow": "28,746,000", "Cash Flow from Discontinued Operation": "-7,000", "End Cash Position": "6,778,000", "Income Tax Paid Supplemental Data": "504,000", "Interest Paid Supplemental Data": "6,323,000", "Capital Expenditure": "-3,053,000", "Issuance of Capital Stock": "13,000", "Issuance of Debt": "65,568,000", "Repayment of Debt": "-44,015,000", "Repurchase of Capital Stock": "-283,000", "Free Cash Flow": "3,275,000"}, "12/31/2018": {"Duration": "12/31/2018", "Operating Cash Flow": "5,159,000", "Investing Cash Flow": "-19,833,000", "Financing Cash Flow": "18,136,000", "Cash Flow from Discontinued Operation": "-1,000", "End Cash Position": "8,390,000", "Income Tax Paid Supplemental Data": "980,000", "Interest Paid Supplemental Data": "4,712,000", "Capital Expenditure": "-1,962,000", "Issuance of Capital Stock": "11,000", "Issuance of Debt": "47,922,000", "Repayment of Debt": "-28,346,000", "Repurchase of Capital Stock": "-406,000", "Free Cash Flow": "3,197,000"}}}}, {"ALEX": {"quote": {"05/08/2021": {"value": "18.46", "Market Cap": "1.338B", "Beta (5Y Monthly)": "1.38", "PE Ratio (TTM)": "145.35", "EPS (TTM)": "0.13", "Earnings Date": "Jul 30, 2020 - Aug 03, 2020", "Forward Dividend & Yield": "0.64 (3.47%)", "Ex-Dividend Date": "Jun 25, 2021", "1y Target Est": "20.67"}}, "fin": {"TTM": {"Duration": "TTM", "Total Revenue": "305,500", "Cost of Revenue": "231,400", "Gross Profit": "74,100", "Operating Expense": "44,500", "Operating Income": "29,600", "Net Non Operating Interest Income Expense": "-28,100", "Other Income Expense": "8,300", "Pretax Income": "9,800", "Tax Provision": "-300", "Net Income Common Stockholders": "9,200", "Diluted NI Available to Com Stockholders": "9,200", "Basic EPS": "-", "Diluted EPS": "-", "Basic Average Shares": "-", "Diluted Average Shares": "-", "Total Operating Income as Reported": "33,400", "Total Expenses": "275,900", "Net Income from Continuing & Discontinued Operation": "9,300", "Normalized Income": "7,620", "Interest Income": "1,400", "Interest Expense": "29,500", "Net Interest Income": "-28,100", "EBIT": "39,300", "EBITDA": "91,600", "Reconciled Cost of Revenue": "231,400", "Reconciled Depreciation": "52,300", "Net Income from Continuing Operation Net Minority Interest": "9,900", "Total Unusual Items Excluding Goodwill": "3,800", "Total Unusual Items": "3,800", "Normalized EBITDA": "87,800", "Tax Rate for Calcs": "0", "Tax Effect of Unusual Items": "1,520"}, "12/31/2020": {"Duration": "12/31/2020", "Total Revenue": "305,300", "Cost of Revenue": "233,500", "Gross Profit": "71,800", "Operating Expense": "46,100", "Operating Income": "25,700", "Net Non Operating Interest Income Expense": "-28,600", "Other Income Expense": "8,500", "Pretax Income": "5,600", "Tax Provision": "-400", "Net Income Common Stockholders": "5,500", "Diluted NI Available to Com Stockholders": "5,500", "Basic EPS": "-", "Diluted EPS": "-", "Basic Average Shares": "-", "Diluted Average Shares": "-", "Total Operating Income as Reported": "29,700", "Total Expenses": "279,600", "Net Income from Continuing & Discontinued Operation": "5,600", "Normalized Income": "3,480", "Interest Income": "1,700", "Interest Expense": "30,300", "Net Interest Income": "-28,600", "EBIT": "35,900", "EBITDA": "-", "Reconciled Cost of Revenue": "233,500", "Reconciled Depreciation": "53,300", "Net Income from Continuing Operation Net Minority Interest": "6,400", "Total Unusual Items Excluding Goodwill": "4,000", "Total Unusual Items": "4,000", "Normalized EBITDA": "85,200", "Tax Rate for Calcs": "0", "Tax Effect of Unusual Items": "1,080"}, "12/31/2019": {"Duration": "12/31/2019", "Total Revenue": "435,200", "Cost of Revenue": "340,900", "Gross Profit": "94,300", "Operating Expense": "62,000", "Operating Income": "32,300", "Net Non Operating Interest Income Expense": "-30,100", "Other Income Expense": "-41,100", "Pretax Income": "-38,900", "Tax Provision": "-2,000", "Net Income Common Stockholders": "-36,600", "Diluted NI Available to Com Stockholders": "-36,600", "Basic EPS": "-0.51", "Diluted EPS": "-0.51", "Basic Average Shares": "72,200", "Diluted Average Shares": "72,200", "Total Operating Income as Reported": "-14,300", "Total Expenses": "402,900", "Net Income from Continuing & Discontinued Operation": "-36,400", "Normalized Income": "9,873", "Interest Income": "3,000", "Interest Expense": "33,100", "Net Interest Income": "-30,100", "EBIT": "-5,800", "EBITDA": "-", "Reconciled Cost of Revenue": "340,900", "Reconciled Depreciation": "50,500", "Net Income from Continuing Operation Net Minority Interest": "-34,900", "Total Unusual Items Excluding Goodwill": "-47,200", "Total Unusual Items": "-47,200", "Normalized EBITDA": "91,900", "Tax Rate for Calcs": "0", "Tax Effect of Unusual Items": "-2,427"}, "12/31/2018": {"Duration": "12/31/2018", "Total Revenue": "644,400", "Cost of Revenue": "382,400", "Gross Profit": "262,000", "Operating Expense": "61,200", "Operating Income": "200,800", "Net Non Operating Interest Income Expense": "-33,800", "Other Income Expense": "-219,900", "Pretax Income": "-52,900", "Tax Provision": "16,300", "Net Income Common Stockholders": "-72,000", "Diluted NI Available to Com Stockholders": "-72,000", "Basic EPS": "-1.02", "Diluted EPS": "-1.02", "Basic Average Shares": "70,600", "Diluted Average Shares": "70,600", "Total Operating Income as Reported": "172,800", "Total Expenses": "443,600", "Net Income from Continuing & Discontinued Operation": "-72,000", "Normalized Income": "84,017", "Interest Income": "1,500", "Interest Expense": "35,300", "Net Interest Income": "-33,800", "EBIT": "-17,600", "EBITDA": "-", "Reconciled Cost of Revenue": "382,400", "Reconciled Depreciation": "42,800", "Net Income from Continuing Operation Net Minority Interest": "-71,400", "Total Unusual Items Excluding Goodwill": "-212,900", "Total Unusual Items": "-212,900", "Normalized EBITDA": "238,100", "Tax Rate for Calcs": "0", "Tax Effect of Unusual Items": "-57,483"}}, "bs": {"12/31/2020": {"Duration": "12/31/2020", "Total Assets": "2,036,000", "Total Liabilities Net Minority Interest": "939,900", "Total Equity Gross Minority Interest": "1,096,100", "Total Capitalization": "1,783,200", "Common Stock Equity": "1,096,100", "Capital Lease Obligations": "18,400", "Net Tangible Assets": "1,023,700", "Working Capital": "102,800", "Invested Capital": "1,783,200", "Tangible Book Value": "1,023,700", "Total Debt": "705,500", "Net Debt": "629,900", "Share Issued": "72,400", "Ordinary Shares Number": "72,400"}, "12/31/2019": {"Duration": "12/31/2019", "Total Assets": "2,084,300", "Total Liabilities Net Minority Interest": "955,600", "Total Equity Gross Minority Interest": "1,128,700", "Total Capitalization": "1,829,700", "Common Stock Equity": "1,125,100", "Capital Lease Obligations": "21,600", "Net Tangible Assets": "1,034,800", "Working Capital": "101,400", "Invested Capital": "1,829,700", "Tangible Book Value": "1,034,800", "Total Debt": "726,200", "Net Debt": "689,400", "Share Issued": "72,300", "Ordinary Shares Number": "72,300"}, "12/31/2018": {"Duration": "12/31/2018", "Total Assets": "2,225,200", "Total Liabilities Net Minority Interest": "1,016,900", "Total Equity Gross Minority Interest": "1,208,300", "Total Capitalization": "1,941,700", "Common Stock Equity": "1,202,600", "Capital Lease Obligations": "-", "Net Tangible Assets": "1,069,100", "Working Capital": "274,800", "Invested Capital": "1,980,700", "Tangible Book Value": "1,069,100", "Total Debt": "778,100", "Net Debt": "766,700", "Share Issued": "72,000", "Ordinary Shares Number": "72,000"}}, "cf": {"TTM": {"Duration": "TTM", "Operating Cash Flow": "64,800", "Investing Cash Flow": "19,500", "Financing Cash Flow": "-189,800", "End Cash Position": "32,200", "Income Tax Paid Supplemental Data": "-", "Interest Paid Supplemental Data": "28,000", "Capital Expenditure": "-24,100", "Issuance of Debt": "65,000", "Repayment of Debt": "-185,200", "Repurchase of Capital Stock": "-", "Free Cash Flow": "40,700"}, "12/31/2020": {"Duration": "12/31/2020", "Operating Cash Flow": "63,100", "Investing Cash Flow": "12,000", "Financing Cash Flow": "-33,100", "End Cash Position": "57,400", "Income Tax Paid Supplemental Data": "-", "Interest Paid Supplemental Data": "-", "Capital Expenditure": "-25,100", "Issuance of Debt": "173,000", "Repayment of Debt": "-191,700", "Repurchase of Capital Stock": "-600", "Free Cash Flow": "38,000"}, "12/31/2019": {"Duration": "12/31/2019", "Operating Cash Flow": "157,600", "Investing Cash Flow": "-240,400", "Financing Cash Flow": "-136,700", "End Cash Position": "15,400", "Income Tax Paid Supplemental Data": "-", "Interest Paid Supplemental Data": "32,500", "Capital Expenditure": "-255,100", "Issuance of Debt": "125,600", "Repayment of Debt": "-203,900", "Repurchase of Capital Stock": "-1,000", "Free Cash Flow": "-97,500"}, "12/31/2018": {"Duration": "12/31/2018", "Operating Cash Flow": "309,900", "Investing Cash Flow": "-104,700", "Financing Cash Flow": "-73,500", "End Cash Position": "234,900", "Income Tax Paid Supplemental Data": "-", "Interest Paid Supplemental Data": "34,400", "Capital Expenditure": "-296,100", "Issuance of Debt": "553,100", "Repayment of Debt": "-467,800", "Repurchase of Capital Stock": "-1,500", "Free Cash Flow": "13,800"}}}}, {"NEN": {"quote": {"05/08/2021": {"value": "58.99", "Market Cap": "215.456M", "Beta (5Y Monthly)": "0.50", "PE Ratio (TTM)": "151.24", "EPS (TTM)": "0.39", "Earnings Date": "Dec 11, 2020", "Forward Dividend & Yield": "1.28 (2.17%)", "Ex-Dividend Date": "Jun 14, 2021", "1y Target Est": "N/A"}}, "fin": {"TTM": {"Duration": "TTM", "Total Revenue": "62,103", "Cost of Revenue": "8,782", "Gross Profit": "53,321", "Operating Expense": "38,352", "Operating Income": "14,969", "Net Non Operating Interest Income Expense": "-13,705", "Other Income Expense": "160.715", "Pretax Income": "1,425", "Net Income Common Stockholders": "1,425", "Diluted NI Available to Com Stockholders": "1,425", "Basic EPS": "-", "Diluted EPS": "-", "Basic Average Shares": "-", "Diluted Average Shares": "-", "Total Operating Income as Reported": "-", "Rent Expense Supplemental": "864.542", "Total Expenses": "47,134", "Net Income from Continuing & Discontinued Operation": "1,425", "Normalized Income": "1,425", "Interest Income": "0.195", "Interest Expense": "13,705", "Net Interest Income": "-13,705", "EBIT": "15,130", "EBITDA": "33,541", "Reconciled Cost of Revenue": "8,782", "Reconciled Depreciation": "18,411", "Net Income from Continuing Operation Net Minority Interest": "1,425", "Total Unusual Items": "-", "Normalized EBITDA": "33,541", "Tax Rate for Calcs": "0", "Tax Effect of Unusual Items": "0"}, "12/31/2020": {"Duration": "12/31/2020", "Total Revenue": "62,103", "Cost of Revenue": "8,782", "Gross Profit": "53,321", "Operating Expense": "38,352", "Operating Income": "14,969", "Net Non Operating Interest Income Expense": "-13,705", "Other Income Expense": "160.715", "Pretax Income": "1,425", "Net Income Common Stockholders": "1,425", "Diluted NI Available to Com Stockholders": "1,425", "Basic EPS": "-", "Diluted EPS": "-", "Basic Average Shares": "-", "Diluted Average Shares": "-", "Total Operating Income as Reported": "-", "Rent Expense Supplemental": "864.542", "Total Expenses": "47,134", "Net Income from Continuing & Discontinued Operation": "1,425", "Normalized Income": "1,425", "Interest Income": "0.195", "Interest Expense": "13,705", "Net Interest Income": "-13,705", "EBIT": "15,130", "EBITDA": "-", "Reconciled Cost of Revenue": "8,782", "Reconciled Depreciation": "18,411", "Net Income from Continuing Operation Net Minority Interest": "1,425", "Total Unusual Items": "-", "Normalized EBITDA": "33,541", "Tax Rate for Calcs": "0", "Tax Effect of Unusual Items": "0"}, "12/31/2019": {"Duration": "12/31/2019", "Total Revenue": "60,477", "Cost of Revenue": "9,192", "Gross Profit": "51,286", "Operating Expense": "34,014", "Operating Income": "17,272", "Net Non Operating Interest Income Expense": "-12,201", "Other Income Expense": "1,477", "Pretax Income": "6,547", "Net Income Common Stockholders": "6,547", "Diluted NI Available to Com Stockholders": "6,547", "Basic EPS": "1.76", "Diluted EPS": "1.76", "Basic Average Shares": "3,710", "Diluted Average Shares": "3,710", "Total Operating Income as Reported": "-", "Rent Expense Supplemental": "953.043", "Total Expenses": "43,206", "Net Income from Continuing & Discontinued Operation": "6,547", "Normalized Income": "6,547", "Interest Income": "0.607", "Interest Expense": "12,202", "Net Interest Income": "-12,201", "EBIT": "18,749", "EBITDA": "-", "Reconciled Cost of Revenue": "9,192", "Reconciled Depreciation": "14,684", "Net Income from Continuing Operation Net Minority Interest": "6,547", "Total Unusual Items": "-", "Normalized EBITDA": "33,433", "Tax Rate for Calcs": "0", "Tax Effect of Unusual Items": "0"}, "12/31/2018": {"Duration": "12/31/2018", "Total Revenue": "58,014", "Cost of Revenue": "9,188", "Gross Profit": "48,826", "Operating Expense": "33,908", "Operating Income": "14,918", "Net Non Operating Interest Income Expense": "-12,389", "Other Income Expense": "1,640", "Pretax Income": "4,169", "Net Income Common Stockholders": "4,127", "Diluted NI Available to Com Stockholders": "4,127", "Basic EPS": "1.11", "Diluted EPS": "1.11", "Basic Average Shares": "3,769", "Diluted Average Shares": "3,769", "Total Operating Income as Reported": "14,918", "Rent Expense Supplemental": "779.503", "Total Expenses": "43,096", "Net Income from Continuing & Discontinued Operation": "4,169", "Normalized Income": "4,169", "Interest Income": "0.344", "Interest Expense": "12,390", "Net Interest Income": "-12,389", "EBIT": "16,559", "EBITDA": "-", "Reconciled Cost of Revenue": "9,188", "Reconciled Depreciation": "15,569", "Net Income from Continuing Operation Net Minority Interest": "4,169", "Total Unusual Items": "0", "Normalized EBITDA": "32,128", "Tax Rate for Calcs": "0", "Tax Effect of Unusual Items": "0"}}, "bs": {"12/31/2020": {"Duration": "12/31/2020", "Total Assets": "291,670", "Total Liabilities Net Minority Interest": "333,139", "Total Equity Gross Minority Interest": "-41,469", "Total Capitalization": "258,975", "Common Stock Equity": "-41,469", "Net Tangible Assets": "-51", "Working Capital": "369.966", "Invested Capital": "258,975", "Tangible Book Value": "-41,520", "Total Debt": "300,445", "Net Debt": "281,798", "Share Issued": "178.423", "Ordinary Shares Number": "120.539", "Treasury Shares Number": "57.884"}, "12/31/2019": {"Duration": "12/31/2019", "Total Assets": "294,294", "Total Liabilities Net Minority Interest": "332,117", "Total Equity Gross Minority Interest": "-37,824", "Total Capitalization": "261,947", "Common Stock Equity": "-37,824", "Net Tangible Assets": "-1,382", "Working Capital": "-11,127", "Invested Capital": "261,947", "Tangible Book Value": "-39,206", "Total Debt": "299,771", "Net Debt": "292,225", "Share Issued": "178.423", "Ordinary Shares Number": "120.759", "Treasury Shares Number": "57.664"}, "12/31/2018": {"Duration": "12/31/2018", "Total Assets": "247,035", "Total Liabilities Net Minority Interest": "282,659", "Total Equity Gross Minority Interest": "-35,624", "Total Capitalization": "218,747", "Common Stock Equity": "-35,624", "Net Tangible Assets": "0", "Working Capital": "-7,741", "Invested Capital": "218,747", "Tangible Book Value": "-35,624", "Total Debt": "254,371", "Net Debt": "245,311", "Share Issued": "178.423", "Ordinary Shares Number": "123.143", "Treasury Shares Number": "55.28"}}, "cf": {"TTM": {"Duration": "TTM", "Operating Cash Flow": "17,452", "Investing Cash Flow": "-1,715", "Financing Cash Flow": "-4,636", "End Cash Position": "18,647", "Capital Expenditure": "-", "Issuance of Debt": "3,782", "Repayment of Debt": "-3,212", "Repurchase of Capital Stock": "-394.031", "Free Cash Flow": "17,452"}, "12/31/2020": {"Duration": "12/31/2020", "Operating Cash Flow": "17,452", "Investing Cash Flow": "-1,715", "Financing Cash Flow": "-4,636", "End Cash Position": "18,647", "Capital Expenditure": "-", "Issuance of Debt": "3,782", "Repayment of Debt": "-3,212", "Repurchase of Capital Stock": "-394.031", "Free Cash Flow": "17,452"}, "12/31/2019": {"Duration": "12/31/2019", "Operating Cash Flow": "22,449", "Investing Cash Flow": "-29,278", "Financing Cash Flow": "5,315", "End Cash Position": "7,546", "Capital Expenditure": "-", "Issuance of Debt": "20,000", "Repayment of Debt": "-5,491", "Repurchase of Capital Stock": "-4,050", "Free Cash Flow": "22,449"}, "12/31/2018": {"Duration": "12/31/2018", "Operating Cash Flow": "25,632", "Investing Cash Flow": "-2,437", "Financing Cash Flow": "-21,374", "End Cash Position": "9,060", "Capital Expenditure": "-", "Issuance of Debt": "83.684", "Repayment of Debt": "-16,831", "Repurchase of Capital Stock": "0", "Free Cash Flow": "25,632"}}}}, {"GRBK": {"quote": {"05/08/2021": {"value": "25.85", "Market Cap": "1.311B", "Beta (5Y Monthly)": "1.28", "PE Ratio (TTM)": "10.60", "EPS (TTM)": "2.44", "Earnings Date": "Aug 02, 2021 - Aug 06, 2021", "Forward Dividend & Yield": "N/A (N/A)", "Ex-Dividend Date": "N/A", "1y Target Est": "31.00"}}, "fin": {"TTM": {"Duration": "TTM", "Total Revenue": "997,233", "Cost of Revenue": "752,609", "Gross Profit": "244,624", "Operating Expense": "114,753", "Operating Income": "129,871", "Net Non Operating Interest Income Expense": "-", "Other Income Expense": "25,448", "Pretax Income": "155,319", "Tax Provision": "26,477", "Net Income Common Stockholders": "123,745", "Diluted NI Available to Com Stockholders": "123,745", "Basic EPS": "-", "Diluted EPS": "-", "Basic Average Shares": "-", "Diluted Average Shares": "-", "Total Operating Income as Reported": "-", "Total Expenses": "867,362", "Net Income from Continuing & Discontinued Operation": "123,745", "Normalized Income": "124,050", "Interest Expense": "-", "Net Interest Income": "-", "EBIT": "129,871", "EBITDA": "133,751", "Reconciled Cost of Revenue": "752,609", "Reconciled Depreciation": "3,880", "Net Income from Continuing Operation Net Minority Interest": "123,745", "Total Unusual Items Excluding Goodwill": "-368", "Total Unusual Items": "-368", "Normalized EBITDA": "134,119", "Tax Rate for Calcs": "0", "Tax Effect of Unusual Items": "-62.7324"}, "12/31/2020": {"Duration": "12/31/2020", "Total Revenue": "976,021", "Cost of Revenue": "741,417", "Gross Profit": "234,604", "Operating Expense": "112,134", "Operating Income": "122,470", "Net Non Operating Interest Income Expense": "-", "Other Income Expense": "20,343", "Pretax Income": "142,813", "Tax Provision": "25,016", "Net Income Common Stockholders": "113,693", "Diluted NI Available to Com Stockholders": "113,693", "Basic EPS": "-", "Diluted EPS": "-", "Basic Average Shares": "-", "Diluted Average Shares": "-", "Total Operating Income as Reported": "-", "Total Expenses": "853,551", "Net Income from Continuing & Discontinued Operation": "113,693", "Normalized Income": "113,997", "Interest Expense": "-", "Net Interest Income": "-", "EBIT": "122,470", "EBITDA": "-", "Reconciled Cost of Revenue": "741,417", "Reconciled Depreciation": "3,666", "Net Income from Continuing Operation Net Minority Interest": "113,693", "Total Unusual Items Excluding Goodwill": "-368", "Total Unusual Items": "-368", "Normalized EBITDA": "126,504", "Tax Rate for Calcs": "0", "Tax Effect of Unusual Items": "-64.4"}, "12/31/2019": {"Duration": "12/31/2019", "Total Revenue": "791,660", "Cost of Revenue": "622,578", "Gross Profit": "169,082", "Operating Expense": "98,659", "Operating Income": "70,423", "Net Non Operating Interest Income Expense": "-", "Other Income Expense": "13,906", "Pretax Income": "84,329", "Tax Provision": "20,027", "Net Income Common Stockholders": "58,656", "Diluted NI Available to Com Stockholders": "58,656", "Basic EPS": "1.16", "Diluted EPS": "1.16", "Basic Average Shares": "50,530", "Diluted Average Shares": "50,636", "Total Operating Income as Reported": "-", "Total Expenses": "721,237", "Net Income from Continuing & Discontinued Operation": "58,656", "Normalized Income": "62,399", "Interest Expense": "-", "Net Interest Income": "-", "EBIT": "70,423", "EBITDA": "-", "Reconciled Cost of Revenue": "622,578", "Reconciled Depreciation": "3,079", "Net Income from Continuing Operation Net Minority Interest": "58,656", "Total Unusual Items Excluding Goodwill": "-4,906", "Total Unusual Items": "-4,906", "Normalized EBITDA": "78,408", "Tax Rate for Calcs": "0", "Tax Effect of Unusual Items": "-1,163"}, "12/31/2018": {"Duration": "12/31/2018", "Total Revenue": "623,647", "Cost of Revenue": "493,317", "Gross Profit": "130,330", "Operating Expense": "54,225", "Operating Income": "76,105", "Net Non Operating Interest Income Expense": "-", "Other Income Expense": "5,566", "Pretax Income": "81,671", "Tax Provision": "17,136", "Net Income Common Stockholders": "51,623", "Diluted NI Available to Com Stockholders": "51,623", "Basic EPS": "1.02", "Diluted EPS": "1.02", "Basic Average Shares": "50,652", "Diluted Average Shares": "50,751", "Total Operating Income as Reported": "71,807", "Total Expenses": "547,542", "Net Income from Continuing & Discontinued Operation": "51,623", "Normalized Income": "52,960", "Interest Expense": "-", "Net Interest Income": "-", "EBIT": "76,105", "EBITDA": "-", "Reconciled Cost of Revenue": "493,317", "Reconciled Depreciation": "2,943", "Net Income from Continuing Operation Net Minority Interest": "51,623", "Total Unusual Items Excluding Goodwill": "-1,693", "Total Unusual Items": "-1,693", "Normalized EBITDA": "80,741", "Tax Rate for Calcs": "0", "Tax Effect of Unusual Items": "-355.53"}}, "bs": {"12/31/2020": {"Duration": "12/31/2020", "Total Assets": "988,847", "Total Liabilities Net Minority Interest": "339,438", "Total Equity Gross Minority Interest": "649,409", "Total Capitalization": "860,110", "Common Stock Equity": "640,242", "Capital Lease Obligations": "2,591", "Net Tangible Assets": "638,940", "Working Capital": "818,557", "Invested Capital": "860,110", "Tangible Book Value": "638,940", "Total Debt": "222,459", "Net Debt": "200,389", "Share Issued": "51,054", "Ordinary Shares Number": "50,662", "Treasury Shares Number": "391.939"}, "12/31/2019": {"Duration": "12/31/2019", "Total Assets": "875,539", "Total Liabilities Net Minority Interest": "339,144", "Total Equity Gross Minority Interest": "536,395", "Total Capitalization": "761,216", "Common Stock Equity": "523,168", "Capital Lease Obligations": "3,564", "Net Tangible Assets": "521,781", "Working Capital": "741,272", "Invested Capital": "761,216", "Tangible Book Value": "521,781", "Total Debt": "241,612", "Net Debt": "204,779", "Share Issued": "50,880", "Ordinary Shares Number": "50,488", "Treasury Shares Number": "391.939"}, "12/31/2018": {"Duration": "12/31/2018", "Total Assets": "784,026", "Total Liabilities Net Minority Interest": "298,394", "Total Equity Gross Minority Interest": "485,632", "Total Capitalization": "668,737", "Common Stock Equity": "468,351", "Capital Lease Obligations": "-", "Net Tangible Assets": "466,815", "Working Capital": "645,081", "Invested Capital": "668,737", "Tangible Book Value": "466,815", "Total Debt": "200,386", "Net Debt": "162,071", "Share Issued": "50,720", "Ordinary Shares Number": "50,583", "Treasury Shares Number": "136.756"}}, "cf": {"TTM": {"Duration": "TTM", "Operating Cash Flow": "25,914", "Investing Cash Flow": "-12,983", "Financing Cash Flow": "-82,124", "End Cash Position": "43,438", "Income Tax Paid Supplemental Data": "20,404", "Interest Paid Supplemental Data": "-", "Capital Expenditure": "-2,543", "Issuance of Capital Stock": "-", "Issuance of Debt": "509,714", "Repayment of Debt": "-586,096", "Repurchase of Capital Stock": "-", "Free Cash Flow": "23,371"}, "12/31/2020": {"Duration": "12/31/2020", "Operating Cash Flow": "35,099", "Investing Cash Flow": "-13,298", "Financing Cash Flow": "-25,851", "End Cash Position": "33,635", "Income Tax Paid Supplemental Data": "20,541", "Interest Paid Supplemental Data": "0", "Capital Expenditure": "-2,867", "Issuance of Capital Stock": "-", "Issuance of Debt": "402,714", "Repayment of Debt": "-421,090", "Repurchase of Capital Stock": "0", "Free Cash Flow": "32,232"}, "12/31/2019": {"Duration": "12/31/2019", "Operating Cash Flow": "-22,063", "Investing Cash Flow": "-7,869", "Financing Cash Flow": "25,862", "End Cash Position": "37,685", "Income Tax Paid Supplemental Data": "14,313", "Interest Paid Supplemental Data": "0", "Capital Expenditure": "-2,569", "Issuance of Capital Stock": "-", "Issuance of Debt": "299,000", "Repayment of Debt": "-260,000", "Repurchase of Capital Stock": "-2,186", "Free Cash Flow": "-24,632"}, "12/31/2018": {"Duration": "12/31/2018", "Operating Cash Flow": "-39,476", "Investing Cash Flow": "-30,827", "Financing Cash Flow": "71,769", "End Cash Position": "41,755", "Income Tax Paid Supplemental Data": "4,611", "Interest Paid Supplemental Data": "0", "Capital Expenditure": "-3,211", "Issuance of Capital Stock": "-", "Issuance of Debt": "165,000", "Repayment of Debt": "-80,226", "Repurchase of Capital Stock": "-981", "Free Cash Flow": "-42,687"}}}}, {"BPY": {"quote": {"05/08/2021": {"value": "18.00", "Market Cap": "16.569B", "Beta (5Y Monthly)": "1.39", "PE Ratio (TTM)": "N/A", "EPS (TTM)": "-2.39", "Earnings Date": "Aug 04, 2021 - Aug 09, 2021", "Forward Dividend & Yield": "1.33 (7.43%)", "Ex-Dividend Date": "Feb 25, 2021", "1y Target Est": "17.77"}}, "fin": {"TTM": {"Duration": "TTM", "Total Revenue": "6,593,000", "Cost of Revenue": "2,633,000", "Gross Profit": "3,960,000", "Operating Expense": "1,135,000", "Operating Income": "2,825,000", "Net Non Operating Interest Income Expense": "-2,592,000", "Other Income Expense": "-2,071,000", "Pretax Income": "-1,838,000", "Tax Provision": "220,000", "Net Income Common Stockholders": "-2,400,000", "Average Dilution Earnings": "-42,000", "Diluted NI Available to Com Stockholders": "-2,400,000", "Basic EPS": "-", "Diluted EPS": "-", "Basic Average Shares": "-", "Diluted Average Shares": "-", "Rent Expense Supplemental": "16,000", "Total Expenses": "3,768,000", "Net Income from Continuing & Discontinued Operation": "-2,358,000", "Normalized Income": "-1,392,940", "Interest Income": "107,000", "Interest Expense": "2,592,000", "Net Interest Income": "-2,592,000", "EBIT": "754,000", "EBITDA": "1,073,000", "Reconciled Cost of Revenue": "2,633,000", "Reconciled Depreciation": "319,000", "Net Income from Continuing Operation Net Minority Interest": "-2,358,000", "Total Unusual Items Excluding Goodwill": "-1,322,000", "Total Unusual Items": "-1,322,000", "Normalized EBITDA": "2,395,000", "Tax Rate for Calcs": "0", "Tax Effect of Unusual Items": "-356,940"}, "12/31/2020": {"Duration": "12/31/2020", "Total Revenue": "6,593,000", "Cost of Revenue": "2,633,000", "Gross Profit": "3,960,000", "Operating Expense": "1,135,000", "Operating Income": "2,825,000", "Net Non Operating Interest Income Expense": "-2,592,000", "Other Income Expense": "-2,071,000", "Pretax Income": "-1,838,000", "Tax Provision": "220,000", "Net Income Common Stockholders": "-2,400,000", "Average Dilution Earnings": "-42,000", "Diluted NI Available to Com Stockholders": "-2,400,000", "Basic EPS": "-", "Diluted EPS": "-", "Basic Average Shares": "-", "Diluted Average Shares": "-", "Rent Expense Supplemental": "16,000", "Total Expenses": "3,768,000", "Net Income from Continuing & Discontinued Operation": "-2,358,000", "Normalized Income": "-1,392,940", "Interest Income": "-", "Interest Expense": "2,592,000", "Net Interest Income": "-2,592,000", "EBIT": "754,000", "EBITDA": "-", "Reconciled Cost of Revenue": "2,633,000", "Reconciled Depreciation": "319,000", "Net Income from Continuing Operation Net Minority Interest": "-2,358,000", "Total Unusual Items Excluding Goodwill": "-1,322,000", "Total Unusual Items": "-1,322,000", "Normalized EBITDA": "2,395,000", "Tax Rate for Calcs": "0", "Tax Effect of Unusual Items": "-356,940"}, "12/31/2019": {"Duration": "12/31/2019", "Total Revenue": "8,203,000", "Cost of Revenue": "3,268,000", "Gross Profit": "4,935,000", "Operating Expense": "1,223,000", "Operating Income": "3,712,000", "Net Non Operating Interest Income Expense": "-2,924,000", "Other Income Expense": "2,565,000", "Pretax Income": "3,353,000", "Tax Provision": "196,000", "Net Income Common Stockholders": "884,000", "Average Dilution Earnings": "-7,000", "Diluted NI Available to Com Stockholders": "1,949,000", "Basic EPS": "1.89", "Diluted EPS": "1.89", "Basic Average Shares": "1,025,100", "Diluted Average Shares": "1,031,800", "Rent Expense Supplemental": "16,000", "Total Expenses": "4,491,000", "Net Income from Continuing & Discontinued Operation": "884,000", "Normalized Income": "317,800", "Interest Income": "107,000", "Interest Expense": "2,924,000", "Net Interest Income": "-2,924,000", "EBIT": "6,277,000", "EBITDA": "-", "Reconciled Cost of Revenue": "3,268,000", "Reconciled Depreciation": "341,000", "Net Income from Continuing Operation Net Minority Interest": "884,000", "Total Unusual Items Excluding Goodwill": "596,000", "Total Unusual Items": "596,000", "Normalized EBITDA": "6,022,000", "Tax Rate for Calcs": "0", "Tax Effect of Unusual Items": "29,800"}, "12/31/2018": {"Duration": "12/31/2018", "Total Revenue": "7,239,000", "Cost of Revenue": "3,113,000", "Gross Profit": "4,126,000", "Operating Expense": "1,340,000", "Operating Income": "2,786,000", "Net Non Operating Interest Income Expense": "-2,464,000", "Other Income Expense": "3,413,000", "Pretax Income": "3,735,000", "Tax Provision": "81,000", "Net Income Common Stockholders": "764,000", "Average Dilution Earnings": "27,000", "Diluted NI Available to Com Stockholders": "2,005,000", "Basic EPS": "0.79", "Diluted EPS": "0.79", "Basic Average Shares": "966,245", "Diluted Average Shares": "966,245", "Rent Expense Supplemental": "59,000", "Total Expenses": "4,453,000", "Net Income from Continuing & Discontinued Operation": "764,000", "Normalized Income": "-1,652,680", "Interest Income": "57,000", "Interest Expense": "2,464,000", "Net Interest Income": "-2,464,000", "EBIT": "6,199,000", "EBITDA": "-", "Reconciled Cost of Revenue": "3,113,000", "Reconciled Depreciation": "308,000", "Net Income from Continuing Operation Net Minority Interest": "764,000", "Total Unusual Items Excluding Goodwill": "2,466,000", "Total Unusual Items": "2,466,000", "Normalized EBITDA": "4,041,000", "Tax Rate for Calcs": "0", "Tax Effect of Unusual Items": "49,320"}}, "bs": {"12/31/2020": {"Duration": "12/31/2020", "Total Assets": "107,951,000", "Total Liabilities Net Minority Interest": "66,428,000", "Total Equity Gross Minority Interest": "41,523,000", "Total Capitalization": "67,047,000", "Common Stock Equity": "25,784,000", "Capital Lease Obligations": "918,000", "Net Tangible Assets": "-2,062,000", "Working Capital": "-13,211,000", "Invested Capital": "81,183,000", "Tangible Book Value": "23,722,000", "Total Debt": "56,317,000", "Net Debt": "52,926,000", "Share Issued": "929,185", "Ordinary Shares Number": "929,185", "Preferred Shares Number": "28,860"}, "12/31/2019": {"Duration": "12/31/2019", "Total Assets": "111,643,000", "Total Liabilities Net Minority Interest": "66,708,000", "Total Equity Gross Minority Interest": "44,935,000", "Total Capitalization": "75,498,000", "Common Stock Equity": "28,915,000", "Capital Lease Obligations": "932,000", "Net Tangible Assets": "-2,203,000", "Working Capital": "-9,177,000", "Invested Capital": "84,495,000", "Tangible Book Value": "26,712,000", "Total Debt": "56,512,000", "Net Debt": "54,142,000", "Share Issued": "939,358", "Ordinary Shares Number": "939,358", "Preferred Shares Number": "17,360"}, "12/31/2018": {"Duration": "12/31/2018", "Total Assets": "122,520,000", "Total Liabilities Net Minority Interest": "75,780,000", "Total Equity Gross Minority Interest": "46,740,000", "Total Capitalization": "86,226,000", "Common Stock Equity": "28,284,000", "Capital Lease Obligations": "-", "Net Tangible Assets": "-2,288,000", "Working Capital": "-3,192,000", "Invested Capital": "92,879,000", "Tangible Book Value": "25,996,000", "Total Debt": "64,595,000", "Net Debt": "61,307,000", "Share Issued": "966,245", "Ordinary Shares Number": "966,245", "Preferred Shares Number": "-"}}, "cf": {"TTM": {"Duration": "TTM", "Operating Cash Flow": "1,332,000", "Investing Cash Flow": "-99,000", "Financing Cash Flow": "-215,000", "End Cash Position": "2,473,000", "Income Tax Paid Supplemental Data": "107,000", "Interest Paid Supplemental Data": "2,276,000", "Capital Expenditure": "-169,000", "Issuance of Capital Stock": "1,016,000", "Issuance of Debt": "11,392,000", "Repayment of Debt": "-9,843,000", "Repurchase of Capital Stock": "-1,106,000", "Free Cash Flow": "1,163,000"}, "12/31/2020": {"Duration": "12/31/2020", "Operating Cash Flow": "1,332,000", "Investing Cash Flow": "-99,000", "Financing Cash Flow": "-215,000", "End Cash Position": "2,473,000", "Income Tax Paid Supplemental Data": "107,000", "Interest Paid Supplemental Data": "2,276,000", "Capital Expenditure": "-169,000", "Issuance of Capital Stock": "1,016,000", "Issuance of Debt": "11,392,000", "Repayment of Debt": "-9,843,000", "Repurchase of Capital Stock": "-1,106,000", "Free Cash Flow": "1,163,000"}, "12/31/2019": {"Duration": "12/31/2019", "Operating Cash Flow": "624,000", "Investing Cash Flow": "-1,611,000", "Financing Cash Flow": "-892,000", "End Cash Position": "1,438,000", "Income Tax Paid Supplemental Data": "253,000", "Interest Paid Supplemental Data": "2,476,000", "Capital Expenditure": "-372,000", "Issuance of Capital Stock": "433,000", "Issuance of Debt": "23,797,000", "Repayment of Debt": "-21,144,000", "Repurchase of Capital Stock": "-554,000", "Free Cash Flow": "252,000"}, "12/31/2018": {"Duration": "12/31/2018", "Operating Cash Flow": "1,357,000", "Investing Cash Flow": "-8,406,000", "Financing Cash Flow": "8,873,000", "End Cash Position": "3,288,000", "Income Tax Paid Supplemental Data": "236,000", "Interest Paid Supplemental Data": "2,253,000", "Capital Expenditure": "-15,885,000", "Issuance of Capital Stock": "501,000", "Issuance of Debt": "29,804,000", "Repayment of Debt": "-19,936,000", "Repurchase of Capital Stock": "-81,000", "Free Cash Flow": "-14,528,000"}}}}, {"HGSH": {"quote": {"05/08/2021": {"value": "1.9900", "Market Cap": "50.978M", "Beta (5Y Monthly)": "1.26", "PE Ratio (TTM)": "29.26", "EPS (TTM)": "0.0680", "Earnings Date": "Feb 22, 2021", "Forward Dividend & Yield": "N/A (N/A)", "Ex-Dividend Date": "N/A", "1y Target Est": "N/A"}}, "fin": {"TTM": {"Duration": "TTM", "Total Revenue": "13,252", "Cost of Revenue": "12,221", "Gross Profit": "1,031", "Operating Expense": "2,501", "Operating Income": "-1,470", "Net Non Operating Interest Income Expense": "-45.456", "Other Income Expense": "4,081", "Pretax Income": "2,460", "Tax Provision": "929.606", "Net Income Common Stockholders": "1,530", "Diluted NI Available to Com Stockholders": "1,530", "Basic EPS": "-", "Diluted EPS": "-", "Basic Average Shares": "-", "Diluted Average Shares": "-", "Total Operating Income as Reported": "-1,470", "Total Expenses": "14,722", "Net Income from Continuing & Discontinued Operation": "1,530", "Normalized Income": "1,530", "Interest Expense": "65.535", "Net Interest Income": "-45.456", "EBIT": "2,611", "EBITDA": "2,678", "Reconciled Cost of Revenue": "12,221", "Reconciled Depreciation": "66.234", "Net Income from Continuing Operation Net Minority Interest": "1,530", "Total Unusual Items Excluding Goodwill": "-", "Total Unusual Items": "-", "Normalized EBITDA": "2,678", "Tax Rate for Calcs": "0", "Tax Effect of Unusual Items": "0"}, "9/30/2020": {"Duration": "9/30/2020", "Total Revenue": "12,786", "Cost of Revenue": "12,073", "Gross Profit": "712.657", "Operating Expense": "2,905", "Operating Income": "-2,192", "Net Non Operating Interest Income Expense": "-65.535", "Other Income Expense": "4,081", "Pretax Income": "1,823", "Tax Provision": "841.933", "Net Income Common Stockholders": "981.438", "Diluted NI Available to Com Stockholders": "981.438", "Basic EPS": "0.04", "Diluted EPS": "0.04", "Basic Average Shares": "22,525", "Diluted Average Shares": "22,525", "Total Operating Income as Reported": "-2,192", "Total Expenses": "14,978", "Net Income from Continuing & Discontinued Operation": "981.438", "Normalized Income": "981.438", "Interest Expense": "65.535", "Net Interest Income": "-65.535", "EBIT": "1,889", "EBITDA": "-", "Reconciled Cost of Revenue": "12,073", "Reconciled Depreciation": "72.748", "Net Income from Continuing Operation Net Minority Interest": "981.438", "Total Unusual Items Excluding Goodwill": "-", "Total Unusual Items": "-", "Normalized EBITDA": "1,962", "Tax Rate for Calcs": "0", "Tax Effect of Unusual Items": "0"}, "9/30/2019": {"Duration": "9/30/2019", "Total Revenue": "39,575", "Cost of Revenue": "30,254", "Gross Profit": "9,322", "Operating Expense": "3,156", "Operating Income": "6,165", "Net Non Operating Interest Income Expense": "-131.27", "Other Income Expense": "-309.93", "Pretax Income": "5,724", "Tax Provision": "2,022", "Net Income Common Stockholders": "3,702", "Diluted NI Available to Com Stockholders": "3,702", "Basic EPS": "0.16", "Diluted EPS": "0.16", "Basic Average Shares": "22,525", "Diluted Average Shares": "22,525", "Total Operating Income as Reported": "6,165", "Total Expenses": "33,410", "Net Income from Continuing & Discontinued Operation": "3,702", "Normalized Income": "3,702", "Interest Expense": "131.27", "Net Interest Income": "-131.27", "EBIT": "5,855", "EBITDA": "-", "Reconciled Cost of Revenue": "30,254", "Reconciled Depreciation": "79.27", "Net Income from Continuing Operation Net Minority Interest": "3,702", "Total Unusual Items Excluding Goodwill": "-", "Total Unusual Items": "-", "Normalized EBITDA": "5,935", "Tax Rate for Calcs": "0", "Tax Effect of Unusual Items": "0"}, "9/30/2018": {"Duration": "9/30/2018", "Total Revenue": "64,239", "Cost of Revenue": "48,642", "Gross Profit": "15,597", "Operating Expense": "3,374", "Operating Income": "12,223", "Net Non Operating Interest Income Expense": "-499.855", "Other Income Expense": "-1,407", "Pretax Income": "10,316", "Tax Provision": "5,073", "Net Income Common Stockholders": "5,243", "Diluted NI Available to Com Stockholders": "5,243", "Basic EPS": "0.24", "Diluted EPS": "0.24", "Basic Average Shares": "22,525", "Diluted Average Shares": "22,525", "Total Operating Income as Reported": "12,223", "Total Expenses": "52,016", "Net Income from Continuing & Discontinued Operation": "5,243", "Normalized Income": "5,243", "Interest Expense": "499.855", "Net Interest Income": "-499.855", "EBIT": "10,815", "EBITDA": "-", "Reconciled Cost of Revenue": "48,642", "Reconciled Depreciation": "85.788", "Net Income from Continuing Operation Net Minority Interest": "5,243", "Total Unusual Items Excluding Goodwill": "-", "Total Unusual Items": "-", "Normalized EBITDA": "10,901", "Tax Rate for Calcs": "0", "Tax Effect of Unusual Items": "0"}}, "bs": {"9/30/2020": {"Duration": "9/30/2020", "Total Assets": "353,964", "Total Liabilities Net Minority Interest": "185,638", "Total Equity Gross Minority Interest": "168,326", "Total Capitalization": "278,263", "Common Stock Equity": "168,326", "Net Tangible Assets": "168,326", "Working Capital": "-47,377", "Invested Capital": "278,263", "Tangible Book Value": "168,326", "Total Debt": "109,937", "Net Debt": "109,480", "Share Issued": "22,525", "Ordinary Shares Number": "22,525"}, "9/30/2019": {"Duration": "9/30/2019", "Total Assets": "347,893", "Total Liabilities Net Minority Interest": "189,193", "Total Equity Gross Minority Interest": "158,700", "Total Capitalization": "188,165", "Common Stock Equity": "158,700", "Net Tangible Assets": "158,700", "Working Capital": "-29,729", "Invested Capital": "267,627", "Tangible Book Value": "158,700", "Total Debt": "108,927", "Net Debt": "108,663", "Share Issued": "22,525", "Ordinary Shares Number": "22,525"}, "9/30/2018": {"Duration": "9/30/2018", "Total Assets": "368,397", "Total Liabilities Net Minority Interest": "206,719", "Total Equity Gross Minority Interest": "161,678", "Total Capitalization": "228,563", "Common Stock Equity": "161,678", "Net Tangible Assets": "161,678", "Working Capital": "10,283", "Invested Capital": "286,316", "Tangible Book Value": "161,678", "Total Debt": "124,638", "Net Debt": "121,371", "Share Issued": "22,525", "Ordinary Shares Number": "22,525"}}, "cf": {"TTM": {"Duration": "TTM", "Operating Cash Flow": "374.758", "Investing Cash Flow": "-", "Financing Cash Flow": "-297.34", "End Cash Position": "4,763", "Income Tax Paid Supplemental Data": "801.815", "Interest Paid Supplemental Data": "5,241", "Capital Expenditure": "-", "Issuance of Debt": "-", "Repayment of Debt": "-297.34", "Free Cash Flow": "374.758"}, "9/30/2020": {"Duration": "9/30/2020", "Operating Cash Flow": "2,217", "Investing Cash Flow": "-", "Financing Cash Flow": "-2,416", "End Cash Position": "3,868", "Income Tax Paid Supplemental Data": "782.836", "Interest Paid Supplemental Data": "6,848", "Capital Expenditure": "-", "Issuance of Debt": "0", "Repayment of Debt": "-2,416", "Free Cash Flow": "2,217"}, "9/30/2019": {"Duration": "9/30/2019", "Operating Cash Flow": "8,938", "Investing Cash Flow": "-", "Financing Cash Flow": "-11,337", "End Cash Position": "4,202", "Income Tax Paid Supplemental Data": "347.675", "Interest Paid Supplemental Data": "7,199", "Capital Expenditure": "-", "Issuance of Debt": "488.307", "Repayment of Debt": "-11,826", "Free Cash Flow": "8,938"}, "9/30/2018": {"Duration": "9/30/2018", "Operating Cash Flow": "2,465", "Investing Cash Flow": "0", "Financing Cash Flow": "-1,064", "End Cash Position": "3,267", "Income Tax Paid Supplemental Data": "772.337", "Interest Paid Supplemental Data": "6,643", "Capital Expenditure": "-", "Issuance of Debt": "6,656", "Repayment of Debt": "-7,720", "Free Cash Flow": "2,465"}}}}, {"CTO": {"quote": {"05/08/2021": {"value": "52.65", "Market Cap": "313.72M", "Beta (5Y Monthly)": "0.58", "PE Ratio (TTM)": "2.67", "EPS (TTM)": "19.72", "Earnings Date": "Feb 19, 2021", "Forward Dividend & Yield": "4.00 (7.76%)", "Ex-Dividend Date": "Jun 18, 2021", "1y Target Est": "60.00"}}, "fin": {"TTM": {"Duration": "TTM", "Total Revenue": "58,255", "Cost of Revenue": "14,573", "Gross Profit": "43,682", "Operating Expense": "29,531", "Operating Income": "14,151", "Net Non Operating Interest Income Expense": "-9,829", "Other Income Expense": "14,385", "Pretax Income": "18,707", "Tax Provision": "-79,849", "Net Income Common Stockholders": "98,556", "Diluted NI Available to Com Stockholders": "98,556", "Basic EPS": "-", "Diluted EPS": "-", "Basic Average Shares": "-", "Diluted Average Shares": "-", "Total Operating Income as Reported": "16,450", "Total Expenses": "44,104", "Net Income from Continuing & Discontinued Operation": "98,556", "Normalized Income": "89,925", "Interest Income": "-", "Interest Expense": "9,375", "Net Interest Income": "-9,829", "EBIT": "28,082", "EBITDA": "47,423", "Reconciled Cost of Revenue": "14,573", "Reconciled Depreciation": "19,341", "Net Income from Continuing Operation Net Minority Interest": "98,556", "Total Unusual Items Excluding Goodwill": "14,385", "Total Unusual Items": "14,385", "Normalized EBITDA": "33,038", "Tax Rate for Calcs": "0", "Tax Effect of Unusual Items": "5,754"}, "12/31/2020": {"Duration": "12/31/2020", "Total Revenue": "56,381", "Cost of Revenue": "15,211", "Gross Profit": "41,170", "Operating Expense": "29,204", "Operating Income": "11,966", "Net Non Operating Interest Income Expense": "-10,838", "Other Income Expense": "-6,118", "Pretax Income": "-4,990", "Tax Provision": "-83,499", "Net Income Common Stockholders": "78,509", "Diluted NI Available to Com Stockholders": "78,509", "Basic EPS": "-", "Diluted EPS": "-", "Basic Average Shares": "-", "Diluted Average Shares": "-", "Total Operating Income as Reported": "12,280", "Total Expenses": "44,415", "Net Income from Continuing & Discontinued Operation": "78,509", "Normalized Income": "82,975", "Interest Income": "-", "Interest Expense": "10,384", "Net Interest Income": "-10,838", "EBIT": "5,394", "EBITDA": "-", "Reconciled Cost of Revenue": "15,211", "Reconciled Depreciation": "19,063", "Net Income from Continuing Operation Net Minority Interest": "78,509", "Total Unusual Items Excluding Goodwill": "-6,118", "Total Unusual Items": "-6,118", "Normalized EBITDA": "30,575", "Tax Rate for Calcs": "0", "Tax Effect of Unusual Items": "-1,652"}, "12/31/2019": {"Duration": "12/31/2019", "Total Revenue": "44,941", "Cost of Revenue": "7,105", "Gross Profit": "37,837", "Operating Expense": "25,615", "Operating Income": "12,221", "Net Non Operating Interest Income Expense": "-12,466", "Other Income Expense": "22,322", "Pretax Income": "22,077", "Tax Provision": "5,472", "Net Income Common Stockholders": "114,973", "Diluted NI Available to Com Stockholders": "114,973", "Basic EPS": "23.03", "Diluted EPS": "23.00", "Basic Average Shares": "4,992", "Diluted Average Shares": "4,998", "Total Operating Income as Reported": "34,199", "Total Expenses": "32,720", "Net Income from Continuing & Discontinued Operation": "114,973", "Normalized Income": "-158.7593", "Interest Income": "-", "Interest Expense": "12,022", "Net Interest Income": "-12,466", "EBIT": "34,099", "EBITDA": "-", "Reconciled Cost of Revenue": "7,105", "Reconciled Depreciation": "15,797", "Net Income from Continuing Operation Net Minority Interest": "16,605", "Total Unusual Items Excluding Goodwill": "22,322", "Total Unusual Items": "22,322", "Normalized EBITDA": "27,574", "Tax Rate for Calcs": "0", "Tax Effect of Unusual Items": "5,558"}, "12/31/2018": {"Duration": "12/31/2018", "Total Revenue": "86,689", "Cost of Revenue": "19,684", "Gross Profit": "67,005", "Operating Expense": "25,547", "Operating Income": "41,458", "Net Non Operating Interest Income Expense": "-10,423", "Other Income Expense": "22,088", "Pretax Income": "53,122", "Tax Provision": "14,163", "Net Income Common Stockholders": "37,168", "Diluted NI Available to Com Stockholders": "37,168", "Basic EPS": "6.76", "Diluted EPS": "6.72", "Basic Average Shares": "5,496", "Diluted Average Shares": "5,529", "Total Operating Income as Reported": "63,493", "Total Expenses": "45,231", "Net Income from Continuing & Discontinued Operation": "37,168", "Normalized Income": "22,769", "Interest Income": "-", "Interest Expense": "9,928", "Net Interest Income": "-10,423", "EBIT": "63,050", "EBITDA": "-", "Reconciled Cost of Revenue": "19,310", "Reconciled Depreciation": "16,136", "Net Income from Continuing Operation Net Minority Interest": "38,959", "Total Unusual Items Excluding Goodwill": "22,088", "Total Unusual Items": "22,088", "Normalized EBITDA": "57,098", "Tax Rate for Calcs": "0", "Tax Effect of Unusual Items": "5,897"}}, "bs": {"12/31/2020": {"Duration": "12/31/2020", "Total Assets": "665,931", "Total Liabilities Net Minority Interest": "315,032", "Total Equity Gross Minority Interest": "350,899", "Total Capitalization": "459,115", "Common Stock Equity": "350,899", "Capital Lease Obligations": "245", "Net Tangible Assets": "300,723", "Working Capital": "-120,393", "Invested Capital": "623,960", "Tangible Book Value": "300,723", "Total Debt": "273,306", "Net Debt": "268,772", "Share Issued": "7,311", "Ordinary Shares Number": "5,916", "Treasury Shares Number": "1,395"}, "12/31/2019": {"Duration": "12/31/2019", "Total Assets": "703,286", "Total Liabilities Net Minority Interest": "417,873", "Total Equity Gross Minority Interest": "285,413", "Total Capitalization": "338,080", "Common Stock Equity": "285,413", "Capital Lease Obligations": "364.888", "Net Tangible Assets": "236,391", "Working Capital": "-84,665", "Invested Capital": "572,632", "Tangible Book Value": "236,391", "Total Debt": "287,583", "Net Debt": "280,744", "Share Issued": "6,077", "Ordinary Shares Number": "4,770", "Treasury Shares Number": "1,306"}, "12/31/2018": {"Duration": "12/31/2018", "Total Assets": "556,330", "Total Liabilities Net Minority Interest": "344,568", "Total Equity Gross Minority Interest": "211,761", "Total Capitalization": "265,292", "Common Stock Equity": "211,761", "Capital Lease Obligations": "-", "Net Tangible Assets": "168,206", "Working Capital": "-120,908", "Invested Capital": "459,386", "Tangible Book Value": "168,206", "Total Debt": "247,625", "Net Debt": "245,314", "Share Issued": "6,052", "Ordinary Shares Number": "5,437", "Treasury Shares Number": "615.257"}}, "cf": {"TTM": {"Duration": "TTM", "Operating Cash Flow": "19,448", "Investing Cash Flow": "19,212", "Financing Cash Flow": "-54,864", "End Cash Position": "5,299", "Capital Expenditure": "-", "Issuance of Debt": "93,999", "Repayment of Debt": "-127,863", "Repurchase of Capital Stock": "-185", "Free Cash Flow": "-148,363"}, "12/31/2020": {"Duration": "12/31/2020", "Operating Cash Flow": "16,930", "Investing Cash Flow": "-91,122", "Financing Cash Flow": "-26,888", "End Cash Position": "33,825", "Capital Expenditure": "-167,811", "Issuance of Debt": "66,640", "Repayment of Debt": "-72,269", "Repurchase of Capital Stock": "-4,100", "Free Cash Flow": "-150,881"}, "12/31/2019": {"Duration": "12/31/2019", "Operating Cash Flow": "16,410", "Investing Cash Flow": "103,099", "Financing Cash Flow": "-5,804", "End Cash Position": "134,905", "Capital Expenditure": "-150,705", "Issuance of Debt": "141,500", "Repayment of Debt": "-103,073", "Repurchase of Capital Stock": "-41,096", "Free Cash Flow": "-134,295"}, "12/31/2018": {"Duration": "12/31/2018", "Operating Cash Flow": "48,655", "Investing Cash Flow": "-77,896", "Financing Cash Flow": "38,657", "End Cash Position": "22,032", "Capital Expenditure": "-109,394", "Issuance of Debt": "106,300", "Repayment of Debt": "-55,997", "Repurchase of Capital Stock": "-9,837", "Free Cash Flow": "-60,739"}}}}, {"FOR": {"quote": {"05/08/2021": {"value": "25.24", "Market Cap": "1.24B", "Beta (5Y Monthly)": "2.01", "PE Ratio (TTM)": "14.41", "EPS (TTM)": "1.75", "Earnings Date": "Jul 21, 2021 - Jul 26, 2021", "Forward Dividend & Yield": "N/A (N/A)", "Ex-Dividend Date": "N/A", "1y Target Est": "30.20"}}, "fin": {"TTM": {"Duration": "TTM", "Total Revenue": "1,119,600", "Cost of Revenue": "957,200", "Gross Profit": "162,400", "Operating Expense": "55,800", "Operating Income": "106,600", "Net Non Operating Interest Income Expense": "2,300", "Other Income Expense": "200", "Pretax Income": "109,100", "Tax Provision": "24,000", "Net Income Common Stockholders": "84,800", "Diluted NI Available to Com Stockholders": "84,800", "Basic EPS": "-", "Diluted EPS": "-", "Basic Average Shares": "-", "Diluted Average Shares": "-", "Total Operating Income as Reported": "-", "Total Expenses": "1,013,000", "Net Income from Continuing & Discontinued Operation": "84,800", "Normalized Income": "84,800", "Interest Income": "2,300", "Interest Expense": "-", "Net Interest Income": "2,300", "EBIT": "112,300", "EBITDA": "115,300", "Reconciled Cost of Revenue": "957,200", "Reconciled Depreciation": "3,000", "Net Income from Continuing Operation Net Minority Interest": "84,800", "Total Unusual Items Excluding Goodwill": "0", "Total Unusual Items": "0", "Normalized EBITDA": "115,300", "Tax Rate for Calcs": "0", "Tax Effect of Unusual Items": "0"}, "9/30/2020": {"Duration": "9/30/2020", "Total Revenue": "931,800", "Cost of Revenue": "813,700", "Gross Profit": "118,100", "Operating Expense": "45,700", "Operating Income": "72,400", "Net Non Operating Interest Income Expense": "4,900", "Other Income Expense": "800", "Pretax Income": "78,100", "Tax Provision": "16,400", "Net Income Common Stockholders": "60,800", "Diluted NI Available to Com Stockholders": "60,800", "Basic EPS": "1.26", "Diluted EPS": "1.26", "Basic Average Shares": "48,000", "Diluted Average Shares": "48,100", "Total Operating Income as Reported": "-", "Total Expenses": "859,400", "Net Income from Continuing & Discontinued Operation": "60,800", "Normalized Income": "60,721", "Interest Income": "4,900", "Interest Expense": "0", "Net Interest Income": "4,900", "EBIT": "78,100", "EBITDA": "-", "Reconciled Cost of Revenue": "813,700", "Reconciled Depreciation": "4,900", "Net Income from Continuing Operation Net Minority Interest": "60,800", "Total Unusual Items Excluding Goodwill": "100", "Total Unusual Items": "100", "Normalized EBITDA": "82,900", "Tax Rate for Calcs": "0", "Tax Effect of Unusual Items": "21"}, "9/30/2019": {"Duration": "9/30/2019", "Total Revenue": "428,300", "Cost of Revenue": "362,700", "Gross Profit": "65,600", "Operating Expense": "28,900", "Operating Income": "36,700", "Net Non Operating Interest Income Expense": "5,500", "Other Income Expense": "3,500", "Pretax Income": "45,700", "Tax Provision": "9,400", "Net Income Common Stockholders": "33,000", "Diluted NI Available to Com Stockholders": "33,000", "Basic EPS": "0.79", "Diluted EPS": "0.79", "Basic Average Shares": "42,000", "Diluted Average Shares": "42,000", "Total Operating Income as Reported": "-", "Total Expenses": "391,600", "Net Income from Continuing & Discontinued Operation": "33,000", "Normalized Income": "30,630", "Interest Income": "5,500", "Interest Expense": "0", "Net Interest Income": "5,500", "EBIT": "45,700", "EBITDA": "-", "Reconciled Cost of Revenue": "362,700", "Reconciled Depreciation": "6,700", "Net Income from Continuing Operation Net Minority Interest": "33,000", "Total Unusual Items Excluding Goodwill": "3,000", "Total Unusual Items": "3,000", "Normalized EBITDA": "49,400", "Tax Rate for Calcs": "0", "Tax Effect of Unusual Items": "630"}}, "bs": {"9/30/2020": {"Duration": "9/30/2020", "Total Assets": "1,739,900", "Total Liabilities Net Minority Interest": "868,100", "Total Equity Gross Minority Interest": "871,800", "Total Capitalization": "1,512,000", "Common Stock Equity": "870,900", "Capital Lease Obligations": "3,800", "Net Tangible Assets": "870,900", "Working Capital": "286,700", "Invested Capital": "1,512,000", "Tangible Book Value": "870,900", "Total Debt": "644,900", "Net Debt": "246,800", "Share Issued": "48,062", "Ordinary Shares Number": "48,062"}, "9/30/2019": {"Duration": "9/30/2019", "Total Assets": "1,455,700", "Total Liabilities Net Minority Interest": "646,800", "Total Equity Gross Minority Interest": "808,900", "Total Capitalization": "1,268,800", "Common Stock Equity": "808,300", "Capital Lease Obligations": "-", "Net Tangible Assets": "808,300", "Working Capital": "294,100", "Invested Capital": "1,268,800", "Tangible Book Value": "808,300", "Total Debt": "460,500", "Net Debt": "77,700", "Share Issued": "47,997", "Ordinary Shares Number": "47,997"}}, "cf": {"TTM": {"Duration": "TTM", "Operating Cash Flow": "-294,100", "Investing Cash Flow": "3,500", "Financing Cash Flow": "19,600", "End Cash Position": "167,200", "Interest Paid Supplemental Data": "-", "Capital Expenditure": "-600", "Issuance of Capital Stock": "23,300", "Issuance of Debt": "0", "Repayment of Debt": "0", "Repurchase of Capital Stock": "-500", "Free Cash Flow": "-294,700"}, "9/30/2020": {"Duration": "9/30/2020", "Operating Cash Flow": "-168,400", "Investing Cash Flow": "5,000", "Financing Cash Flow": "174,900", "End Cash Position": "394,300", "Interest Paid Supplemental Data": "0", "Capital Expenditure": "-600", "Issuance of Capital Stock": "0", "Issuance of Debt": "300,000", "Repayment of Debt": "-118,900", "Repurchase of Capital Stock": "-300", "Free Cash Flow": "-169,000"}, "9/30/2019": {"Duration": "9/30/2019", "Operating Cash Flow": "-391,200", "Investing Cash Flow": "-800", "Financing Cash Flow": "439,800", "End Cash Position": "382,800", "Interest Paid Supplemental Data": "0", "Capital Expenditure": "-900", "Issuance of Capital Stock": "100,700", "Issuance of Debt": "435,000", "Repayment of Debt": "-85,000", "Repurchase of Capital Stock": "-", "Free Cash Flow": "-392,100"}}}}, {"LGIH": {"quote": {"05/08/2021": {"value": "183.36", "Market Cap": "4.572B", "Beta (5Y Monthly)": "1.57", "PE Ratio (TTM)": "12.18", "EPS (TTM)": "15.06", "Earnings Date": "Aug 02, 2021 - Aug 06, 2021", "Forward Dividend & Yield": "N/A (N/A)", "Ex-Dividend Date": "N/A", "1y Target Est": "147.50"}}, "fin": {"TTM": {"Duration": "TTM", "Total Revenue": "2,619,155", "Cost of Revenue": "1,932,673", "Gross Profit": "686,482", "Operating Expense": "253,207", "Operating Income": "433,275", "Net Non Operating Interest Income Expense": "0", "Other Income Expense": "2,961", "Pretax Income": "436,236", "Tax Provision": "55,522", "Net Income Common Stockholders": "380,714", "Diluted NI Available to Com Stockholders": "380,714", "Basic EPS": "-", "Diluted EPS": "-", "Basic Average Shares": "-", "Diluted Average Shares": "-", "Total Operating Income as Reported": "433,275", "Total Expenses": "2,185,880", "Net Income from Continuing & Discontinued Operation": "380,714", "Normalized Income": "380,714", "Interest Expense": "0", "Net Interest Income": "0", "EBIT": "436,236", "EBITDA": "437,073", "Reconciled Cost of Revenue": "1,932,673", "Reconciled Depreciation": "837", "Net Income from Continuing Operation Net Minority Interest": "380,714", "Total Unusual Items Excluding Goodwill": "0", "Total Unusual Items": "0", "Normalized EBITDA": "437,073", "Tax Rate for Calcs": "0", "Tax Effect of Unusual Items": "0"}, "12/31/2020": {"Duration": "12/31/2020", "Total Revenue": "2,367,929", "Cost of Revenue": "1,764,832", "Gross Profit": "603,097", "Operating Expense": "238,387", "Operating Income": "364,710", "Net Non Operating Interest Income Expense": "0", "Other Income Expense": "3,139", "Pretax Income": "367,849", "Tax Provision": "43,954", "Net Income Common Stockholders": "323,895", "Diluted NI Available to Com Stockholders": "323,895", "Basic EPS": "-", "Diluted EPS": "-", "Basic Average Shares": "-", "Diluted Average Shares": "-", "Total Operating Income as Reported": "364,710", "Total Expenses": "2,003,219", "Net Income from Continuing & Discontinued Operation": "323,895", "Normalized Income": "323,895", "Interest Expense": "0", "Net Interest Income": "0", "EBIT": "367,849", "EBITDA": "-", "Reconciled Cost of Revenue": "1,764,832", "Reconciled Depreciation": "710", "Net Income from Continuing Operation Net Minority Interest": "323,895", "Total Unusual Items Excluding Goodwill": "0", "Total Unusual Items": "0", "Normalized EBITDA": "368,559", "Tax Rate for Calcs": "0", "Tax Effect of Unusual Items": "0"}, "12/31/2019": {"Duration": "12/31/2019", "Total Revenue": "1,838,154", "Cost of Revenue": "1,401,675", "Gross Profit": "436,479", "Operating Expense": "208,941", "Operating Income": "227,538", "Net Non Operating Interest Income Expense": "0", "Other Income Expense": "4,294", "Pretax Income": "231,832", "Tax Provision": "53,224", "Net Income Common Stockholders": "178,608", "Diluted NI Available to Com Stockholders": "178,608", "Basic EPS": "7.70", "Diluted EPS": "7.02", "Basic Average Shares": "23,192", "Diluted Average Shares": "25,431", "Total Operating Income as Reported": "227,538", "Total Expenses": "1,610,616", "Net Income from Continuing & Discontinued Operation": "178,608", "Normalized Income": "178,738", "Interest Expense": "0", "Net Interest Income": "0", "EBIT": "231,832", "EBITDA": "-", "Reconciled Cost of Revenue": "1,401,675", "Reconciled Depreciation": "643", "Net Income from Continuing Operation Net Minority Interest": "178,608", "Total Unusual Items Excluding Goodwill": "-169", "Total Unusual Items": "-169", "Normalized EBITDA": "232,644", "Tax Rate for Calcs": "0", "Tax Effect of Unusual Items": "-38.87"}, "12/31/2018": {"Duration": "12/31/2018", "Total Revenue": "1,504,400", "Cost of Revenue": "1,124,484", "Gross Profit": "379,916", "Operating Expense": "179,805", "Operating Income": "200,111", "Net Non Operating Interest Income Expense": "0", "Other Income Expense": "-1,013", "Pretax Income": "199,098", "Tax Provision": "43,812", "Net Income Common Stockholders": "155,286", "Diluted NI Available to Com Stockholders": "155,286", "Basic EPS": "6.89", "Diluted EPS": "6.24", "Basic Average Shares": "22,552", "Diluted Average Shares": "24,892", "Total Operating Income as Reported": "200,111", "Total Expenses": "1,304,289", "Net Income from Continuing & Discontinued Operation": "155,286", "Normalized Income": "158,093", "Interest Expense": "0", "Net Interest Income": "0", "EBIT": "199,098", "EBITDA": "-", "Reconciled Cost of Revenue": "1,124,484", "Reconciled Depreciation": "711", "Net Income from Continuing Operation Net Minority Interest": "155,286", "Total Unusual Items Excluding Goodwill": "-3,599", "Total Unusual Items": "-3,599", "Normalized EBITDA": "203,408", "Tax Rate for Calcs": "0", "Tax Effect of Unusual Items": "-791.9687"}}, "bs": {"12/31/2020": {"Duration": "12/31/2020", "Total Assets": "1,826,087", "Total Liabilities Net Minority Interest": "687,082", "Total Equity Gross Minority Interest": "1,139,005", "Total Capitalization": "1,380,722", "Common Stock Equity": "1,139,005", "Capital Lease Obligations": "5,287", "Net Tangible Assets": "1,126,987", "Working Capital": "1,326,890", "Invested Capital": "1,677,403", "Tangible Book Value": "1,126,987", "Total Debt": "543,685", "Net Debt": "502,456", "Share Issued": "26,742", "Ordinary Shares Number": "24,984", "Treasury Shares Number": "1,758"}, "12/31/2019": {"Duration": "12/31/2019", "Total Assets": "1,666,115", "Total Liabilities Net Minority Interest": "820,922", "Total Equity Gross Minority Interest": "845,193", "Total Capitalization": "1,239,724", "Common Stock Equity": "845,193", "Capital Lease Obligations": "5,645", "Net Tangible Assets": "833,175", "Working Capital": "1,219,006", "Invested Capital": "1,535,752", "Tangible Book Value": "833,175", "Total Debt": "696,204", "Net Debt": "652,214", "Share Issued": "26,398", "Ordinary Shares Number": "25,359", "Treasury Shares Number": "1,039"}, "12/31/2018": {"Duration": "12/31/2018", "Total Assets": "1,395,473", "Total Liabilities Net Minority Interest": "739,530", "Total Equity Gross Minority Interest": "655,943", "Total Capitalization": "1,309,677", "Common Stock Equity": "655,943", "Capital Lease Obligations": "-", "Net Tangible Assets": "643,925", "Working Capital": "1,266,464", "Invested Capital": "1,309,677", "Tangible Book Value": "643,925", "Total Debt": "653,734", "Net Debt": "607,110", "Share Issued": "23,746", "Ordinary Shares Number": "22,707", "Treasury Shares Number": "1,039"}}, "cf": {"TTM": {"Duration": "TTM", "Operating Cash Flow": "304,041", "Investing Cash Flow": "-3,702", "Financing Cash Flow": "-370,414", "End Cash Position": "48,157", "Capital Expenditure": "-3,554", "Issuance of Capital Stock": "5,534", "Issuance of Debt": "353,780", "Repayment of Debt": "-685,000", "Repurchase of Capital Stock": "-42,573", "Free Cash Flow": "300,487"}, "12/31/2020": {"Duration": "12/31/2020", "Operating Cash Flow": "202,158", "Investing Cash Flow": "-5,648", "Financing Cash Flow": "-198,913", "End Cash Position": "35,942", "Capital Expenditure": "-2,692", "Issuance of Capital Stock": "4,259", "Issuance of Debt": "377,064", "Repayment of Debt": "-530,000", "Repurchase of Capital Stock": "-48,081", "Free Cash Flow": "199,466"}, "12/31/2019": {"Duration": "12/31/2019", "Operating Cash Flow": "-41,934", "Investing Cash Flow": "-1,793", "Financing Cash Flow": "35,448", "End Cash Position": "38,345", "Capital Expenditure": "-734", "Issuance of Capital Stock": "2,886", "Issuance of Debt": "309,308", "Repayment of Debt": "-273,762", "Repurchase of Capital Stock": "0", "Free Cash Flow": "-42,668"}, "12/31/2018": {"Duration": "12/31/2018", "Operating Cash Flow": "-116,723", "Investing Cash Flow": "-74,938", "Financing Cash Flow": "170,714", "End Cash Position": "46,624", "Capital Expenditure": "-475", "Issuance of Capital Stock": "2,690", "Issuance of Debt": "612,717", "Repayment of Debt": "-436,238", "Repurchase of Capital Stock": "-1,506", "Free Cash Flow": "-117,198"}}}}, {"INN": {"quote": {"05/08/2021": {"value": "10.02", "Market Cap": "1.063B", "Beta (5Y Monthly)": "2.42", "PE Ratio (TTM)": "N/A", "EPS (TTM)": "-1.67", "Earnings Date": "Aug 03, 2021 - Aug 09, 2021", "Forward Dividend & Yield": "N/A (N/A)", "Ex-Dividend Date": "Feb 13, 2020", "1y Target Est": "11.75"}}, "fin": {"TTM": {"Duration": "TTM", "Total Revenue": "183,932", "Cost of Revenue": "173,390", "Gross Profit": "10,542", "Operating Expense": "138,882", "Operating Income": "-128,340", "Net Non Operating Interest Income Expense": "-43,076", "Other Income Expense": "5,027", "Pretax Income": "-166,389", "Tax Provision": "-487", "Net Income Common Stockholders": "-174,220", "Diluted NI Available to Com Stockholders": "-174,220", "Basic EPS": "-", "Diluted EPS": "-", "Basic Average Shares": "-", "Diluted Average Shares": "-", "Total Operating Income as Reported": "-129,280", "Total Expenses": "312,272", "Net Income from Continuing & Discontinued Operation": "-159,382", "Normalized Income": "-158,445", "Interest Expense": "43,076", "Net Interest Income": "-43,076", "EBIT": "-123,313", "EBITDA": "-13,476", "Reconciled Cost of Revenue": "173,390", "Reconciled Depreciation": "109,837", "Net Income from Continuing Operation Net Minority Interest": "-159,382", "Total Unusual Items Excluding Goodwill": "-940", "Total Unusual Items": "-940", "Normalized EBITDA": "-12,536", "Tax Rate for Calcs": "0", "Tax Effect of Unusual Items": "-2.7513"}, "12/31/2020": {"Duration": "12/31/2020", "Total Revenue": "234,463", "Cost of Revenue": "200,397", "Gross Profit": "34,066", "Operating Expense": "141,701", "Operating Income": "-107,635", "Net Non Operating Interest Income Expense": "-43,300", "Other Income Expense": "3,066", "Pretax Income": "-147,869", "Tax Provision": "1,376", "Net Income Common Stockholders": "-158,177", "Diluted NI Available to Com Stockholders": "-158,177", "Basic EPS": "-", "Diluted EPS": "-", "Basic Average Shares": "-", "Diluted Average Shares": "-", "Total Operating Income as Reported": "-109,410", "Total Expenses": "342,098", "Net Income from Continuing & Discontinued Operation": "-143,339", "Normalized Income": "-142,043", "Interest Expense": "43,300", "Net Interest Income": "-43,300", "EBIT": "-104,569", "EBITDA": "-", "Reconciled Cost of Revenue": "200,397", "Reconciled Depreciation": "109,619", "Net Income from Continuing Operation Net Minority Interest": "-143,339", "Total Unusual Items Excluding Goodwill": "-1,775", "Total Unusual Items": "-1,775", "Normalized EBITDA": "6,825", "Tax Rate for Calcs": "0", "Tax Effect of Unusual Items": "-479.25"}, "12/31/2019": {"Duration": "12/31/2019", "Total Revenue": "549,348", "Cost of Revenue": "333,197", "Gross Profit": "216,151", "Operating Expense": "139,642", "Operating Income": "76,509", "Net Non Operating Interest Income Expense": "-41,030", "Other Income Expense": "48,369", "Pretax Income": "83,848", "Tax Provision": "1,500", "Net Income Common Stockholders": "67,772", "Diluted NI Available to Com Stockholders": "67,772", "Basic EPS": "0.65", "Diluted EPS": "0.65", "Basic Average Shares": "103,887", "Diluted Average Shares": "103,939", "Total Operating Income as Reported": "119,406", "Total Expenses": "472,839", "Net Income from Continuing & Discontinued Operation": "82,610", "Normalized Income": "40,480", "Interest Expense": "41,030", "Net Interest Income": "-41,030", "EBIT": "124,878", "EBITDA": "-", "Reconciled Cost of Revenue": "333,197", "Reconciled Depreciation": "99,445", "Net Income from Continuing Operation Net Minority Interest": "82,610", "Total Unusual Items Excluding Goodwill": "42,897", "Total Unusual Items": "42,897", "Normalized EBITDA": "181,426", "Tax Rate for Calcs": "0", "Tax Effect of Unusual Items": "767.4065"}, "12/31/2018": {"Duration": "12/31/2018", "Total Revenue": "567,270", "Cost of Revenue": "341,427", "Gross Profit": "225,843", "Operating Expense": "141,043", "Operating Income": "84,800", "Net Non Operating Interest Income Expense": "-41,944", "Other Income Expense": "47,348", "Pretax Income": "90,204", "Tax Provision": "-922", "Net Income Common Stockholders": "70,973", "Diluted NI Available to Com Stockholders": "70,973", "Basic EPS": "0.68", "Diluted EPS": "0.68", "Basic Average Shares": "103,623", "Diluted Average Shares": "103,842", "Total Operating Income as Reported": "125,199", "Total Expenses": "482,470", "Net Income from Continuing & Discontinued Operation": "90,921", "Normalized Income": "61,430", "Interest Expense": "41,944", "Net Interest Income": "-41,944", "EBIT": "132,148", "EBITDA": "-", "Reconciled Cost of Revenue": "341,427", "Reconciled Depreciation": "101,013", "Net Income from Continuing Operation Net Minority Interest": "90,921", "Total Unusual Items Excluding Goodwill": "40,399", "Total Unusual Items": "40,399", "Normalized EBITDA": "192,762", "Tax Rate for Calcs": "0", "Tax Effect of Unusual Items": "10,908"}}, "bs": {"12/31/2020": {"Duration": "12/31/2020", "Total Assets": "2,233,019", "Total Liabilities Net Minority Interest": "1,180,956", "Total Equity Gross Minority Interest": "1,052,063", "Total Capitalization": "1,585,987", "Preferred Stock Equity": "94", "Common Stock Equity": "988,648", "Capital Lease Obligations": "18,438", "Net Tangible Assets": "977,511", "Working Capital": "-449,875", "Invested Capital": "2,083,393", "Tangible Book Value": "977,417", "Total Debt": "1,113,183", "Net Debt": "1,074,026", "Share Issued": "105,709", "Ordinary Shares Number": "105,709", "Preferred Shares Number": "9,400"}, "12/31/2019": {"Duration": "12/31/2019", "Total Assets": "2,355,683", "Total Liabilities Net Minority Interest": "1,112,293", "Total Equity Gross Minority Interest": "1,243,390", "Total Capitalization": "1,774,941", "Preferred Stock Equity": "94", "Common Stock Equity": "1,173,684", "Capital Lease Obligations": "19,604", "Net Tangible Assets": "1,162,547", "Working Capital": "-352,030", "Invested Capital": "2,189,847", "Tangible Book Value": "1,162,453", "Total Debt": "1,035,767", "Net Debt": "973,925", "Share Issued": "105,170", "Ordinary Shares Number": "105,170", "Preferred Shares Number": "9,400"}, "12/31/2018": {"Duration": "12/31/2018", "Total Assets": "2,222,297", "Total Liabilities Net Minority Interest": "1,030,153", "Total Equity Gross Minority Interest": "1,192,144", "Total Capitalization": "1,833,561", "Preferred Stock Equity": "94", "Common Stock Equity": "1,189,755", "Capital Lease Obligations": "-", "Net Tangible Assets": "1,189,849", "Working Capital": "-243,241", "Invested Capital": "2,148,467", "Tangible Book Value": "1,189,755", "Total Debt": "958,712", "Net Debt": "914,624", "Share Issued": "104,783", "Ordinary Shares Number": "104,783", "Preferred Shares Number": "9,400"}}, "cf": {"TTM": {"Duration": "TTM", "Operating Cash Flow": "-52,525", "Investing Cash Flow": "-24,233", "Financing Cash Flow": "-35,718", "End Cash Position": "47,388", "Income Tax Paid Supplemental Data": "-", "Interest Paid Supplemental Data": "39,840", "Issuance of Capital Stock": "-", "Issuance of Debt": "355,000", "Repayment of Debt": "-342,302", "Repurchase of Capital Stock": "-1,602", "Free Cash Flow": "-52,525"}, "12/31/2020": {"Duration": "12/31/2020", "Operating Cash Flow": "-42,052", "Investing Cash Flow": "-30,710", "Financing Cash Flow": "41,825", "End Cash Position": "38,896", "Income Tax Paid Supplemental Data": "-", "Interest Paid Supplemental Data": "40,927", "Issuance of Capital Stock": "-", "Issuance of Debt": "202,500", "Repayment of Debt": "-123,748", "Repurchase of Capital Stock": "-469", "Free Cash Flow": "-42,052"}, "12/31/2019": {"Duration": "12/31/2019", "Operating Cash Flow": "148,478", "Investing Cash Flow": "-182,164", "Financing Cash Flow": "30,963", "End Cash Position": "69,833", "Income Tax Paid Supplemental Data": "-", "Interest Paid Supplemental Data": "41,648", "Issuance of Capital Stock": "0", "Issuance of Debt": "360,000", "Repayment of Debt": "-302,287", "Repurchase of Capital Stock": "-839", "Free Cash Flow": "148,478"}, "12/31/2018": {"Duration": "12/31/2018", "Operating Cash Flow": "161,651", "Investing Cash Flow": "-63,057", "Financing Cash Flow": "-92,045", "End Cash Position": "72,556", "Income Tax Paid Supplemental Data": "839", "Interest Paid Supplemental Data": "38,743", "Issuance of Capital Stock": "0", "Issuance of Debt": "815,000", "Repayment of Debt": "-723,098", "Repurchase of Capital Stock": "-87,724", "Free Cash Flow": "161,651"}}}}, {"MMI": {"quote": {"05/08/2021": {"value": "36.95", "Market Cap": "1.441B", "Beta (5Y Monthly)": "0.88", "PE Ratio (TTM)": "34.21", "EPS (TTM)": "1.08", "Earnings Date": "Aug 04, 2021 - Aug 09, 2021", "Forward Dividend & Yield": "N/A (N/A)", "Ex-Dividend Date": "N/A", "1y Target Est": "N/A"}}, "fin": {"TTM": {"Duration": "TTM", "Total Revenue": "716,906", "Cost of Revenue": "447,879", "Gross Profit": "269,027", "Operating Expense": "215,413", "Operating Income": "53,614", "Net Non Operating Interest Income Expense": "-900", "Other Income Expense": "6,650", "Pretax Income": "59,364", "Tax Provision": "16,526", "Net Income Common Stockholders": "42,835", "Diluted NI Available to Com Stockholders": "42,835", "Basic EPS": "-", "Diluted EPS": "-", "Basic Average Shares": "-", "Diluted Average Shares": "-", "Total Operating Income as Reported": "53,614", "Total Expenses": "663,292", "Net Income from Continuing & Discontinued Operation": "42,838", "Normalized Income": "42,838", "Interest Expense": "900", "Net Interest Income": "-900", "EBIT": "60,264", "EBITDA": "93,988", "Reconciled Cost of Revenue": "425,054", "Reconciled Depreciation": "33,724", "Net Income from Continuing Operation Net Minority Interest": "42,838", "Normalized EBITDA": "93,988", "Tax Rate for Calcs": "0", "Tax Effect of Unusual Items": "0"}, "12/31/2020": {"Duration": "12/31/2020", "Total Revenue": "716,906", "Cost of Revenue": "447,879", "Gross Profit": "269,027", "Operating Expense": "215,413", "Operating Income": "53,614", "Net Non Operating Interest Income Expense": "-900", "Other Income Expense": "6,650", "Pretax Income": "59,364", "Tax Provision": "16,526", "Net Income Common Stockholders": "42,835", "Diluted NI Available to Com Stockholders": "42,835", "Basic EPS": "-", "Diluted EPS": "-", "Basic Average Shares": "-", "Diluted Average Shares": "-", "Total Operating Income as Reported": "53,614", "Total Expenses": "663,292", "Net Income from Continuing & Discontinued Operation": "42,838", "Normalized Income": "42,838", "Interest Expense": "900", "Net Interest Income": "-900", "EBIT": "60,264", "EBITDA": "-", "Reconciled Cost of Revenue": "425,054", "Reconciled Depreciation": "33,724", "Net Income from Continuing Operation Net Minority Interest": "42,838", "Normalized EBITDA": "93,988", "Tax Rate for Calcs": "0", "Tax Effect of Unusual Items": "0"}, "12/31/2019": {"Duration": "12/31/2019", "Total Revenue": "806,428", "Cost of Revenue": "498,878", "Gross Profit": "307,550", "Operating Expense": "211,127", "Operating Income": "96,423", "Net Non Operating Interest Income Expense": "-1,388", "Other Income Expense": "12,477", "Pretax Income": "107,512", "Tax Provision": "30,582", "Net Income Common Stockholders": "76,930", "Diluted NI Available to Com Stockholders": "76,930", "Basic EPS": "1.95", "Diluted EPS": "1.95", "Basic Average Shares": "39,404", "Diluted Average Shares": "39,548", "Total Operating Income as Reported": "96,423", "Total Expenses": "710,005", "Net Income from Continuing & Discontinued Operation": "76,930", "Normalized Income": "76,930", "Interest Expense": "1,388", "Net Interest Income": "-1,388", "EBIT": "108,900", "EBITDA": "-", "Reconciled Cost of Revenue": "477,671", "Reconciled Depreciation": "29,224", "Net Income from Continuing Operation Net Minority Interest": "76,930", "Normalized EBITDA": "138,124", "Tax Rate for Calcs": "0", "Tax Effect of Unusual Items": "0"}, "12/31/2018": {"Duration": "12/31/2018", "Total Revenue": "814,816", "Cost of Revenue": "502,883", "Gross Profit": "311,933", "Operating Expense": "199,646", "Operating Income": "112,287", "Net Non Operating Interest Income Expense": "-1,400", "Other Income Expense": "6,333", "Pretax Income": "117,220", "Tax Provision": "29,963", "Net Income Common Stockholders": "87,257", "Diluted NI Available to Com Stockholders": "87,257", "Basic EPS": "2.23", "Diluted EPS": "2.22", "Basic Average Shares": "39,149", "Diluted Average Shares": "39,383", "Total Operating Income as Reported": "112,287", "Total Expenses": "702,529", "Net Income from Continuing & Discontinued Operation": "87,257", "Normalized Income": "87,257", "Interest Expense": "1,400", "Net Interest Income": "-1,400", "EBIT": "118,620", "EBITDA": "-", "Reconciled Cost of Revenue": "502,883", "Reconciled Depreciation": "6,297", "Net Income from Continuing Operation Net Minority Interest": "87,257", "Normalized EBITDA": "124,917", "Tax Rate for Calcs": "0", "Tax Effect of Unusual Items": "0"}}, "bs": {"12/31/2020": {"Duration": "12/31/2020", "Total Assets": "779,122", "Total Liabilities Net Minority Interest": "232,286", "Total Equity Gross Minority Interest": "546,836", "Total Capitalization": "546,836", "Common Stock Equity": "546,836", "Capital Lease Obligations": "78,598", "Net Tangible Assets": "492,886", "Working Capital": "308,761", "Invested Capital": "546,836", "Tangible Book Value": "492,886", "Total Debt": "78,598", "Share Issued": "39,402", "Ordinary Shares Number": "39,402"}, "12/31/2019": {"Duration": "12/31/2019", "Total Assets": "709,034", "Total Liabilities Net Minority Interest": "214,127", "Total Equity Gross Minority Interest": "494,907", "Total Capitalization": "494,907", "Common Stock Equity": "494,907", "Capital Lease Obligations": "80,917", "Net Tangible Assets": "472,595", "Working Capital": "308,362", "Invested Capital": "501,471", "Tangible Book Value": "472,595", "Total Debt": "87,481", "Share Issued": "39,153", "Ordinary Shares Number": "39,153"}, "12/31/2018": {"Duration": "12/31/2018", "Total Assets": "566,380", "Total Liabilities Net Minority Interest": "156,806", "Total Equity Gross Minority Interest": "409,574", "Total Capitalization": "416,138", "Common Stock Equity": "409,574", "Capital Lease Obligations": "-", "Net Tangible Assets": "394,189", "Working Capital": "278,483", "Invested Capital": "417,225", "Tangible Book Value": "394,189", "Total Debt": "7,651", "Share Issued": "38,814", "Ordinary Shares Number": "38,814"}}, "cf": {"TTM": {"Duration": "TTM", "Operating Cash Flow": "38,088", "Investing Cash Flow": "-17,228", "Financing Cash Flow": "-10,330", "End Cash Position": "243,152", "Income Tax Paid Supplemental Data": "7,329", "Interest Paid Supplemental Data": "1,223", "Capital Expenditure": "-6,945", "Issuance of Capital Stock": "-", "Repayment of Debt": "-6,564", "Free Cash Flow": "31,143"}, "12/31/2020": {"Duration": "12/31/2020", "Operating Cash Flow": "38,088", "Investing Cash Flow": "-17,228", "Financing Cash Flow": "-10,330", "End Cash Position": "243,152", "Income Tax Paid Supplemental Data": "7,329", "Interest Paid Supplemental Data": "1,223", "Capital Expenditure": "-6,945", "Issuance of Capital Stock": "-", "Repayment of Debt": "-6,564", "Free Cash Flow": "31,143"}, "12/31/2019": {"Duration": "12/31/2019", "Operating Cash Flow": "25,287", "Investing Cash Flow": "-3,422", "Financing Cash Flow": "-3,878", "End Cash Position": "232,670", "Income Tax Paid Supplemental Data": "39,841", "Interest Paid Supplemental Data": "2,107", "Capital Expenditure": "-8,812", "Issuance of Capital Stock": "-", "Repayment of Debt": "-1,087", "Free Cash Flow": "16,475"}, "12/31/2018": {"Duration": "12/31/2018", "Operating Cash Flow": "117,314", "Investing Cash Flow": "-117,980", "Financing Cash Flow": "-5,437", "End Cash Position": "214,683", "Income Tax Paid Supplemental Data": "24,311", "Interest Paid Supplemental Data": "2,195", "Capital Expenditure": "-8,072", "Issuance of Capital Stock": "621", "Repayment of Debt": "-1,035", "Free Cash Flow": "109,242"}}}}, {"STRS": {"quote": {"05/08/2021": {"value": "29.19", "Market Cap": "240.222M", "Beta (5Y Monthly)": "0.93", "PE Ratio (TTM)": "N/A", "EPS (TTM)": "-2.78", "Earnings Date": "May 10, 2021", "Forward Dividend & Yield": "N/A (N/A)", "Ex-Dividend Date": "Mar 29, 2017", "1y Target Est": "N/A"}}, "fin": {"TTM": {"Duration": "TTM", "Total Revenue": "61,015", "Cost of Revenue": "67,020", "Gross Profit": "-6,005", "Operating Expense": "15,036", "Operating Income": "-21,041", "Net Non Operating Interest Income Expense": "-14,827", "Other Income Expense": "15,211", "Pretax Income": "-20,657", "Tax Provision": "3,818", "Earnings from Equity Interest Net of Tax": "-", "Net Income Common Stockholders": "-22,790", "Diluted NI Available to Com Stockholders": "-22,790", "Basic EPS": "-", "Diluted EPS": "-", "Basic Average Shares": "-", "Diluted Average Shares": "-", "Total Operating Income as Reported": "-6,041", "Rent Expense Supplemental": "12,591", "Total Expenses": "82,056", "Net Income from Continuing & Discontinued Operation": "-22,790", "Normalized Income": "-33,821", "Interest Expense": "14,827", "Net Interest Income": "-14,827", "EBIT": "-5,830", "EBITDA": "7,840", "Reconciled Cost of Revenue": "67,020", "Reconciled Depreciation": "13,670", "Net Income from Continuing Operation Net Minority Interest": "-22,790", "Total Unusual Items Excluding Goodwill": "15,111", "Total Unusual Items": "15,111", "Normalized EBITDA": "-7,271", "Tax Rate for Calcs": "0", "Tax Effect of Unusual Items": "4,080"}, "12/31/2020": {"Duration": "12/31/2020", "Total Revenue": "61,015", "Cost of Revenue": "67,020", "Gross Profit": "-6,005", "Operating Expense": "15,036", "Operating Income": "-21,041", "Net Non Operating Interest Income Expense": "-14,827", "Other Income Expense": "15,211", "Pretax Income": "-20,657", "Tax Provision": "3,818", "Earnings from Equity Interest Net of Tax": "-", "Net Income Common Stockholders": "-22,790", "Diluted NI Available to Com Stockholders": "-22,790", "Basic EPS": "-", "Diluted EPS": "-", "Basic Average Shares": "-", "Diluted Average Shares": "-", "Total Operating Income as Reported": "-6,041", "Rent Expense Supplemental": "12,591", "Total Expenses": "82,056", "Net Income from Continuing & Discontinued Operation": "-22,790", "Normalized Income": "-33,821", "Interest Expense": "14,827", "Net Interest Income": "-14,827", "EBIT": "-5,830", "EBITDA": "-", "Reconciled Cost of Revenue": "67,020", "Reconciled Depreciation": "13,670", "Net Income from Continuing Operation Net Minority Interest": "-22,790", "Total Unusual Items Excluding Goodwill": "15,111", "Total Unusual Items": "15,111", "Normalized EBITDA": "-7,271", "Tax Rate for Calcs": "0", "Tax Effect of Unusual Items": "4,080"}, "12/31/2019": {"Duration": "12/31/2019", "Total Revenue": "30,003", "Cost of Revenue": "23,126", "Gross Profit": "6,877", "Operating Expense": "11,344", "Operating Income": "-4,467", "Net Non Operating Interest Income Expense": "-4,248", "Other Income Expense": "5,653", "Pretax Income": "-3,062", "Tax Provision": "-275", "Earnings from Equity Interest Net of Tax": "-", "Net Income Common Stockholders": "-2,464", "Diluted NI Available to Com Stockholders": "-2,464", "Basic EPS": "-0.30", "Diluted EPS": "-0.30", "Basic Average Shares": "8,182", "Diluted Average Shares": "8,182", "Total Operating Income as Reported": "1,216", "Rent Expense Supplemental": "8,069", "Total Expenses": "34,470", "Net Income from Continuing & Discontinued Operation": "-2,464", "Normalized Income": "-7,560", "Interest Expense": "4,248", "Net Interest Income": "-4,248", "EBIT": "1,186", "EBITDA": "-", "Reconciled Cost of Revenue": "23,126", "Reconciled Depreciation": "11,006", "Net Income from Continuing Operation Net Minority Interest": "-2,784", "Total Unusual Items Excluding Goodwill": "5,248", "Total Unusual Items": "5,248", "Normalized EBITDA": "6,944", "Tax Rate for Calcs": "0", "Tax Effect of Unusual Items": "472.32"}, "12/31/2018": {"Duration": "12/31/2018", "Total Revenue": "87,600", "Cost of Revenue": "74,153", "Gross Profit": "13,447", "Operating Expense": "11,274", "Operating Income": "2,173", "Net Non Operating Interest Income Expense": "-7,856", "Other Income Expense": "1,392", "Pretax Income": "-4,291", "Tax Provision": "-305", "Earnings from Equity Interest Net of Tax": "-", "Net Income Common Stockholders": "-3,982", "Diluted NI Available to Com Stockholders": "-3,982", "Basic EPS": "-0.49", "Diluted EPS": "-0.49", "Basic Average Shares": "8,153", "Diluted Average Shares": "8,153", "Total Operating Income as Reported": "2,173", "Rent Expense Supplemental": "5,056", "Total Expenses": "85,427", "Net Income from Continuing & Discontinued Operation": "-3,982", "Normalized Income": "-4,156", "Interest Expense": "7,856", "Net Interest Income": "-7,856", "EBIT": "3,565", "EBITDA": "-", "Reconciled Cost of Revenue": "74,153", "Reconciled Depreciation": "8,571", "Net Income from Continuing Operation Net Minority Interest": "-3,982", "Total Unusual Items Excluding Goodwill": "187", "Total Unusual Items": "187", "Normalized EBITDA": "11,949", "Tax Rate for Calcs": "0", "Tax Effect of Unusual Items": "13.09"}}, "bs": {"12/31/2020": {"Duration": "12/31/2020", "Total Assets": "544,016", "Total Liabilities Net Minority Interest": "434,252", "Total Equity Gross Minority Interest": "109,764", "Total Capitalization": "449,969", "Common Stock Equity": "98,914", "Capital Lease Obligations": "13,269", "Net Tangible Assets": "98,914", "Working Capital": "32,239", "Invested Capital": "449,969", "Tangible Book Value": "98,914", "Total Debt": "364,324", "Net Debt": "338,621", "Share Issued": "9,358", "Ordinary Shares Number": "8,221", "Treasury Shares Number": "1,137"}, "12/31/2019": {"Duration": "12/31/2019", "Total Assets": "561,368", "Total Liabilities Net Minority Interest": "427,286", "Total Equity Gross Minority Interest": "134,082", "Total Capitalization": "345,664", "Common Stock Equity": "121,099", "Capital Lease Obligations": "12,636", "Net Tangible Assets": "121,099", "Working Capital": "161,757", "Invested Capital": "345,664", "Tangible Book Value": "121,099", "Total Debt": "237,201", "Net Debt": "215,800", "Share Issued": "9,330", "Ordinary Shares Number": "8,197", "Treasury Shares Number": "1,133"}, "12/31/2018": {"Duration": "12/31/2018", "Total Assets": "496,493", "Total Liabilities Net Minority Interest": "349,842", "Total Equity Gross Minority Interest": "146,651", "Total Capitalization": "419,517", "Common Stock Equity": "123,986", "Capital Lease Obligations": "-", "Net Tangible Assets": "123,986", "Working Capital": "2,884", "Invested Capital": "419,517", "Tangible Book Value": "123,986", "Total Debt": "295,531", "Net Debt": "276,527", "Share Issued": "9,288", "Ordinary Shares Number": "8,164", "Treasury Shares Number": "1,124"}}, "cf": {"TTM": {"Duration": "TTM", "Operating Cash Flow": "-4,058", "Investing Cash Flow": "-7,822", "Financing Cash Flow": "7,472", "End Cash Position": "34,183", "Capital Expenditure": "-7,828", "Issuance of Debt": "45,622", "Repayment of Debt": "-37,186", "Free Cash Flow": "-11,886"}, "12/31/2020": {"Duration": "12/31/2020", "Operating Cash Flow": "-4,058", "Investing Cash Flow": "-7,822", "Financing Cash Flow": "7,472", "End Cash Position": "34,183", "Capital Expenditure": "-7,828", "Issuance of Debt": "45,622", "Repayment of Debt": "-37,186", "Free Cash Flow": "-11,886"}, "12/31/2019": {"Duration": "12/31/2019", "Operating Cash Flow": "-2,360", "Investing Cash Flow": "-63,882", "Financing Cash Flow": "65,915", "End Cash Position": "14,609", "Capital Expenditure": "-64,348", "Issuance of Debt": "170,504", "Repayment of Debt": "-102,868", "Free Cash Flow": "-66,708"}, "12/31/2018": {"Duration": "12/31/2018", "Operating Cash Flow": "-31,889", "Investing Cash Flow": "-64,018", "Financing Cash Flow": "95,436", "End Cash Position": "38,919", "Capital Expenditure": "-64,044", "Issuance of Debt": "91,435", "Repayment of Debt": "-16,674", "Free Cash Flow": "-95,933"}}}}, {"IRS": {"quote": {"05/08/2021": {"value": "3.9500", "Market Cap": "397.33M", "Beta (5Y Monthly)": "1.78", "PE Ratio (TTM)": "1.37", "EPS (TTM)": "2.8800", "Earnings Date": "N/A", "Forward Dividend & Yield": "N/A (N/A)", "Ex-Dividend Date": "Nov 10, 2017", "1y Target Est": "6.30"}}, "fin": {"TTM": {"Duration": "TTM", "Total Revenue": "89,828,000", "Cost of Revenue": "60,827,000", "Gross Profit": "29,001,000", "Operating Expense": "23,699,000", "Operating Income": "5,302,000", "Net Non Operating Interest Income Expense": "-15,556,000", "Other Income Expense": "33,590,000", "Pretax Income": "23,336,000", "Tax Provision": "8,153,000", "Net Income Common Stockholders": "15,601,000", "Diluted NI Available to Com Stockholders": "15,601,000", "Basic EPS": "-", "Diluted EPS": "-", "Basic Average Shares": "-", "Diluted Average Shares": "-", "Total Operating Income as Reported": "37,662,000", "Rent Expense Supplemental": "-", "Total Expenses": "84,526,000", "Net Income from Continuing & Discontinued Operation": "15,601,000", "Normalized Income": "-795,474", "Interest Income": "1,463,000", "Interest Expense": "19,482,000", "Net Interest Income": "-15,556,000", "EBIT": "42,818,000", "EBITDA": "58,997,000", "Reconciled Cost of Revenue": "60,827,000", "Reconciled Depreciation": "16,179,000", "Net Income from Continuing Operation Net Minority Interest": "14,828,000", "Total Unusual Items Excluding Goodwill": "24,013,000", "Total Unusual Items": "24,013,000", "Normalized EBITDA": "34,984,000", "Tax Rate for Calcs": "0", "Tax Effect of Unusual Items": "8,389,526"}, "6/30/2020": {"Duration": "6/30/2020", "Total Revenue": "95,793,000", "Cost of Revenue": "62,204,000", "Gross Profit": "33,589,000", "Operating Expense": "23,658,000", "Operating Income": "9,931,000", "Net Non Operating Interest Income Expense": "-16,630,000", "Other Income Expense": "19,214,000", "Pretax Income": "12,515,000", "Tax Provision": "6,869,000", "Net Income Common Stockholders": "14,249,000", "Diluted NI Available to Com Stockholders": "14,249,000", "Basic EPS": "247.60", "Diluted EPS": "246.20", "Basic Average Shares": "57,500", "Diluted Average Shares": "57,900", "Total Operating Income as Reported": "38,339,000", "Rent Expense Supplemental": "156,000", "Total Expenses": "85,862,000", "Net Income from Continuing & Discontinued Operation": "14,249,000", "Normalized Income": "-11,323,900", "Interest Income": "1,623,000", "Interest Expense": "20,346,000", "Net Interest Income": "-16,630,000", "EBIT": "32,861,000", "EBITDA": "-", "Reconciled Cost of Revenue": "48,896,000", "Reconciled Depreciation": "16,268,000", "Net Income from Continuing Operation Net Minority Interest": "-3,836,000", "Total Unusual Items Excluding Goodwill": "10,697,000", "Total Unusual Items": "10,697,000", "Normalized EBITDA": "38,432,000", "Tax Rate for Calcs": "0", "Tax Effect of Unusual Items": "3,209,100"}, "6/30/2019": {"Duration": "6/30/2019", "Total Revenue": "59,410,000", "Cost of Revenue": "42,000,000", "Gross Profit": "17,410,000", "Operating Expense": "17,002,000", "Operating Income": "408,000", "Net Non Operating Interest Income Expense": "-14,551,000", "Other Income Expense": "-14,874,000", "Pretax Income": "-29,017,000", "Tax Provision": "-1,690,000", "Net Income Common Stockholders": "-25,615,000", "Diluted NI Available to Com Stockholders": "-25,615,000", "Basic EPS": "-445.50", "Diluted EPS": "-445.50", "Basic Average Shares": "57,500", "Diluted Average Shares": "57,500", "Total Operating Income as Reported": "-12,073,000", "Rent Expense Supplemental": "116,000", "Total Expenses": "59,002,000", "Net Income from Continuing & Discontinued Operation": "-25,615,000", "Normalized Income": "-16,691,544", "Interest Income": "1,304,000", "Interest Expense": "15,344,000", "Net Interest Income": "-14,551,000", "EBIT": "-13,673,000", "EBITDA": "-", "Reconciled Cost of Revenue": "35,727,000", "Reconciled Depreciation": "7,503,000", "Net Income from Continuing Operation Net Minority Interest": "-26,095,000", "Total Unusual Items Excluding Goodwill": "-9,985,000", "Total Unusual Items": "-9,985,000", "Normalized EBITDA": "3,815,000", "Tax Rate for Calcs": "0", "Tax Effect of Unusual Items": "-581,544"}, "6/30/2018": {"Duration": "6/30/2018", "Total Revenue": "33,088,000", "Cost of Revenue": "19,629,000", "Gross Profit": "13,459,000", "Operating Expense": "8,600,000", "Operating Income": "4,859,000", "Net Non Operating Interest Income Expense": "-7,287,000", "Other Income Expense": "11,120,000", "Pretax Income": "8,692,000", "Tax Provision": "-124,000", "Net Income Common Stockholders": "15,003,000", "Diluted NI Available to Com Stockholders": "15,003,000", "Basic EPS": "260.90", "Diluted EPS": "259.10", "Basic Average Shares": "57,500", "Diluted Average Shares": "57,900", "Total Operating Income as Reported": "28,114,000", "Rent Expense Supplemental": "57,000", "Total Expenses": "28,229,000", "Net Income from Continuing & Discontinued Operation": "15,003,000", "Normalized Income": "-5,764,700", "Interest Income": "740,000", "Interest Expense": "7,671,000", "Net Interest Income": "-7,287,000", "EBIT": "16,363,000", "EBITDA": "-", "Reconciled Cost of Revenue": "16,467,000", "Reconciled Depreciation": "3,737,000", "Net Income from Continuing Operation Net Minority Interest": "2,524,000", "Total Unusual Items Excluding Goodwill": "11,841,000", "Total Unusual Items": "11,841,000", "Normalized EBITDA": "8,259,000", "Tax Rate for Calcs": "0", "Tax Effect of Unusual Items": "3,552,300"}}, "bs": {"6/30/2020": {"Duration": "6/30/2020", "Total Assets": "627,199,000", "Total Liabilities Net Minority Interest": "504,544,000", "Total Equity Gross Minority Interest": "122,655,000", "Total Capitalization": "354,945,000", "Common Stock Equity": "57,127,000", "Capital Lease Obligations": "18,245,000", "Net Tangible Assets": "29,343,000", "Working Capital": "62,333,000", "Invested Capital": "433,286,000", "Tangible Book Value": "29,343,000", "Total Debt": "394,404,000", "Net Debt": "285,800,000", "Share Issued": "578,737", "Ordinary Shares Number": "578,737"}, "6/30/2019": {"Duration": "6/30/2019", "Total Assets": "474,634,000", "Total Liabilities Net Minority Interest": "388,815,000", "Total Equity Gross Minority Interest": "85,819,000", "Total Capitalization": "299,099,000", "Common Stock Equity": "32,075,000", "Capital Lease Obligations": "-", "Net Tangible Assets": "14,161,000", "Working Capital": "67,317,000", "Invested Capital": "344,603,000", "Tangible Book Value": "14,161,000", "Total Debt": "312,528,000", "Net Debt": "252,046,000", "Share Issued": "581,078", "Ordinary Shares Number": "581,078"}, "6/30/2018": {"Duration": "6/30/2018", "Total Assets": "335,773,000", "Total Liabilities Net Minority Interest": "261,232,000", "Total Equity Gross Minority Interest": "74,541,000", "Total Capitalization": "218,467,000", "Common Stock Equity": "37,421,000", "Capital Lease Obligations": "-", "Net Tangible Assets": "25,124,000", "Working Capital": "49,262,000", "Invested Capital": "244,054,000", "Tangible Book Value": "25,124,000", "Total Debt": "206,633,000", "Net Debt": "169,316,000", "Share Issued": "581,078", "Ordinary Shares Number": "581,078"}}, "cf": {"TTM": {"Duration": "TTM", "Operating Cash Flow": "12,672,000", "Investing Cash Flow": "73,210,000", "Financing Cash Flow": "-53,146,000", "End Cash Position": "120,891,000", "Capital Expenditure": "-8,914,000", "Issuance of Debt": "27,928,000", "Repayment of Debt": "-93,168,000", "Free Cash Flow": "3,758,000"}, "6/30/2020": {"Duration": "6/30/2020", "Operating Cash Flow": "31,113,000", "Investing Cash Flow": "40,644,000", "Financing Cash Flow": "-76,125,000", "End Cash Position": "90,359,000", "Capital Expenditure": "-8,947,000", "Issuance of Debt": "30,670,000", "Repayment of Debt": "-81,399,000", "Free Cash Flow": "22,166,000"}, "6/30/2019": {"Duration": "6/30/2019", "Operating Cash Flow": "18,920,000", "Investing Cash Flow": "7,829,000", "Financing Cash Flow": "-19,419,000", "End Cash Position": "60,482,000", "Capital Expenditure": "-7,201,000", "Issuance of Debt": "47,278,000", "Repayment of Debt": "-45,308,000", "Free Cash Flow": "11,719,000"}, "6/30/2018": {"Duration": "6/30/2018", "Operating Cash Flow": "14,339,000", "Investing Cash Flow": "-11,573,000", "Financing Cash Flow": "-3,867,000", "End Cash Position": "37,317,000", "Capital Expenditure": "-2,506,000", "Issuance of Debt": "18,202,000", "Repayment of Debt": "-17,969,000", "Free Cash Flow": "11,833,000"}}}}, {"TPL": {"quote": {"05/08/2021": {"value": "1,753.25", "Market Cap": "13.598B", "Beta (5Y Monthly)": "2.22", "PE Ratio (TTM)": "77.24", "EPS (TTM)": "22.70", "Earnings Date": "Jul 28, 2021 - Aug 02, 2021", "Forward Dividend & Yield": "11.00 (0.68%)", "Ex-Dividend Date": "Mar 05, 2021", "1y Target Est": "1,530.50"}}, "fin": {"TTM": {"Duration": "TTM", "Total Revenue": "302,554", "Cost of Revenue": "32,601", "Gross Profit": "269,953", "Operating Expense": "52,702", "Operating Income": "217,251", "Net Non Operating Interest Income Expense": "-", "Other Income Expense": "2,411", "Pretax Income": "219,662", "Tax Provision": "43,613", "Net Income Common Stockholders": "176,049", "Diluted NI Available to Com Stockholders": "176,049", "Basic EPS": "-", "Diluted EPS": "-", "Basic Average Shares": "-", "Diluted Average Shares": "-", "Total Operating Income as Reported": "217,251", "Total Expenses": "85,303", "Net Income from Continuing & Discontinued Operation": "176,049", "Normalized Income": "176,049", "Interest Income": "-", "Net Interest Income": "-", "EBIT": "217,251", "EBITDA": "231,646", "Reconciled Cost of Revenue": "32,601", "Reconciled Depreciation": "14,395", "Net Income from Continuing Operation Net Minority Interest": "176,049", "Normalized EBITDA": "231,646", "Tax Rate for Calcs": "0", "Tax Effect of Unusual Items": "0"}, "12/31/2020": {"Duration": "12/31/2020", "Total Revenue": "302,554", "Cost of Revenue": "32,601", "Gross Profit": "269,953", "Operating Expense": "52,702", "Operating Income": "217,251", "Net Non Operating Interest Income Expense": "-", "Other Income Expense": "2,411", "Pretax Income": "219,662", "Tax Provision": "43,613", "Net Income Common Stockholders": "176,049", "Diluted NI Available to Com Stockholders": "176,049", "Basic EPS": "-", "Diluted EPS": "-", "Basic Average Shares": "-", "Diluted Average Shares": "-", "Total Operating Income as Reported": "217,251", "Total Expenses": "85,303", "Net Income from Continuing & Discontinued Operation": "176,049", "Normalized Income": "176,049", "Interest Income": "-", "Net Interest Income": "-", "EBIT": "217,251", "EBITDA": "-", "Reconciled Cost of Revenue": "32,601", "Reconciled Depreciation": "14,395", "Net Income from Continuing Operation Net Minority Interest": "176,049", "Normalized EBITDA": "231,646", "Tax Rate for Calcs": "0", "Tax Effect of Unusual Items": "0"}, "12/31/2019": {"Duration": "12/31/2019", "Total Revenue": "490,496", "Cost of Revenue": "29,714", "Gross Profit": "460,782", "Operating Expense": "61,209", "Operating Income": "399,573", "Net Non Operating Interest Income Expense": "-", "Other Income Expense": "2,682", "Pretax Income": "402,255", "Tax Provision": "83,527", "Net Income Common Stockholders": "318,728", "Diluted NI Available to Com Stockholders": "318,728", "Basic EPS": "41.38", "Diluted EPS": "41.38", "Basic Average Shares": "7,756", "Diluted Average Shares": "7,756", "Total Operating Income as Reported": "399,573", "Total Expenses": "90,923", "Net Income from Continuing & Discontinued Operation": "318,728", "Normalized Income": "318,728", "Interest Income": "-", "Net Interest Income": "-", "EBIT": "399,573", "EBITDA": "-", "Reconciled Cost of Revenue": "29,714", "Reconciled Depreciation": "8,906", "Net Income from Continuing Operation Net Minority Interest": "318,728", "Normalized EBITDA": "408,479", "Tax Rate for Calcs": "0", "Tax Effect of Unusual Items": "0"}, "12/31/2018": {"Duration": "12/31/2018", "Total Revenue": "300,220", "Cost of Revenue": "13,751", "Gross Profit": "286,469", "Operating Expense": "25,635", "Operating Income": "260,834", "Net Non Operating Interest Income Expense": "-", "Other Income Expense": "916", "Pretax Income": "261,750", "Tax Provision": "52,014", "Net Income Common Stockholders": "209,736", "Diluted NI Available to Com Stockholders": "209,736", "Basic EPS": "26.93", "Diluted EPS": "26.93", "Basic Average Shares": "7,787", "Diluted Average Shares": "7,787", "Total Operating Income as Reported": "260,834", "Total Expenses": "39,386", "Net Income from Continuing & Discontinued Operation": "209,736", "Normalized Income": "209,736", "Interest Income": "-", "Net Interest Income": "-", "EBIT": "260,834", "EBITDA": "-", "Reconciled Cost of Revenue": "13,751", "Reconciled Depreciation": "2,583", "Net Income from Continuing Operation Net Minority Interest": "209,736", "Normalized EBITDA": "263,417", "Tax Rate for Calcs": "0", "Tax Effect of Unusual Items": "0"}}, "bs": {"12/31/2020": {"Duration": "12/31/2020", "Total Assets": "571,635", "Total Liabilities Net Minority Interest": "86,451", "Total Equity Gross Minority Interest": "485,184", "Total Capitalization": "485,184", "Common Stock Equity": "485,184", "Capital Lease Obligations": "2,821", "Net Tangible Assets": "485,184", "Working Capital": "421,042", "Invested Capital": "485,184", "Tangible Book Value": "485,184", "Total Debt": "2,821", "Share Issued": "7,756", "Ordinary Shares Number": "7,756"}, "12/31/2019": {"Duration": "12/31/2019", "Total Assets": "598,176", "Total Liabilities Net Minority Interest": "86,039", "Total Equity Gross Minority Interest": "512,137", "Total Capitalization": "512,137", "Common Stock Equity": "512,137", "Capital Lease Obligations": "3,367", "Net Tangible Assets": "512,137", "Working Capital": "449,251", "Invested Capital": "512,137", "Tangible Book Value": "512,137", "Total Debt": "3,367", "Share Issued": "7,756", "Ordinary Shares Number": "7,756"}, "12/31/2018": {"Duration": "12/31/2018", "Total Assets": "285,075", "Total Liabilities Net Minority Interest": "40,384", "Total Equity Gross Minority Interest": "244,691", "Total Capitalization": "244,691", "Common Stock Equity": "244,691", "Capital Lease Obligations": "-", "Net Tangible Assets": "244,691", "Working Capital": "176,175", "Invested Capital": "244,691", "Tangible Book Value": "244,691", "Total Debt": "-", "Share Issued": "7,762", "Ordinary Shares Number": "7,762"}}, "cf": {"TTM": {"Duration": "TTM", "Operating Cash Flow": "207,037", "Investing Cash Flow": "-25,998", "Financing Cash Flow": "-201,660", "End Cash Position": "283,024", "Income Tax Paid Supplemental Data": "46,619", "Capital Expenditure": "-22,032", "Repurchase of Capital Stock": "-", "Free Cash Flow": "185,005"}, "12/31/2020": {"Duration": "12/31/2020", "Operating Cash Flow": "207,037", "Investing Cash Flow": "-25,998", "Financing Cash Flow": "-201,660", "End Cash Position": "283,024", "Income Tax Paid Supplemental Data": "46,619", "Capital Expenditure": "-22,032", "Repurchase of Capital Stock": "-", "Free Cash Flow": "185,005"}, "12/31/2019": {"Duration": "12/31/2019", "Operating Cash Flow": "342,790", "Investing Cash Flow": "-111,692", "Financing Cash Flow": "-50,899", "End Cash Position": "303,645", "Income Tax Paid Supplemental Data": "44,439", "Capital Expenditure": "-37,226", "Repurchase of Capital Stock": "-4,353", "Free Cash Flow": "305,564"}, "12/31/2018": {"Duration": "12/31/2018", "Operating Cash Flow": "191,649", "Investing Cash Flow": "-81,533", "Financing Cash Flow": "-70,049", "End Cash Position": "119,647", "Income Tax Paid Supplemental Data": "45,876", "Capital Expenditure": "-72,181", "Repurchase of Capital Stock": "-38,397", "Free Cash Flow": "119,468"}}}}, {"ROII": {"quote": {"05/08/2021": {"value": "", "Net Assets": "N/A", "Beta (5Y Monthly)": "N/A", "Yield": "N/A", "5y Average Return": "N/A", "Holdings Turnover": "N/A", "Last Dividend": "N/A", "Average for Category": "N/A", "Inception Date": "N/A"}}, "fin": {}, "bs": {}, "cf": {}}}, {"PRSI": {"quote": {"05/08/2021": {"value": "44.00", "Market Cap": "32.304M", "Beta (5Y Monthly)": "0.21", "PE Ratio (TTM)": "N/A", "EPS (TTM)": "-13.45", "Earnings Date": "N/A", "Forward Dividend & Yield": "N/A (N/A)", "Ex-Dividend Date": "Feb 12, 2004", "1y Target Est": "N/A"}}, "fin": {"TTM": {"Duration": "TTM", "Total Revenue": "19,043", "Cost of Revenue": "24,421", "Gross Profit": "-5,378", "Operating Expense": "2,870", "Operating Income": "-8,248", "Net Non Operating Interest Income Expense": "-7,276", "Other Income Expense": "-34", "Pretax Income": "-15,558", "Tax Provision": "-4,725", "Net Income Common Stockholders": "-9,876", "Diluted NI Available to Com Stockholders": "-9,876", "Basic EPS": "-", "Diluted EPS": "-", "Basic Average Shares": "-", "Diluted Average Shares": "-", "Total Operating Income as Reported": "-8,248", "Total Expenses": "27,291", "Net Income from Continuing & Discontinued Operation": "-9,876", "Normalized Income": "-9,852", "Interest Expense": "7,276", "Net Interest Income": "-7,276", "EBIT": "-8,282", "EBITDA": "-6,133", "Reconciled Cost of Revenue": "24,674", "Reconciled Depreciation": "1,896", "Net Income from Continuing Operation Net Minority Interest": "-9,876", "Total Unusual Items Excluding Goodwill": "-34", "Total Unusual Items": "-34", "Normalized EBITDA": "-6,099", "Tax Rate for Calcs": "0", "Tax Effect of Unusual Items": "-10.3259"}, "6/30/2020": {"Duration": "6/30/2020", "Total Revenue": "42,839", "Cost of Revenue": "37,333", "Gross Profit": "5,506", "Operating Expense": "2,939", "Operating Income": "2,567", "Net Non Operating Interest Income Expense": "-7,456", "Other Income Expense": "-268", "Pretax Income": "-5,157", "Tax Provision": "-1,934", "Net Income Common Stockholders": "-2,933", "Diluted NI Available to Com Stockholders": "-2,933", "Basic EPS": "-3.99", "Diluted EPS": "-3.99", "Basic Average Shares": "734.183", "Diluted Average Shares": "734.183", "Total Operating Income as Reported": "2,567", "Total Expenses": "40,272", "Net Income from Continuing & Discontinued Operation": "-2,933", "Normalized Income": "-2,771", "Interest Expense": "7,456", "Net Interest Income": "-7,456", "EBIT": "2,299", "EBITDA": "-", "Reconciled Cost of Revenue": "37,528", "Reconciled Depreciation": "1,997", "Net Income from Continuing Operation Net Minority Interest": "-2,933", "Total Unusual Items Excluding Goodwill": "-268", "Total Unusual Items": "-268", "Normalized EBITDA": "4,759", "Tax Rate for Calcs": "0", "Tax Effect of Unusual Items": "-106.128"}, "6/30/2019": {"Duration": "6/30/2019", "Total Revenue": "59,881", "Cost of Revenue": "44,466", "Gross Profit": "15,415", "Operating Expense": "3,075", "Operating Income": "12,340", "Net Non Operating Interest Income Expense": "-7,813", "Other Income Expense": "-657", "Pretax Income": "3,870", "Tax Provision": "956", "Net Income Common Stockholders": "2,599", "Diluted NI Available to Com Stockholders": "2,599", "Basic EPS": "3.54", "Diluted EPS": "3.54", "Basic Average Shares": "734.183", "Diluted Average Shares": "734.183", "Total Operating Income as Reported": "12,340", "Total Expenses": "47,541", "Net Income from Continuing & Discontinued Operation": "2,599", "Normalized Income": "3,079", "Interest Expense": "7,813", "Net Interest Income": "-7,813", "EBIT": "11,683", "EBITDA": "-", "Reconciled Cost of Revenue": "44,704", "Reconciled Depreciation": "2,071", "Net Income from Continuing Operation Net Minority Interest": "2,599", "Total Unusual Items Excluding Goodwill": "-657", "Total Unusual Items": "-657", "Normalized EBITDA": "14,649", "Tax Rate for Calcs": "0", "Tax Effect of Unusual Items": "-177.39"}, "6/30/2018": {"Duration": "6/30/2018", "Total Revenue": "57,099", "Cost of Revenue": "-", "Gross Profit": "-", "Operating Expense": "-", "Operating Income": "19,349", "Net Non Operating Interest Income Expense": "-", "Other Income Expense": "-", "Pretax Income": "10,446", "Tax Provision": "5,986", "Net Income Common Stockholders": "3,645", "Diluted NI Available to Com Stockholders": "3,645", "Basic EPS": "4.96", "Diluted EPS": "4.96", "Basic Average Shares": "734.183", "Diluted Average Shares": "734.183", "Total Operating Income as Reported": "19,349", "Total Expenses": "-", "Net Income from Continuing & Discontinued Operation": "3,645", "Normalized Income": "3,645", "Interest Expense": "7,998", "Net Interest Income": "-", "EBIT": "18,444", "EBITDA": "-", "Reconciled Cost of Revenue": "-", "Reconciled Depreciation": "2,274", "Net Income from Continuing Operation Net Minority Interest": "3,645", "Total Unusual Items Excluding Goodwill": "-", "Total Unusual Items": "-", "Normalized EBITDA": "20,953", "Tax Rate for Calcs": "0", "Tax Effect of Unusual Items": "0"}}, "bs": {"6/30/2020": {"Duration": "6/30/2020", "Total Assets": "57,554", "Total Liabilities Net Minority Interest": "135,095", "Total Equity Gross Minority Interest": "-77,541", "Total Capitalization": "52,052", "Common Stock Equity": "-71,717", "Capital Lease Obligations": "1,098", "Net Tangible Assets": "-71,717", "Working Capital": "13,213", "Invested Capital": "52,052", "Tangible Book Value": "-71,717", "Total Debt": "124,867", "Net Debt": "119,059", "Share Issued": "734.183", "Ordinary Shares Number": "734.183"}, "6/30/2019": {"Duration": "6/30/2019", "Total Assets": "62,554", "Total Liabilities Net Minority Interest": "136,872", "Total Equity Gross Minority Interest": "-74,318", "Total Capitalization": "52,524", "Common Stock Equity": "-68,784", "Capital Lease Obligations": "1,486", "Net Tangible Assets": "-68,784", "Working Capital": "12,851", "Invested Capital": "52,524", "Tangible Book Value": "-68,784", "Total Debt": "122,794", "Net Debt": "111,519", "Share Issued": "734.183", "Ordinary Shares Number": "734.183"}, "6/30/2018": {"Duration": "6/30/2018", "Total Assets": "60,407", "Total Liabilities Net Minority Interest": "137,489", "Total Equity Gross Minority Interest": "-77,082", "Total Capitalization": "51,630", "Common Stock Equity": "-71,383", "Capital Lease Obligations": "1,355", "Net Tangible Assets": "-71,383", "Working Capital": "9,773", "Invested Capital": "51,630", "Tangible Book Value": "-71,383", "Total Debt": "124,368", "Net Debt": "115,390", "Share Issued": "734.183", "Ordinary Shares Number": "734.183"}}, "cf": {"TTM": {"Duration": "TTM", "Operating Cash Flow": "-14,787", "Investing Cash Flow": "-673", "Financing Cash Flow": "3,459", "End Cash Position": "7,187", "Income Tax Paid Supplemental Data": "3", "Interest Paid Supplemental Data": "7,165", "Capital Expenditure": "-717", "Issuance of Debt": "5,419", "Repayment of Debt": "-1,820", "Free Cash Flow": "-15,504"}, "6/30/2020": {"Duration": "6/30/2020", "Operating Cash Flow": "-5,404", "Investing Cash Flow": "-1,265", "Financing Cash Flow": "2,238", "End Cash Position": "16,385", "Income Tax Paid Supplemental Data": "2", "Interest Paid Supplemental Data": "7,345", "Capital Expenditure": "-1,291", "Issuance of Debt": "4,719", "Repayment of Debt": "-1,872", "Free Cash Flow": "-6,695"}, "6/30/2019": {"Duration": "6/30/2019", "Operating Cash Flow": "9,369", "Investing Cash Flow": "-1,518", "Financing Cash Flow": "-1,718", "End Cash Position": "20,816", "Income Tax Paid Supplemental Data": "69", "Interest Paid Supplemental Data": "7,683", "Capital Expenditure": "-1,399", "Issuance of Debt": "-", "Repayment of Debt": "-1,718", "Free Cash Flow": "7,970"}, "6/30/2018": {"Duration": "6/30/2018", "Operating Cash Flow": "10,279", "Investing Cash Flow": "-171", "Financing Cash Flow": "-4,534", "End Cash Position": "7,623", "Income Tax Paid Supplemental Data": "-27", "Interest Paid Supplemental Data": "-7,876", "Capital Expenditure": "-210", "Issuance of Debt": "-", "Repayment of Debt": "-2,585", "Free Cash Flow": "10,069"}}}}, {"PPCQ": {"quote": {"05/08/2021": {"value": "0.2100", "Market Cap": "775,349", "Beta (5Y Monthly)": "1.34", "PE Ratio (TTM)": "N/A", "EPS (TTM)": "-0.0050", "Earnings Date": "N/A", "Forward Dividend & Yield": "N/A (N/A)", "Ex-Dividend Date": "N/A", "1y Target Est": "N/A"}}, "fin": {}, "bs": {}, "cf": {}}}, {"GZT": {"fin": {}, "bs": {}, "cf": {}}}, {"TALR": {"fin": {}, "bs": {}, "cf": {}}}, {"OMAG": {"fin": {}, "bs": {}, "cf": {}}}]