[{"NLY": {"quote": {"05/12/2021": {"value": "8.78", "Market Cap": "12.279B", "Beta (5Y Monthly)": "1.30", "PE Ratio (TTM)": "2.83", "EPS (TTM)": "3.10", "Earnings Date": "Jul 27, 2021 - Aug 02, 2021", "Forward Dividend & Yield": "0.88 (9.69%)", "Ex-Dividend Date": "Mar 30, 2021", "1y Target Est": "9.25"}}, "fin": {"TTM": {"Duration": "TTM", "Total Revenue": "4,815,325", "Credit Losses Provision": "91,365", "Non Interest Expense": "211,264", "Special Income Charges": "-", "Other Non Operating Income Expenses": "53,646", "Pretax Income": "4,499,509", "Tax Provision": "-2,042", "Net Income Common Stockholders": "4,366,495", "Average Dilution Earnings": "-", "Diluted NI Available to Com Stockholders": "4,366,495", "Basic EPS": "-", "Diluted EPS": "-", "Basic Average Shares": "-", "Diluted Average Shares": "-", "INTEREST_INCOME_AFTER_PROVISION_FOR_LOAN_LOSS": "1,991,963", "Net Income from Continuing & Discontinued Operation": "4,499,905", "Normalized Income": "4,649,643", "Total Money Market Investments": "264", "Reconciled Depreciation": "42,081", "Net Income from Continuing Operation Net Minority Interest": "4,499,905", "Total Unusual Items Excluding Goodwill": "-249,563", "Total Unusual Items": "-249,563", "Tax Rate for Calcs": "0", "Tax Effect of Unusual Items": "-99,825"}, "12/31/2020": {"Duration": "12/31/2020", "Total Revenue": "-584,730", "Credit Losses Provision": "-147,581", "Non Interest Expense": "239,198", "Special Income Charges": "-", "Other Non Operating Income Expenses": "53,314", "Pretax Income": "-918,195", "Tax Provision": "-28,423", "Net Income Common Stockholders": "-1,033,199", "Average Dilution Earnings": "-", "Diluted NI Available to Com Stockholders": "-1,033,199", "Basic EPS": "-0.73", "Diluted EPS": "-0.73", "Basic Average Shares": "1,414,659", "Diluted Average Shares": "1,414,659", "INTEREST_INCOME_AFTER_PROVISION_FOR_LOAN_LOSS": "1,182,932", "Net Income from Continuing & Discontinued Operation": "-891,163", "Normalized Income": "-891,163", "Total Money Market Investments": "1,643", "Reconciled Depreciation": "41,357", "Net Income from Continuing Operation Net Minority Interest": "-891,163", "Total Unusual Items Excluding Goodwill": "-", "Total Unusual Items": "-", "Tax Rate for Calcs": "0", "Tax Effect of Unusual Items": "0"}, "12/31/2019": {"Duration": "12/31/2019", "Total Revenue": "-1,992,136", "Credit Losses Provision": "-16,569", "Non Interest Expense": "301,634", "Special Income Charges": "-", "Other Non Operating Income Expenses": "136,413", "Pretax Income": "-2,173,926", "Tax Provision": "-10,835", "Net Income Common Stockholders": "-2,299,441", "Average Dilution Earnings": "-", "Diluted NI Available to Com Stockholders": "-2,299,441", "Basic EPS": "-1.60", "Diluted EPS": "-1.60", "Basic Average Shares": "1,434,913", "Diluted Average Shares": "1,434,913", "INTEREST_INCOME_AFTER_PROVISION_FOR_LOAN_LOSS": "985,853", "Net Income from Continuing & Discontinued Operation": "-2,162,865", "Normalized Income": "-2,162,865", "Total Money Market Investments": "63,290", "Reconciled Depreciation": "31,559", "Net Income from Continuing Operation Net Minority Interest": "-2,162,865", "Total Unusual Items Excluding Goodwill": "-", "Total Unusual Items": "-", "Tax Rate for Calcs": "0", "Tax Effect of Unusual Items": "0"}, "12/31/2018": {"Duration": "12/31/2018", "Total Revenue": "275,215", "Credit Losses Provision": "-3,496", "Non Interest Expense": "329,873", "Special Income Charges": "0", "Other Non Operating Income Expenses": "109,927", "Pretax Income": "51,773", "Tax Provision": "-2,375", "Net Income Common Stockholders": "-74,904", "Average Dilution Earnings": "-", "Diluted NI Available to Com Stockholders": "-74,904", "Basic EPS": "-0.06", "Diluted EPS": "-0.06", "Basic Average Shares": "1,209,602", "Diluted Average Shares": "1,209,602", "INTEREST_INCOME_AFTER_PROVISION_FOR_LOAN_LOSS": "1,431,207", "Net Income from Continuing & Discontinued Operation": "54,408", "Normalized Income": "54,408", "Total Money Market Investments": "61,641", "Reconciled Depreciation": "72,364", "Net Income from Continuing Operation Net Minority Interest": "54,408", "Total Unusual Items Excluding Goodwill": "0", "Total Unusual Items": "0", "Tax Rate for Calcs": "0", "Tax Effect of Unusual Items": "0"}}, "bs": {"12/31/2020": {"Duration": "12/31/2020", "Total Assets": "88,455,103", "Total Liabilities Net Minority Interest": "74,433,307", "Total Equity Gross Minority Interest": "14,021,796", "Total Capitalization": "21,044,628", "Preferred Stock Equity": "1,536,569", "Common Stock Equity": "12,471,747", "Net Tangible Assets": "13,780,080", "Invested Capital": "19,508,059", "Tangible Book Value": "12,243,511", "Total Debt": "7,036,312", "Net Debt": "5,792,609", "Share Issued": "1,398,241", "Ordinary Shares Number": "1,398,241", "Preferred Shares Number": "63,500"}, "12/31/2019": {"Duration": "12/31/2019", "Total Assets": "130,295,081", "Total Liabilities Net Minority Interest": "114,498,737", "Total Equity Gross Minority Interest": "15,796,344", "Total Capitalization": "26,355,523", "Preferred Stock Equity": "1,982,026", "Common Stock Equity": "13,809,991", "Net Tangible Assets": "15,321,167", "Invested Capital": "24,373,497", "Tangible Book Value": "13,339,141", "Total Debt": "10,563,506", "Net Debt": "8,712,777", "Share Issued": "1,430,106", "Ordinary Shares Number": "1,430,106", "Preferred Shares Number": "81,900"}, "12/31/2018": {"Duration": "12/31/2018", "Total Assets": "105,787,527", "Total Liabilities Net Minority Interest": "91,669,726", "Total Equity Gross Minority Interest": "14,117,801", "Total Capitalization": "22,153,541", "Preferred Stock Equity": "1,778,168", "Common Stock Equity": "12,333,944", "Net Tangible Assets": "13,453,445", "Invested Capital": "20,375,373", "Tangible Book Value": "11,675,277", "Total Debt": "8,041,429", "Net Debt": "6,305,680", "Share Issued": "1,313,763", "Ordinary Shares Number": "1,313,763", "Preferred Shares Number": "73,400"}}, "cf": {"TTM": {"Duration": "TTM", "Operating Cash Flow": "3,615,779", "Investing Cash Flow": "8,689,701", "Financing Cash Flow": "-14,006,208", "End Cash Position": "1,122,793", "Interest Paid Supplemental Data": "668,695", "Capital Expenditure": "-26,628,366", "Issuance of Capital Stock": "-", "Issuance of Debt": "1,280,136", "Repayment of Debt": "-1,237,501", "Repurchase of Capital Stock": "-", "Free Cash Flow": "-23,012,587"}, "12/31/2020": {"Duration": "12/31/2020", "Operating Cash Flow": "527,967", "Investing Cash Flow": "40,351,774", "Financing Cash Flow": "-41,486,767", "End Cash Position": "1,243,703", "Interest Paid Supplemental Data": "1,166,977", "Capital Expenditure": "-32,676,856", "Issuance of Capital Stock": "1,175", "Issuance of Debt": "2,424,115", "Repayment of Debt": "-1,299,942", "Repurchase of Capital Stock": "-669,418", "Free Cash Flow": "-32,148,889"}, "12/31/2019": {"Duration": "12/31/2019", "Operating Cash Flow": "-1,199,557", "Investing Cash Flow": "-20,641,671", "Financing Cash Flow": "21,956,208", "End Cash Position": "1,850,729", "Interest Paid Supplemental Data": "3,225,672", "Capital Expenditure": "-", "Issuance of Capital Stock": "1,829,025", "Issuance of Debt": "3,444,055", "Repayment of Debt": "-2,058,161", "Repurchase of Capital Stock": "-453,574", "Free Cash Flow": "-1,199,557"}, "12/31/2018": {"Duration": "12/31/2018", "Operating Cash Flow": "2,622,018", "Investing Cash Flow": "-908,420", "Financing Cash Flow": "-684,438", "End Cash Position": "1,735,749", "Interest Paid Supplemental Data": "1,726,887", "Capital Expenditure": "-381", "Issuance of Capital Stock": "1,532,356", "Issuance of Debt": "5,118,076,128", "Repayment of Debt": "-5,118,337,493", "Repurchase of Capital Stock": "-412,500", "Free Cash Flow": "2,621,637"}}}}, {"AMT": {"quote": {"05/12/2021": {"value": "241.96", "Market Cap": "109.8B", "Beta (5Y Monthly)": "0.22", "PE Ratio (TTM)": "56.14", "EPS (TTM)": "4.31", "Earnings Date": "Jul 28, 2021 - Aug 02, 2021", "Forward Dividend & Yield": "4.96 (2.01%)", "Ex-Dividend Date": "Apr 12, 2021", "1y Target Est": "279.52"}}, "fin": {"TTM": {"Duration": "TTM", "Total Revenue": "8,206,900", "Cost of Revenue": "2,249,500", "Gross Profit": "5,957,400", "Operating Expense": "2,737,900", "Operating Income": "3,219,500", "Net Non Operating Interest Income Expense": "-750,700", "Other Income Expense": "-384,800", "Pretax Income": "2,084,000", "Tax Provision": "158,800", "Net Income Common Stockholders": "1,920,600", "Diluted NI Available to Com Stockholders": "1,920,600", "Basic EPS": "-", "Diluted EPS": "-", "Basic Average Shares": "-", "Diluted Average Shares": "-", "Total Operating Income as Reported": "2,979,400", "Total Expenses": "4,987,400", "Net Income from Continuing & Discontinued Operation": "1,920,600", "Normalized Income": "2,400,422", "Interest Income": "41,000", "Interest Expense": "791,700", "Net Interest Income": "-750,700", "EBIT": "2,875,700", "EBITDA": "4,808,200", "Reconciled Cost of Revenue": "2,249,500", "Reconciled Depreciation": "1,932,500", "Net Income from Continuing Operation Net Minority Interest": "1,920,600", "Total Unusual Items Excluding Goodwill": "-519,400", "Total Unusual Items": "-519,400", "Normalized EBITDA": "5,327,600", "Tax Rate for Calcs": "0", "Tax Effect of Unusual Items": "-39,578"}, "12/31/2020": {"Duration": "12/31/2020", "Total Revenue": "8,041,500", "Cost of Revenue": "2,227,200", "Gross Profit": "5,814,300", "Operating Expense": "2,686,700", "Operating Income": "3,127,600", "Net Non Operating Interest Income Expense": "-753,800", "Other Income Expense": "-552,700", "Pretax Income": "1,821,100", "Tax Provision": "129,600", "Net Income Common Stockholders": "1,690,600", "Diluted NI Available to Com Stockholders": "1,690,600", "Basic EPS": "3.81", "Diluted EPS": "3.79", "Basic Average Shares": "443,640", "Diluted Average Shares": "446,104", "Total Operating Income as Reported": "2,887,500", "Total Expenses": "4,913,900", "Net Income from Continuing & Discontinued Operation": "1,690,600", "Normalized Income": "2,181,391", "Interest Income": "39,700", "Interest Expense": "793,500", "Net Interest Income": "-753,800", "EBIT": "2,614,600", "EBITDA": "-", "Reconciled Cost of Revenue": "2,227,200", "Reconciled Depreciation": "1,882,300", "Net Income from Continuing Operation Net Minority Interest": "1,690,600", "Total Unusual Items Excluding Goodwill": "-528,300", "Total Unusual Items": "-528,300", "Normalized EBITDA": "5,025,200", "Tax Rate for Calcs": "0", "Tax Effect of Unusual Items": "-37,509"}, "12/31/2019": {"Duration": "12/31/2019", "Total Revenue": "7,580,300", "Cost of Revenue": "2,216,800", "Gross Profit": "5,363,500", "Operating Expense": "2,675,100", "Operating Income": "2,688,400", "Net Non Operating Interest Income Expense": "-767,400", "Other Income Expense": "-4,600", "Pretax Income": "1,916,400", "Tax Provision": "-200", "Net Income Common Stockholders": "1,887,800", "Diluted NI Available to Com Stockholders": "1,887,800", "Basic EPS": "4.27", "Diluted EPS": "4.24", "Basic Average Shares": "442,319", "Diluted Average Shares": "445,520", "Total Operating Income as Reported": "2,688,400", "Total Expenses": "4,891,900", "Net Income from Continuing & Discontinued Operation": "1,887,800", "Normalized Income": "1,903,900", "Interest Income": "46,800", "Interest Expense": "814,200", "Net Interest Income": "-767,400", "EBIT": "2,730,600", "EBITDA": "-", "Reconciled Cost of Revenue": "2,216,800", "Reconciled Depreciation": "1,778,400", "Net Income from Continuing Operation Net Minority Interest": "1,887,800", "Total Unusual Items Excluding Goodwill": "-16,100", "Total Unusual Items": "-16,100", "Normalized EBITDA": "4,525,100", "Tax Rate for Calcs": "0", "Tax Effect of Unusual Items": "0"}, "12/31/2018": {"Duration": "12/31/2018", "Total Revenue": "7,440,100", "Cost of Revenue": "2,177,800", "Gross Profit": "5,262,300", "Operating Expense": "3,357,300", "Operating Income": "1,905,000", "Net Non Operating Interest Income Expense": "-770,900", "Other Income Expense": "20,500", "Pretax Income": "1,154,600", "Tax Provision": "-110,100", "Net Income Common Stockholders": "1,227,000", "Diluted NI Available to Com Stockholders": "1,227,000", "Basic EPS": "2.79", "Diluted EPS": "2.77", "Basic Average Shares": "439,606", "Diluted Average Shares": "442,960", "Total Operating Income as Reported": "1,905,000", "Total Expenses": "5,535,100", "Net Income from Continuing & Discontinued Operation": "1,236,400", "Normalized Income": "1,238,809", "Interest Income": "55,800", "Interest Expense": "826,700", "Net Interest Income": "-770,900", "EBIT": "1,981,300", "EBITDA": "-", "Reconciled Cost of Revenue": "2,177,800", "Reconciled Depreciation": "2,110,800", "Net Income from Continuing Operation Net Minority Interest": "1,236,400", "Total Unusual Items Excluding Goodwill": "-3,300", "Total Unusual Items": "-3,300", "Normalized EBITDA": "4,095,400", "Tax Rate for Calcs": "0", "Tax Effect of Unusual Items": "-891"}}, "bs": {"12/31/2020": {"Duration": "12/31/2020", "Total Assets": "47,233,500", "Total Liabilities Net Minority Interest": "42,665,100", "Total Equity Gross Minority Interest": "4,568,400", "Total Capitalization": "32,591,200", "Common Stock Equity": "4,093,500", "Capital Lease Obligations": "7,424,300", "Net Tangible Assets": "-17,029,000", "Working Capital": "-749,900", "Invested Capital": "33,381,000", "Tangible Book Value": "-17,029,000", "Total Debt": "36,711,800", "Net Debt": "27,541,200", "Share Issued": "455,245", "Ordinary Shares Number": "444,330", "Treasury Shares Number": "10,914"}, "12/31/2019": {"Duration": "12/31/2019", "Total Assets": "42,801,600", "Total Liabilities Net Minority Interest": "37,311,200", "Total Equity Gross Minority Interest": "5,490,400", "Total Capitalization": "26,182,600", "Common Stock Equity": "5,055,400", "Capital Lease Obligations": "7,004,900", "Net Tangible Assets": "-13,441,300", "Working Capital": "-2,933,900", "Invested Capital": "29,110,800", "Tangible Book Value": "-13,441,300", "Total Debt": "31,060,300", "Net Debt": "22,554,200", "Share Issued": "453,541", "Ordinary Shares Number": "442,890", "Treasury Shares Number": "10,651"}, "12/31/2018": {"Duration": "12/31/2018", "Total Assets": "33,010,400", "Total Liabilities Net Minority Interest": "27,110,800", "Total Equity Gross Minority Interest": "5,899,600", "Total Capitalization": "23,741,200", "Common Stock Equity": "5,336,100", "Capital Lease Obligations": "-", "Net Tangible Assets": "-11,340,100", "Working Capital": "-2,304,800", "Invested Capital": "26,496,000", "Tangible Book Value": "-11,340,100", "Total Debt": "21,159,900", "Net Debt": "19,951,200", "Share Issued": "451,617", "Ordinary Shares Number": "441,060", "Treasury Shares Number": "10,557"}}, "cf": {"TTM": {"Duration": "TTM", "Operating Cash Flow": "4,174,100", "Investing Cash Flow": "-4,969,900", "Financing Cash Flow": "1,341,300", "End Cash Position": "1,945,800", "Income Tax Paid Supplemental Data": "-", "Interest Paid Supplemental Data": "-", "Capital Expenditure": "-1,142,100", "Issuance of Debt": "16,475,300", "Repayment of Debt": "-12,692,100", "Repurchase of Capital Stock": "-16,300", "Free Cash Flow": "3,032,000"}, "12/31/2020": {"Duration": "12/31/2020", "Operating Cash Flow": "3,881,400", "Investing Cash Flow": "-4,784,600", "Financing Cash Flow": "1,215,300", "End Cash Position": "1,861,400", "Income Tax Paid Supplemental Data": "146,300", "Interest Paid Supplemental Data": "762,300", "Capital Expenditure": "-1,031,700", "Issuance of Debt": "18,095,500", "Repayment of Debt": "-13,943,600", "Repurchase of Capital Stock": "-56,000", "Free Cash Flow": "2,849,700"}, "12/31/2019": {"Duration": "12/31/2019", "Operating Cash Flow": "3,752,600", "Investing Cash Flow": "-3,987,500", "Financing Cash Flow": "521,700", "End Cash Position": "1,578,000", "Income Tax Paid Supplemental Data": "147,500", "Interest Paid Supplemental Data": "750,200", "Capital Expenditure": "-991,300", "Issuance of Debt": "11,926,700", "Repayment of Debt": "-9,246,300", "Repurchase of Capital Stock": "-19,600", "Free Cash Flow": "2,761,300"}, "12/31/2018": {"Duration": "12/31/2018", "Operating Cash Flow": "3,748,300", "Investing Cash Flow": "-2,749,500", "Financing Cash Flow": "-607,700", "End Cash Position": "1,304,900", "Income Tax Paid Supplemental Data": "-163,900", "Interest Paid Supplemental Data": "789,700", "Capital Expenditure": "-913,200", "Issuance of Debt": "5,348,200", "Repayment of Debt": "-4,888,100", "Repurchase of Capital Stock": "-232,800", "Free Cash Flow": "2,835,100"}}}}, {"ARI": {"quote": {"05/12/2021": {"value": "14.34", "Market Cap": "2.006B", "Beta (5Y Monthly)": "1.36", "PE Ratio (TTM)": "11.08", "EPS (TTM)": "1.29", "Earnings Date": "Jul 28, 2021 - Aug 02, 2021", "Forward Dividend & Yield": "1.40 (9.39%)", "Ex-Dividend Date": "Mar 30, 2021", "1y Target Est": "15.75"}}, "fin": {"TTM": {"Duration": "TTM", "Total Revenue": "211,555", "Credit Losses Provision": "59,103", "Non Interest Expense": "66,104", "Income from Associates & Other Participating Interests": "0", "Special Income Charges": "-", "Pretax Income": "204,554", "Net Income Common Stockholders": "187,538", "Average Dilution Earnings": "9,092", "Diluted NI Available to Com Stockholders": "196,630", "Basic EPS": "-", "Diluted EPS": "-", "Basic Average Shares": "-", "Diluted Average Shares": "-", "INTEREST_INCOME_AFTER_PROVISION_FOR_LOAN_LOSS": "334,264", "Net Income from Continuing & Discontinued Operation": "204,554", "Normalized Income": "204,884", "Net Income from Continuing Operation Net Minority Interest": "204,554", "Total Unusual Items Excluding Goodwill": "-550", "Total Unusual Items": "-550", "Tax Rate for Calcs": "0", "Tax Effect of Unusual Items": "-220"}, "12/31/2020": {"Duration": "12/31/2020", "Total Revenue": "210,576", "Credit Losses Provision": "-125,600", "Non Interest Expense": "66,599", "Income from Associates & Other Participating Interests": "-", "Special Income Charges": "0", "Pretax Income": "18,377", "Net Income Common Stockholders": "1,406", "Average Dilution Earnings": "0", "Diluted NI Available to Com Stockholders": "1,406", "Basic EPS": "0.01", "Diluted EPS": "0.01", "Basic Average Shares": "148,004", "Diluted Average Shares": "148,004", "INTEREST_INCOME_AFTER_PROVISION_FOR_LOAN_LOSS": "153,078", "Net Income from Continuing & Discontinued Operation": "18,377", "Normalized Income": "18,377", "Net Income from Continuing Operation Net Minority Interest": "18,377", "Total Unusual Items Excluding Goodwill": "0", "Total Unusual Items": "0", "Tax Rate for Calcs": "0", "Tax Effect of Unusual Items": "0"}, "12/31/2019": {"Duration": "12/31/2019", "Total Revenue": "315,005", "Credit Losses Provision": "-20,000", "Non Interest Expense": "64,831", "Income from Associates & Other Participating Interests": "0", "Special Income Charges": "0", "Pretax Income": "230,174", "Net Income Common Stockholders": "207,782", "Average Dilution Earnings": "39,040", "Diluted NI Available to Com Stockholders": "246,822", "Basic EPS": "1.41", "Diluted EPS": "1.40", "Basic Average Shares": "146,881", "Diluted Average Shares": "175,795", "INTEREST_INCOME_AFTER_PROVISION_FOR_LOAN_LOSS": "314,482", "Net Income from Continuing & Discontinued Operation": "230,174", "Normalized Income": "230,174", "Net Income from Continuing Operation Net Minority Interest": "230,174", "Total Unusual Items Excluding Goodwill": "0", "Total Unusual Items": "0", "Tax Rate for Calcs": "0", "Tax Effect of Unusual Items": "0"}, "12/31/2018": {"Duration": "12/31/2018", "Total Revenue": "299,453", "Credit Losses Provision": "-20,000", "Non Interest Expense": "56,894", "Income from Associates & Other Participating Interests": "0", "Special Income Charges": "-2,573", "Pretax Income": "219,986", "Net Income Common Stockholders": "189,241", "Average Dilution Earnings": "38,184", "Diluted NI Available to Com Stockholders": "227,425", "Basic EPS": "1.52", "Diluted EPS": "1.48", "Basic Average Shares": "124,147", "Diluted Average Shares": "153,822", "INTEREST_INCOME_AFTER_PROVISION_FOR_LOAN_LOSS": "269,292", "Net Income from Continuing & Discontinued Operation": "219,986", "Normalized Income": "221,864", "Net Income from Continuing Operation Net Minority Interest": "219,986", "Total Unusual Items Excluding Goodwill": "-2,573", "Total Unusual Items": "-2,573", "Tax Rate for Calcs": "0", "Tax Effect of Unusual Items": "-694.71"}}, "bs": {"12/31/2020": {"Duration": "12/31/2020", "Total Assets": "6,940,020", "Total Liabilities Net Minority Interest": "4,669,491", "Total Equity Gross Minority Interest": "2,270,529", "Total Capitalization": "3,573,606", "Preferred Stock Equity": "68", "Common Stock Equity": "2,270,461", "Net Tangible Assets": "2,270,529", "Invested Capital": "3,573,538", "Tangible Book Value": "2,270,461", "Total Debt": "1,303,077", "Net Debt": "977,579", "Share Issued": "139,296", "Ordinary Shares Number": "139,296", "Preferred Shares Number": "-"}, "12/31/2019": {"Duration": "12/31/2019", "Total Assets": "6,888,363", "Total Liabilities Net Minority Interest": "4,258,388", "Total Equity Gross Minority Interest": "2,629,975", "Total Capitalization": "3,901,615", "Preferred Stock Equity": "68", "Common Stock Equity": "2,629,907", "Net Tangible Assets": "2,629,975", "Invested Capital": "3,901,547", "Tangible Book Value": "2,629,907", "Total Debt": "1,271,640", "Net Debt": "819,358", "Share Issued": "153,537", "Ordinary Shares Number": "153,537", "Preferred Shares Number": "-"}, "12/31/2018": {"Duration": "12/31/2018", "Total Assets": "5,095,819", "Total Liabilities Net Minority Interest": "2,586,072", "Total Equity Gross Minority Interest": "2,509,747", "Total Capitalization": "4,981,269", "Preferred Stock Equity": "137", "Common Stock Equity": "2,509,610", "Net Tangible Assets": "2,509,747", "Invested Capital": "4,981,132", "Tangible Book Value": "2,509,610", "Total Debt": "2,471,522", "Net Debt": "2,361,716", "Share Issued": "133,854", "Ordinary Shares Number": "133,854", "Preferred Shares Number": "6,900"}}, "cf": {"TTM": {"Duration": "TTM", "Operating Cash Flow": "153,865", "Investing Cash Flow": "-191,291", "Financing Cash Flow": "-250,652", "End Cash Position": "294,060", "Interest Paid Supplemental Data": "129,327", "Issuance of Capital Stock": "-", "Issuance of Debt": "830,887", "Repayment of Debt": "-734,879", "Repurchase of Capital Stock": "-125,553", "Free Cash Flow": "153,865"}, "12/31/2020": {"Duration": "12/31/2020", "Operating Cash Flow": "164,052", "Investing Cash Flow": "-215,720", "Financing Cash Flow": "-75,116", "End Cash Position": "325,498", "Interest Paid Supplemental Data": "129,812", "Issuance of Capital Stock": "0", "Issuance of Debt": "1,569,095", "Repayment of Debt": "-1,247,317", "Repurchase of Capital Stock": "-127,994", "Free Cash Flow": "164,052"}, "12/31/2019": {"Duration": "12/31/2019", "Operating Cash Flow": "273,435", "Investing Cash Flow": "-1,435,112", "Financing Cash Flow": "1,504,153", "End Cash Position": "452,282", "Interest Paid Supplemental Data": "133,469", "Issuance of Capital Stock": "315,158", "Issuance of Debt": "3,948,672", "Repayment of Debt": "-2,276,954", "Repurchase of Capital Stock": "-172,500", "Free Cash Flow": "273,435"}, "12/31/2018": {"Duration": "12/31/2018", "Operating Cash Flow": "265,964", "Investing Cash Flow": "-998,922", "Financing Cash Flow": "765,093", "End Cash Position": "109,806", "Interest Paid Supplemental Data": "97,880", "Issuance of Capital Stock": "275,879", "Issuance of Debt": "2,380,396", "Repayment of Debt": "-1,620,804", "Repurchase of Capital Stock": "0", "Free Cash Flow": "265,964"}}}}, {"MTGE": {"quote": {"05/12/2021": {"value": "", "Net Assets": "N/A", "Beta (5Y Monthly)": "N/A", "Yield": "N/A", "5y Average Return": "N/A", "Holdings Turnover": "N/A", "Last Dividend": "N/A", "Average for Category": "N/A", "Inception Date": "N/A"}}, "fin": {}, "bs": {}, "cf": {}}}, {"GLPI": {"quote": {"05/12/2021": {"value": "44.30", "Market Cap": "10.313B", "Beta (5Y Monthly)": "1.01", "PE Ratio (TTM)": "18.54", "EPS (TTM)": "2.39", "Earnings Date": "Jul 28, 2021 - Aug 02, 2021", "Forward Dividend & Yield": "2.60 (5.71%)", "Ex-Dividend Date": "Mar 08, 2021", "1y Target Est": "50.08"}}, "fin": {"TTM": {"Duration": "TTM", "Total Revenue": "1,171,226", "Cost of Revenue": "60,121", "Gross Profit": "1,111,105", "Operating Expense": "329,474", "Operating Income": "781,631", "Net Non Operating Interest Income Expense": "-280,054", "Other Income Expense": "-", "Pretax Income": "542,187", "Tax Provision": "6,186", "Net Income Common Stockholders": "535,405", "Average Dilution Earnings": "596", "Diluted NI Available to Com Stockholders": "536,001", "Basic EPS": "-", "Diluted EPS": "-", "Basic Average Shares": "-", "Diluted Average Shares": "-", "Total Operating Income as Reported": "823,025", "Rent Expense Supplemental": "27,696", "Total Expenses": "389,595", "Net Income from Continuing & Discontinued Operation": "536,001", "Normalized Income": "495,854", "Interest Income": "497", "Interest Expense": "280,551", "Net Interest Income": "-280,054", "EBIT": "822,738", "EBITDA": "1,067,694", "Reconciled Cost of Revenue": "48,276", "Reconciled Depreciation": "244,956", "Net Income from Continuing Operation Net Minority Interest": "536,001", "Total Unusual Items Excluding Goodwill": "40,610", "Total Unusual Items": "40,610", "Normalized EBITDA": "1,027,084", "Tax Rate for Calcs": "0", "Tax Effect of Unusual Items": "463.3336"}, "12/31/2020": {"Duration": "12/31/2020", "Total Revenue": "1,153,165", "Cost of Revenue": "56,698", "Gross Profit": "1,096,467", "Operating Expense": "328,586", "Operating Income": "767,881", "Net Non Operating Interest Income Expense": "-281,573", "Other Income Expense": "23,280", "Pretax Income": "509,588", "Tax Provision": "3,877", "Net Income Common Stockholders": "505,128", "Average Dilution Earnings": "583", "Diluted NI Available to Com Stockholders": "505,711", "Basic EPS": "2.31", "Diluted EPS": "2.30", "Basic Average Shares": "218,923", "Diluted Average Shares": "219,773", "Total Operating Income as Reported": "809,274", "Rent Expense Supplemental": "29,041", "Total Expenses": "385,284", "Net Income from Continuing & Discontinued Operation": "505,711", "Normalized Income": "482,617", "Interest Income": "569", "Interest Expense": "282,142", "Net Interest Income": "-281,573", "EBIT": "791,730", "EBITDA": "-", "Reconciled Cost of Revenue": "44,676", "Reconciled Depreciation": "242,995", "Net Income from Continuing Operation Net Minority Interest": "505,711", "Total Unusual Items Excluding Goodwill": "23,280", "Total Unusual Items": "23,280", "Normalized EBITDA": "1,011,445", "Tax Rate for Calcs": "0", "Tax Effect of Unusual Items": "186.24"}, "12/31/2019": {"Duration": "12/31/2019", "Total Revenue": "1,153,473", "Cost of Revenue": "74,700", "Gross Profit": "1,078,773", "Operating Expense": "348,350", "Operating Income": "730,423", "Net Non Operating Interest Income Expense": "-300,764", "Other Income Expense": "-34,014", "Pretax Income": "395,645", "Tax Provision": "4,764", "Net Income Common Stockholders": "390,305", "Average Dilution Earnings": "576", "Diluted NI Available to Com Stockholders": "390,881", "Basic EPS": "1.82", "Diluted EPS": "1.81", "Basic Average Shares": "214,770", "Diluted Average Shares": "215,786", "Total Operating Income as Reported": "717,423", "Rent Expense Supplemental": "42,438", "Total Expenses": "423,050", "Net Income from Continuing & Discontinued Operation": "390,881", "Normalized Income": "424,487", "Interest Income": "756", "Interest Expense": "301,520", "Net Interest Income": "-300,764", "EBIT": "697,165", "EBITDA": "-", "Reconciled Cost of Revenue": "56,164", "Reconciled Depreciation": "258,971", "Net Income from Continuing Operation Net Minority Interest": "390,881", "Total Unusual Items Excluding Goodwill": "-34,014", "Total Unusual Items": "-34,014", "Normalized EBITDA": "990,150", "Tax Rate for Calcs": "0", "Tax Effect of Unusual Items": "-408.168"}, "12/31/2018": {"Duration": "12/31/2018", "Total Revenue": "1,055,727", "Cost of Revenue": "165,884", "Gross Profit": "889,843", "Operating Expense": "236,579", "Operating Income": "653,264", "Net Non Operating Interest Income Expense": "-245,857", "Other Income Expense": "-62,927", "Pretax Income": "344,480", "Tax Provision": "4,964", "Net Income Common Stockholders": "339,041", "Average Dilution Earnings": "475", "Diluted NI Available to Com Stockholders": "339,516", "Basic EPS": "1.59", "Diluted EPS": "1.58", "Basic Average Shares": "213,532", "Diluted Average Shares": "214,779", "Total Operating Income as Reported": "593,810", "Rent Expense Supplemental": "28,358", "Total Expenses": "402,463", "Net Income from Continuing & Discontinued Operation": "339,516", "Normalized Income": "401,562", "Interest Income": "1,827", "Interest Expense": "247,684", "Net Interest Income": "-245,857", "EBIT": "592,164", "EBITDA": "-", "Reconciled Cost of Revenue": "154,612", "Reconciled Depreciation": "148,365", "Net Income from Continuing Operation Net Minority Interest": "339,516", "Total Unusual Items Excluding Goodwill": "-62,927", "Total Unusual Items": "-62,927", "Normalized EBITDA": "803,456", "Tax Rate for Calcs": "0", "Tax Effect of Unusual Items": "-880.978"}}, "bs": {"12/31/2020": {"Duration": "12/31/2020", "Total Assets": "9,034,368", "Total Liabilities Net Minority Interest": "6,359,350", "Total Equity Gross Minority Interest": "2,675,018", "Total Capitalization": "8,428,847", "Common Stock Equity": "2,675,018", "Capital Lease Obligations": "153,063", "Net Tangible Assets": "2,057,160", "Working Capital": "137,883", "Invested Capital": "8,428,847", "Tangible Book Value": "2,057,160", "Total Debt": "5,906,892", "Net Debt": "5,267,378", "Share Issued": "232,452", "Ordinary Shares Number": "232,452"}, "12/31/2019": {"Duration": "12/31/2019", "Total Assets": "8,434,298", "Total Liabilities Net Minority Interest": "6,360,053", "Total Equity Gross Minority Interest": "2,074,245", "Total Capitalization": "7,765,218", "Common Stock Equity": "2,074,245", "Capital Lease Obligations": "184,960", "Net Tangible Assets": "1,393,930", "Working Capital": "-122,455", "Invested Capital": "7,811,218", "Tangible Book Value": "1,393,930", "Total Debt": "5,921,933", "Net Debt": "5,710,150", "Share Issued": "214,694", "Ordinary Shares Number": "214,694"}, "12/31/2018": {"Duration": "12/31/2018", "Total Assets": "8,577,293", "Total Liabilities Net Minority Interest": "6,311,686", "Total Equity Gross Minority Interest": "2,265,607", "Total Capitalization": "7,715,992", "Common Stock Equity": "2,265,607", "Capital Lease Obligations": "1,112", "Net Tangible Assets": "1,566,756", "Working Capital": "-460,435", "Invested Capital": "8,117,992", "Tangible Book Value": "1,566,756", "Total Debt": "5,853,497", "Net Debt": "5,826,602", "Share Issued": "214,212", "Ordinary Shares Number": "214,212"}}, "cf": {"TTM": {"Duration": "TTM", "Operating Cash Flow": "434,500", "Investing Cash Flow": "-9,885", "Financing Cash Flow": "-432,794", "Cash Flow from Discontinued Operation": "-30,626", "End Cash Position": "520,740", "Capital Expenditure": "-4,002", "Issuance of Capital Stock": "-", "Issuance of Debt": "901,783", "Repayment of Debt": "-1,399,711", "Free Cash Flow": "430,498"}, "12/31/2020": {"Duration": "12/31/2020", "Operating Cash Flow": "428,077", "Investing Cash Flow": "-9,487", "Financing Cash Flow": "63,169", "Cash Flow from Discontinued Operation": "-22,131", "End Cash Position": "486,451", "Capital Expenditure": "-3,604", "Issuance of Capital Stock": "320,873", "Issuance of Debt": "2,076,383", "Repayment of Debt": "-2,060,884", "Free Cash Flow": "424,473"}, "12/31/2019": {"Duration": "12/31/2019", "Operating Cash Flow": "750,302", "Investing Cash Flow": "-2,817", "Financing Cash Flow": "-746,445", "Cash Flow from Discontinued Operation": "-", "End Cash Position": "26,823", "Capital Expenditure": "-3,017", "Issuance of Capital Stock": "-", "Issuance of Debt": "1,358,853", "Repayment of Debt": "-1,477,949", "Free Cash Flow": "747,285"}, "12/31/2018": {"Duration": "12/31/2018", "Operating Cash Flow": "654,433", "Investing Cash Flow": "-1,509,784", "Financing Cash Flow": "852,080", "Cash Flow from Discontinued Operation": "-", "End Cash Position": "25,783", "Capital Expenditure": "-4,304", "Issuance of Capital Stock": "0", "Issuance of Debt": "2,593,405", "Repayment of Debt": "-1,164,117", "Free Cash Flow": "650,129"}}}}, {"ACRE": {"quote": {"05/12/2021": {"value": "14.06", "Market Cap": "569.446M", "Beta (5Y Monthly)": "1.37", "PE Ratio (TTM)": "8.71", "EPS (TTM)": "1.62", "Earnings Date": "Aug 04, 2021 - Aug 09, 2021", "Forward Dividend & Yield": "1.32 (8.94%)", "Ex-Dividend Date": "Jun 29, 2021", "1y Target Est": "16.00"}}, "fin": {"TTM": {"Duration": "TTM", "Total Revenue": "78,777", "Credit Losses Provision": "10,172", "Non Interest Expense": "33,578", "Special Income Charges": "-", "Pretax Income": "55,371", "Tax Provision": "528", "Net Income Common Stockholders": "54,843", "Diluted NI Available to Com Stockholders": "54,843", "Basic EPS": "-", "Diluted EPS": "-", "Basic Average Shares": "-", "Diluted Average Shares": "-", "INTEREST_INCOME_AFTER_PROVISION_FOR_LOAN_LOSS": "81,926", "Net Income from Continuing & Discontinued Operation": "54,843", "Normalized Income": "43,917", "Reconciled Depreciation": "-", "Net Income from Continuing Operation Net Minority Interest": "54,843", "Total Unusual Items Excluding Goodwill": "11,031", "Total Unusual Items": "11,031", "Tax Rate for Calcs": "0", "Tax Effect of Unusual Items": "105.1881"}, "12/31/2020": {"Duration": "12/31/2020", "Total Revenue": "78,688", "Credit Losses Provision": "-20,185", "Non Interest Expense": "36,311", "Special Income Charges": "-", "Pretax Income": "22,192", "Tax Provision": "352", "Net Income Common Stockholders": "21,840", "Diluted NI Available to Com Stockholders": "21,840", "Basic EPS": "-", "Diluted EPS": "-", "Basic Average Shares": "-", "Diluted Average Shares": "-", "INTEREST_INCOME_AFTER_PROVISION_FOR_LOAN_LOSS": "48,918", "Net Income from Continuing & Discontinued Operation": "21,840", "Normalized Income": "8,463", "Reconciled Depreciation": "892", "Net Income from Continuing Operation Net Minority Interest": "21,840", "Total Unusual Items Excluding Goodwill": "13,593", "Total Unusual Items": "13,593", "Tax Rate for Calcs": "0", "Tax Effect of Unusual Items": "215.6063"}, "12/31/2019": {"Duration": "12/31/2019", "Total Revenue": "77,259", "Credit Losses Provision": "-", "Non Interest Expense": "39,753", "Special Income Charges": "0", "Pretax Income": "37,506", "Tax Provision": "515", "Net Income Common Stockholders": "36,991", "Diluted NI Available to Com Stockholders": "36,991", "Basic EPS": "1.29", "Diluted EPS": "1.28", "Basic Average Shares": "28,609", "Diluted Average Shares": "28,847", "INTEREST_INCOME_AFTER_PROVISION_FOR_LOAN_LOSS": "52,201", "Net Income from Continuing & Discontinued Operation": "36,991", "Normalized Income": "12,277", "Reconciled Depreciation": "667", "Net Income from Continuing Operation Net Minority Interest": "36,991", "Total Unusual Items Excluding Goodwill": "25,058", "Total Unusual Items": "25,058", "Tax Rate for Calcs": "0", "Tax Effect of Unusual Items": "344.0748"}, "12/31/2018": {"Duration": "12/31/2018", "Total Revenue": "55,282", "Credit Losses Provision": "-", "Non Interest Expense": "16,240", "Special Income Charges": "0", "Pretax Income": "39,042", "Tax Provision": "446", "Net Income Common Stockholders": "38,596", "Diluted NI Available to Com Stockholders": "38,596", "Basic EPS": "1.35", "Diluted EPS": "1.35", "Basic Average Shares": "28,529", "Diluted Average Shares": "28,657", "INTEREST_INCOME_AFTER_PROVISION_FOR_LOAN_LOSS": "55,282", "Net Income from Continuing & Discontinued Operation": "38,596", "Normalized Income": "38,596", "Reconciled Depreciation": "0", "Net Income from Continuing Operation Net Minority Interest": "38,596", "Total Unusual Items Excluding Goodwill": "0", "Total Unusual Items": "0", "Tax Rate for Calcs": "0", "Tax Effect of Unusual Items": "0"}}, "bs": {"12/31/2020": {"Duration": "12/31/2020", "Total Assets": "1,929,497", "Total Liabilities Net Minority Interest": "1,456,482", "Total Equity Gross Minority Interest": "473,015", "Total Capitalization": "1,148,513", "Common Stock Equity": "473,015", "Net Tangible Assets": "473,015", "Invested Capital": "1,799,941", "Tangible Book Value": "473,015", "Total Debt": "1,326,926", "Net Debt": "1,252,150", "Share Issued": "33,442", "Ordinary Shares Number": "33,442"}, "12/31/2019": {"Duration": "12/31/2019", "Total Assets": "1,784,134", "Total Liabilities Net Minority Interest": "1,357,795", "Total Equity Gross Minority Interest": "426,339", "Total Capitalization": "1,069,653", "Common Stock Equity": "426,339", "Net Tangible Assets": "426,339", "Invested Capital": "1,630,155", "Tangible Book Value": "426,339", "Total Debt": "1,203,816", "Net Debt": "1,198,560", "Share Issued": "28,866", "Ordinary Shares Number": "28,866"}, "12/31/2018": {"Duration": "12/31/2018", "Total Assets": "1,603,324", "Total Liabilities Net Minority Interest": "1,177,737", "Total Equity Gross Minority Interest": "425,587", "Total Capitalization": "804,669", "Common Stock Equity": "425,587", "Net Tangible Assets": "425,587", "Invested Capital": "804,669", "Tangible Book Value": "425,587", "Total Debt": "379,082", "Net Debt": "367,993", "Share Issued": "28,756", "Ordinary Shares Number": "28,756"}}, "cf": {"TTM": {"Duration": "TTM", "Operating Cash Flow": "33,419", "Investing Cash Flow": "60,730", "Financing Cash Flow": "-71,082", "End Cash Position": "97,944", "Income Tax Paid Supplemental Data": "-", "Interest Paid Supplemental Data": "-", "Capital Expenditure": "-", "Issuance of Capital Stock": "100,870", "Issuance of Debt": "798,967", "Repayment of Debt": "-914,525", "Repurchase of Capital Stock": "-", "Free Cash Flow": "33,372"}, "12/31/2020": {"Duration": "12/31/2020", "Operating Cash Flow": "31,762", "Investing Cash Flow": "-81,867", "Financing Cash Flow": "119,246", "End Cash Position": "74,776", "Income Tax Paid Supplemental Data": "399", "Interest Paid Supplemental Data": "46,137", "Capital Expenditure": "-274", "Issuance of Capital Stock": "73,232", "Issuance of Debt": "540,675", "Repayment of Debt": "-446,530", "Repurchase of Capital Stock": "-", "Free Cash Flow": "31,488"}, "12/31/2019": {"Duration": "12/31/2019", "Operating Cash Flow": "32,452", "Investing Cash Flow": "-174,426", "Financing Cash Flow": "136,141", "End Cash Position": "5,635", "Income Tax Paid Supplemental Data": "668", "Interest Paid Supplemental Data": "54,595", "Capital Expenditure": "-1,686", "Issuance of Capital Stock": "-", "Issuance of Debt": "1,022,629", "Repayment of Debt": "-843,186", "Repurchase of Capital Stock": "-", "Free Cash Flow": "30,766"}, "12/31/2018": {"Duration": "12/31/2018", "Operating Cash Flow": "39,218", "Investing Cash Flow": "157,924", "Financing Cash Flow": "-214,396", "End Cash Position": "11,468", "Income Tax Paid Supplemental Data": "360", "Interest Paid Supplemental Data": "56,719", "Capital Expenditure": "-", "Issuance of Capital Stock": "-", "Issuance of Debt": "642,241", "Repayment of Debt": "-822,227", "Repurchase of Capital Stock": "0", "Free Cash Flow": "39,218"}}}}, {"ANH": {"quote": {"03/28/2021": {"value": "2.9800", "Market Cap": "295.926M", "Beta (5Y Monthly)": "N/A", "PE Ratio (TTM)": "N/A", "EPS (TTM)": "N/A", "Earnings Date": "May 03, 2021 - May 07, 2021", "Forward Dividend & Yield": "N/A (N/A)", "Ex-Dividend Date": "N/A", "1y Target Est": "2.50"}}, "fin": {}, "bs": {}, "cf": {}}}, {"CXW": {"quote": {"05/12/2021": {"value": "7.72", "Market Cap": "928.538M", "Beta (5Y Monthly)": "1.32", "PE Ratio (TTM)": "N/A", "EPS (TTM)": "-0.87", "Earnings Date": "Aug 03, 2021 - Aug 09, 2021", "Forward Dividend & Yield": "N/A (N/A)", "Ex-Dividend Date": "Mar 31, 2020", "1y Target Est": "15.30"}}, "fin": {"TTM": {"Duration": "TTM", "Total Revenue": "1,869,102", "Cost of Revenue": "1,376,945", "Gross Profit": "492,157", "Operating Expense": "268,210", "Operating Income": "223,947", "Net Non Operating Interest Income Expense": "-86,330", "Other Income Expense": "-126,916", "Pretax Income": "10,673", "Tax Provision": "114,141", "Net Income Common Stockholders": "-102,287", "Average Dilution Earnings": "-2,362", "Diluted NI Available to Com Stockholders": "-104,649", "Basic EPS": "-", "Diluted EPS": "-", "Basic Average Shares": "-", "Diluted Average Shares": "-", "Total Operating Income as Reported": "110,182", "Total Expenses": "1,645,155", "Net Income from Continuing & Discontinued Operation": "-102,287", "Normalized Income": "-26,231", "Interest Expense": "79,689", "Net Interest Income": "-86,330", "EBIT": "90,362", "EBITDA": "235,983", "Reconciled Cost of Revenue": "1,376,945", "Reconciled Depreciation": "145,621", "Net Income from Continuing Operation Net Minority Interest": "-102,287", "Total Unusual Items Excluding Goodwill": "-126,760", "Total Unusual Items": "-126,760", "Normalized EBITDA": "362,743", "Tax Rate for Calcs": "0", "Tax Effect of Unusual Items": "-50,704"}, "12/31/2020": {"Duration": "12/31/2020", "Total Revenue": "1,905,485", "Cost of Revenue": "1,406,376", "Gross Profit": "499,109", "Operating Expense": "275,199", "Operating Income": "223,910", "Net Non Operating Interest Income Expense": "-90,440", "Other Income Expense": "-73,718", "Pretax Income": "59,724", "Tax Provision": "4,386", "Net Income Common Stockholders": "55,338", "Average Dilution Earnings": "-1,181", "Diluted NI Available to Com Stockholders": "54,157", "Basic EPS": "-", "Diluted EPS": "-", "Basic Average Shares": "-", "Diluted Average Shares": "-", "Total Operating Income as Reported": "162,662", "Total Expenses": "1,681,575", "Net Income from Continuing & Discontinued Operation": "55,338", "Normalized Income": "124,161", "Interest Expense": "83,299", "Net Interest Income": "-90,440", "EBIT": "143,023", "EBITDA": "-", "Reconciled Cost of Revenue": "1,406,376", "Reconciled Depreciation": "150,861", "Net Income from Continuing Operation Net Minority Interest": "55,338", "Total Unusual Items Excluding Goodwill": "-74,243", "Total Unusual Items": "-74,243", "Normalized EBITDA": "368,127", "Tax Rate for Calcs": "0", "Tax Effect of Unusual Items": "-5,420"}, "12/31/2019": {"Duration": "12/31/2019", "Total Revenue": "1,980,689", "Cost of Revenue": "1,422,769", "Gross Profit": "557,920", "Operating Expense": "271,650", "Operating Income": "286,270", "Net Non Operating Interest Income Expense": "-85,003", "Other Income Expense": "-4,542", "Pretax Income": "196,725", "Tax Provision": "7,839", "Net Income Common Stockholders": "188,886", "Average Dilution Earnings": "-", "Diluted NI Available to Com Stockholders": "188,886", "Basic EPS": "1.59", "Diluted EPS": "1.59", "Basic Average Shares": "119,028", "Diluted Average Shares": "119,164", "Total Operating Income as Reported": "281,564", "Total Expenses": "1,694,419", "Net Income from Continuing & Discontinued Operation": "188,886", "Normalized Income": "193,404", "Interest Expense": "84,401", "Net Interest Income": "-85,003", "EBIT": "281,126", "EBITDA": "-", "Reconciled Cost of Revenue": "1,422,769", "Reconciled Depreciation": "144,572", "Net Income from Continuing Operation Net Minority Interest": "188,886", "Total Unusual Items Excluding Goodwill": "-4,706", "Total Unusual Items": "-4,706", "Normalized EBITDA": "430,404", "Tax Rate for Calcs": "0", "Tax Effect of Unusual Items": "-188.24"}, "12/31/2018": {"Duration": "12/31/2018", "Total Revenue": "1,835,766", "Cost of Revenue": "1,315,250", "Gross Profit": "520,516", "Operating Expense": "263,366", "Operating Income": "257,150", "Net Non Operating Interest Income Expense": "-81,769", "Other Income Expense": "-7,821", "Pretax Income": "167,560", "Tax Provision": "8,353", "Net Income Common Stockholders": "159,207", "Average Dilution Earnings": "-", "Diluted NI Available to Com Stockholders": "159,207", "Basic EPS": "1.34", "Diluted EPS": "1.34", "Basic Average Shares": "118,544", "Diluted Average Shares": "118,716", "Total Operating Income as Reported": "249,485", "Total Expenses": "1,578,616", "Net Income from Continuing & Discontinued Operation": "159,207", "Normalized Income": "166,489", "Interest Expense": "80,753", "Net Interest Income": "-81,769", "EBIT": "248,313", "EBITDA": "-", "Reconciled Cost of Revenue": "1,315,250", "Reconciled Depreciation": "156,501", "Net Income from Continuing Operation Net Minority Interest": "159,207", "Total Unusual Items Excluding Goodwill": "-7,665", "Total Unusual Items": "-7,665", "Normalized EBITDA": "412,479", "Tax Rate for Calcs": "0", "Tax Effect of Unusual Items": "-383.25"}}, "bs": {"12/31/2020": {"Duration": "12/31/2020", "Total Assets": "3,709,315", "Total Liabilities Net Minority Interest": "2,295,873", "Total Equity Gross Minority Interest": "1,413,442", "Total Capitalization": "3,137,835", "Common Stock Equity": "1,390,171", "Capital Lease Obligations": "178,323", "Net Tangible Assets": "1,373,549", "Working Capital": "403,717", "Invested Capital": "3,176,922", "Tangible Book Value": "1,373,549", "Total Debt": "1,965,074", "Net Debt": "1,673,532", "Share Issued": "119,638", "Ordinary Shares Number": "119,638"}, "12/31/2019": {"Duration": "12/31/2019", "Total Assets": "3,791,631", "Total Liabilities Net Minority Interest": "2,414,882", "Total Equity Gross Minority Interest": "1,376,749", "Total Capitalization": "3,304,772", "Common Stock Equity": "1,376,749", "Capital Lease Obligations": "94,398", "Net Tangible Assets": "1,311,695", "Working Capital": "66,574", "Invested Capital": "3,336,121", "Tangible Book Value": "1,311,695", "Total Debt": "2,053,770", "Net Debt": "1,867,252", "Share Issued": "119,096", "Ordinary Shares Number": "119,096"}, "12/31/2018": {"Duration": "12/31/2018", "Total Assets": "3,655,660", "Total Liabilities Net Minority Interest": "2,240,601", "Total Equity Gross Minority Interest": "1,415,059", "Total Capitalization": "3,202,614", "Common Stock Equity": "1,415,059", "Capital Lease Obligations": "37,392", "Net Tangible Assets": "1,272,985", "Working Capital": "7,129", "Invested Capital": "3,216,735", "Tangible Book Value": "1,272,985", "Total Debt": "1,839,068", "Net Debt": "1,748,874", "Share Issued": "118,674", "Ordinary Shares Number": "118,674"}}, "cf": {"TTM": {"Duration": "TTM", "Operating Cash Flow": "379,749", "Investing Cash Flow": "37,678", "Financing Cash Flow": "-585,214", "End Cash Position": "184,554", "Income Tax Paid Supplemental Data": "-", "Interest Paid Supplemental Data": "84,502", "Capital Expenditure": "-69,158", "Issuance of Debt": "0", "Repayment of Debt": "-518,501", "Repurchase of Capital Stock": "-1,649", "Free Cash Flow": "310,591"}, "12/31/2020": {"Duration": "12/31/2020", "Operating Cash Flow": "355,530", "Investing Cash Flow": "12,968", "Financing Cash Flow": "-350,823", "End Cash Position": "136,768", "Income Tax Paid Supplemental Data": "1,322", "Interest Paid Supplemental Data": "88,132", "Capital Expenditure": "-83,787", "Issuance of Debt": "374,000", "Repayment of Debt": "-604,108", "Repurchase of Capital Stock": "-3,575", "Free Cash Flow": "271,743"}, "12/31/2019": {"Duration": "12/31/2019", "Operating Cash Flow": "354,384", "Investing Cash Flow": "-244,589", "Financing Cash Flow": "-64,839", "End Cash Position": "119,093", "Income Tax Paid Supplemental Data": "16,437", "Interest Paid Supplemental Data": "85,698", "Capital Expenditure": "-193,320", "Issuance of Debt": "1,146,691", "Repayment of Debt": "-987,659", "Repurchase of Capital Stock": "-3,531", "Free Cash Flow": "161,064"}, "12/31/2018": {"Duration": "12/31/2018", "Operating Cash Flow": "322,880", "Investing Cash Flow": "-291,057", "Financing Cash Flow": "-9,869", "End Cash Position": "74,137", "Income Tax Paid Supplemental Data": "13,303", "Interest Paid Supplemental Data": "71,787", "Capital Expenditure": "-121,677", "Issuance of Debt": "817,614", "Repayment of Debt": "-615,060", "Repurchase of Capital Stock": "-3,005", "Free Cash Flow": "201,203"}}}}, {"LAMR": {"quote": {"05/12/2021": {"value": "100.34", "Market Cap": "10.145B", "Beta (5Y Monthly)": "1.51", "PE Ratio (TTM)": "42.02", "EPS (TTM)": "2.39", "Earnings Date": "Aug 04, 2021 - Aug 09, 2021", "Forward Dividend & Yield": "3.00 (2.92%)", "Ex-Dividend Date": "Mar 19, 2021", "1y Target Est": "104.33"}}, "fin": {"TTM": {"Duration": "TTM", "Total Revenue": "1,533,168", "Cost of Revenue": "539,382", "Gross Profit": "993,786", "Operating Expense": "598,264", "Operating Income": "395,522", "Net Non Operating Interest Income Expense": "-128,443", "Other Income Expense": "-21,723", "Pretax Income": "245,356", "Tax Provision": "4,134", "Net Income Common Stockholders": "240,857", "Diluted NI Available to Com Stockholders": "240,857", "Basic EPS": "-", "Diluted EPS": "-", "Basic Average Shares": "-", "Diluted Average Shares": "-", "Total Operating Income as Reported": "402,459", "Total Expenses": "1,137,646", "Net Income from Continuing & Discontinued Operation": "241,222", "Normalized Income": "262,579", "Interest Income": "781", "Interest Expense": "129,224", "Net Interest Income": "-128,443", "EBIT": "374,580", "EBITDA": "624,312", "Reconciled Cost of Revenue": "539,382", "Reconciled Depreciation": "249,732", "Net Income from Continuing Operation Net Minority Interest": "241,222", "Total Unusual Items Excluding Goodwill": "-21,723", "Total Unusual Items": "-21,723", "Normalized EBITDA": "646,035", "Tax Rate for Calcs": "0", "Tax Effect of Unusual Items": "-366.0105"}, "12/31/2020": {"Duration": "12/31/2020", "Total Revenue": "1,568,856", "Cost of Revenue": "557,661", "Gross Profit": "1,011,195", "Operating Expense": "610,114", "Operating Income": "401,081", "Net Non Operating Interest Income Expense": "-136,826", "Other Income Expense": "-16,209", "Pretax Income": "248,046", "Tax Provision": "4,660", "Net Income Common Stockholders": "243,021", "Diluted NI Available to Com Stockholders": "243,021", "Basic EPS": "-", "Diluted EPS": "-", "Basic Average Shares": "-", "Diluted Average Shares": "-", "Total Operating Income as Reported": "410,107", "Total Expenses": "1,167,775", "Net Income from Continuing & Discontinued Operation": "243,386", "Normalized Income": "259,287", "Interest Income": "797", "Interest Expense": "137,623", "Net Interest Income": "-136,826", "EBIT": "385,669", "EBITDA": "-", "Reconciled Cost of Revenue": "557,661", "Reconciled Depreciation": "251,296", "Net Income from Continuing Operation Net Minority Interest": "243,386", "Total Unusual Items Excluding Goodwill": "-16,209", "Total Unusual Items": "-16,209", "Normalized EBITDA": "653,174", "Tax Rate for Calcs": "0", "Tax Effect of Unusual Items": "-307.971"}, "12/31/2019": {"Duration": "12/31/2019", "Total Revenue": "1,753,644", "Cost of Revenue": "590,078", "Gross Profit": "1,163,566", "Operating Expense": "653,066", "Operating Income": "510,500", "Net Non Operating Interest Income Expense": "-149,852", "Other Income Expense": "7,241", "Pretax Income": "367,889", "Tax Provision": "-4,222", "Net Income Common Stockholders": "371,746", "Diluted NI Available to Com Stockholders": "371,746", "Basic EPS": "3.71", "Diluted EPS": "3.71", "Basic Average Shares": "100,131", "Diluted Average Shares": "100,321", "Total Operating Income as Reported": "517,741", "Total Expenses": "1,243,144", "Net Income from Continuing & Discontinued Operation": "372,111", "Normalized Income": "366,825", "Interest Income": "764", "Interest Expense": "150,616", "Net Interest Income": "-149,852", "EBIT": "518,505", "EBITDA": "-", "Reconciled Cost of Revenue": "590,078", "Reconciled Depreciation": "250,028", "Net Income from Continuing Operation Net Minority Interest": "372,111", "Total Unusual Items Excluding Goodwill": "7,241", "Total Unusual Items": "7,241", "Normalized EBITDA": "761,292", "Tax Rate for Calcs": "0", "Tax Effect of Unusual Items": "1,955"}, "12/31/2018": {"Duration": "12/31/2018", "Total Revenue": "1,627,222", "Cost of Revenue": "561,848", "Gross Profit": "1,065,374", "Operating Expense": "597,585", "Operating Income": "467,789", "Net Non Operating Interest Income Expense": "-129,198", "Other Income Expense": "-22,662", "Pretax Income": "315,929", "Tax Provision": "10,697", "Net Income Common Stockholders": "304,867", "Diluted NI Available to Com Stockholders": "304,867", "Basic EPS": "3.09", "Diluted EPS": "3.08", "Basic Average Shares": "98,818", "Diluted Average Shares": "99,086", "Total Operating Income as Reported": "460,556", "Total Expenses": "1,159,433", "Net Income from Continuing & Discontinued Operation": "305,232", "Normalized Income": "327,123", "Interest Income": "534", "Interest Expense": "129,732", "Net Interest Income": "-129,198", "EBIT": "445,661", "EBITDA": "-", "Reconciled Cost of Revenue": "561,848", "Reconciled Depreciation": "225,261", "Net Income from Continuing Operation Net Minority Interest": "305,232", "Total Unusual Items Excluding Goodwill": "-22,662", "Total Unusual Items": "-22,662", "Normalized EBITDA": "693,584", "Tax Rate for Calcs": "0", "Tax Effect of Unusual Items": "-770.508"}}, "bs": {"12/31/2020": {"Duration": "12/31/2020", "Total Assets": "5,791,441", "Total Liabilities Net Minority Interest": "4,588,673", "Total Equity Gross Minority Interest": "1,202,768", "Total Capitalization": "3,966,850", "Common Stock Equity": "1,202,768", "Capital Lease Obligations": "1,209,154", "Net Tangible Assets": "-1,624,006", "Working Capital": "-167,302", "Invested Capital": "4,089,284", "Tangible Book Value": "-1,624,006", "Total Debt": "4,095,670", "Net Debt": "2,764,947", "Share Issued": "101,531", "Ordinary Shares Number": "100,912", "Preferred Shares Number": "5.72", "Treasury Shares Number": "619.681"}, "12/31/2019": {"Duration": "12/31/2019", "Total Assets": "5,941,155", "Total Liabilities Net Minority Interest": "4,760,849", "Total Equity Gross Minority Interest": "1,180,306", "Total Capitalization": "3,933,910", "Common Stock Equity": "1,180,306", "Capital Lease Obligations": "1,265,022", "Net Tangible Assets": "-1,724,212", "Working Capital": "-362,639", "Invested Capital": "4,160,424", "Tangible Book Value": "-1,724,212", "Total Debt": "4,245,140", "Net Debt": "2,953,930", "Share Issued": "101,017", "Ordinary Shares Number": "100,513", "Preferred Shares Number": "-", "Treasury Shares Number": "503.198"}, "12/31/2018": {"Duration": "12/31/2018", "Total Assets": "4,544,641", "Total Liabilities Net Minority Interest": "3,412,857", "Total Equity Gross Minority Interest": "1,131,784", "Total Capitalization": "3,816,352", "Common Stock Equity": "1,131,784", "Capital Lease Obligations": "-", "Net Tangible Assets": "-1,703,055", "Working Capital": "-91,366", "Invested Capital": "4,020,472", "Tangible Book Value": "-1,703,055", "Total Debt": "2,888,688", "Net Debt": "2,867,194", "Share Issued": "99,972", "Ordinary Shares Number": "99,583", "Preferred Shares Number": "5.72", "Treasury Shares Number": "388.903"}}, "cf": {"TTM": {"Duration": "TTM", "Operating Cash Flow": "590,259", "Investing Cash Flow": "-79,123", "Financing Cash Flow": "-965,644", "End Cash Position": "42,131", "Income Tax Paid Supplemental Data": "3,584", "Interest Paid Supplemental Data": "131,225", "Capital Expenditure": "-52,895", "Issuance of Capital Stock": "15,332", "Issuance of Debt": "1,203,000", "Repayment of Debt": "-1,912,747", "Repurchase of Capital Stock": "-6,141", "Free Cash Flow": "537,364"}, "12/31/2020": {"Duration": "12/31/2020", "Operating Cash Flow": "569,873", "Investing Cash Flow": "-96,888", "Financing Cash Flow": "-377,917", "End Cash Position": "121,569", "Income Tax Paid Supplemental Data": "4,033", "Interest Paid Supplemental Data": "130,864", "Capital Expenditure": "-62,272", "Issuance of Capital Stock": "11,148", "Issuance of Debt": "2,881,500", "Repayment of Debt": "-2,920,805", "Repurchase of Capital Stock": "-10,492", "Free Cash Flow": "507,601"}, "12/31/2019": {"Duration": "12/31/2019", "Operating Cash Flow": "630,865", "Investing Cash Flow": "-362,034", "Financing Cash Flow": "-264,357", "End Cash Position": "26,188", "Income Tax Paid Supplemental Data": "14,449", "Interest Paid Supplemental Data": "139,585", "Capital Expenditure": "-140,956", "Issuance of Capital Stock": "44,262", "Issuance of Debt": "750,000", "Repayment of Debt": "-659,471", "Repurchase of Capital Stock": "-8,882", "Free Cash Flow": "489,909"}, "12/31/2018": {"Duration": "12/31/2018", "Operating Cash Flow": "564,846", "Investing Cash Flow": "-584,148", "Financing Cash Flow": "-73,563", "End Cash Position": "21,494", "Income Tax Paid Supplemental Data": "8,563", "Interest Paid Supplemental Data": "136,711", "Capital Expenditure": "-117,638", "Issuance of Capital Stock": "62,662", "Issuance of Debt": "1,162,250", "Repayment of Debt": "-1,018,118", "Repurchase of Capital Stock": "-4,112", "Free Cash Flow": "447,208"}}}}, {"ABR": {"quote": {"05/12/2021": {"value": "16.39", "Market Cap": "2.181B", "Beta (5Y Monthly)": "1.92", "PE Ratio (TTM)": "6.65", "EPS (TTM)": "2.46", "Earnings Date": "Jul 29, 2021 - Aug 02, 2021", "Forward Dividend & Yield": "1.36 (7.83%)", "Ex-Dividend Date": "May 20, 2021", "1y Target Est": "18.50"}}, "fin": {"TTM": {"Duration": "TTM", "Total Revenue": "522,272", "Credit Losses Provision": "-590", "Non Interest Expense": "200,262", "Income from Associates & Other Participating Interests": "94,420", "Special Income Charges": "-2,962", "Pretax Income": "412,878", "Tax Provision": "67,255", "Net Income Common Stockholders": "292,184", "Average Dilution Earnings": "45,885", "Diluted NI Available to Com Stockholders": "338,069", "Basic EPS": "-", "Diluted EPS": "-", "Basic Average Shares": "-", "Diluted Average Shares": "-", "INTEREST_INCOME_AFTER_PROVISION_FOR_LOAN_LOSS": "180,075", "Net Income from Continuing & Discontinued Operation": "299,738", "Normalized Income": "301,503", "Reconciled Depreciation": "59,052", "Net Income from Continuing Operation Net Minority Interest": "299,738", "Total Unusual Items Excluding Goodwill": "-2,109", "Total Unusual Items": "-2,109", "Tax Rate for Calcs": "0", "Tax Effect of Unusual Items": "-343.5417"}, "12/31/2020": {"Duration": "12/31/2020", "Total Revenue": "434,133", "Credit Losses Provision": "-75,932", "Non Interest Expense": "194,266", "Income from Associates & Other Participating Interests": "76,161", "Special Income Charges": "-3,546", "Pretax Income": "236,550", "Tax Provision": "40,393", "Net Income Common Stockholders": "163,395", "Average Dilution Earnings": "25,208", "Diluted NI Available to Com Stockholders": "188,603", "Basic EPS": "-", "Diluted EPS": "-", "Basic Average Shares": "-", "Diluted Average Shares": "-", "INTEREST_INCOME_AFTER_PROVISION_FOR_LOAN_LOSS": "94,317", "Net Income from Continuing & Discontinued Operation": "170,949", "Normalized Income": "174,203", "Reconciled Depreciation": "56,862", "Net Income from Continuing Operation Net Minority Interest": "170,949", "Total Unusual Items Excluding Goodwill": "-3,921", "Total Unusual Items": "-3,921", "Tax Rate for Calcs": "0", "Tax Effect of Unusual Items": "-666.57"}, "12/31/2019": {"Duration": "12/31/2019", "Total Revenue": "349,386", "Credit Losses Provision": "-1,147", "Non Interest Expense": "180,161", "Income from Associates & Other Participating Interests": "10,635", "Special Income Charges": "-8,439", "Pretax Income": "170,274", "Tax Provision": "15,036", "Net Income Common Stockholders": "121,074", "Average Dilution Earnings": "26,610", "Diluted NI Available to Com Stockholders": "147,684", "Basic EPS": "1.30", "Diluted EPS": "1.27", "Basic Average Shares": "92,851", "Diluted Average Shares": "116,193", "INTEREST_INCOME_AFTER_PROVISION_FOR_LOAN_LOSS": "128,394", "Net Income from Continuing & Discontinued Operation": "128,628", "Normalized Income": "136,324", "Reconciled Depreciation": "56,191", "Net Income from Continuing Operation Net Minority Interest": "128,628", "Total Unusual Items Excluding Goodwill": "-8,439", "Total Unusual Items": "-8,439", "Tax Rate for Calcs": "0", "Tax Effect of Unusual Items": "-742.632"}, "12/31/2018": {"Duration": "12/31/2018", "Total Revenue": "331,081", "Credit Losses Provision": "-12,196", "Non Interest Expense": "165,428", "Income from Associates & Other Participating Interests": "1,196", "Special Income Charges": "3,129", "Pretax Income": "157,782", "Tax Provision": "9,731", "Net Income Common Stockholders": "108,312", "Average Dilution Earnings": "-", "Diluted NI Available to Com Stockholders": "108,312", "Basic EPS": "1.54", "Diluted EPS": "1.50", "Basic Average Shares": "70,208", "Diluted Average Shares": "93,642", "INTEREST_INCOME_AFTER_PROVISION_FOR_LOAN_LOSS": "85,754", "Net Income from Continuing & Discontinued Operation": "115,866", "Normalized Income": "112,931", "Reconciled Depreciation": "55,577", "Net Income from Continuing Operation Net Minority Interest": "115,866", "Total Unusual Items Excluding Goodwill": "3,129", "Total Unusual Items": "3,129", "Tax Rate for Calcs": "0", "Tax Effect of Unusual Items": "193.998"}}, "bs": {"12/31/2020": {"Duration": "12/31/2020", "Total Assets": "7,660,986", "Total Liabilities Net Minority Interest": "6,178,301", "Total Equity Gross Minority Interest": "1,482,685", "Total Capitalization": "4,934,152", "Preferred Stock Equity": "89,472", "Common Stock Equity": "1,254,899", "Net Tangible Assets": "858,946", "Invested Capital": "7,079,563", "Tangible Book Value": "769,474", "Total Debt": "5,824,664", "Net Debt": "5,485,136", "Share Issued": "123,181", "Ordinary Shares Number": "123,181", "Preferred Shares Number": "3,712"}, "12/31/2019": {"Duration": "12/31/2019", "Total Assets": "6,239,160", "Total Liabilities Net Minority Interest": "4,883,133", "Total Equity Gross Minority Interest": "1,356,027", "Total Capitalization": "4,128,260", "Preferred Stock Equity": "89,501", "Common Stock Equity": "1,095,109", "Net Tangible Assets": "787,490", "Invested Capital": "5,717,047", "Tangible Book Value": "697,989", "Total Debt": "4,621,938", "Net Debt": "4,322,251", "Share Issued": "109,706", "Ordinary Shares Number": "109,706", "Preferred Shares Number": "3,712"}, "12/31/2018": {"Duration": "12/31/2018", "Total Assets": "4,612,175", "Total Liabilities Net Minority Interest": "3,546,609", "Total Equity Gross Minority Interest": "1,065,566", "Total Capitalization": "3,074,480", "Preferred Stock Equity": "89,502", "Common Stock Equity": "805,736", "Net Tangible Assets": "505,303", "Invested Capital": "4,120,605", "Tangible Book Value": "415,801", "Total Debt": "3,314,869", "Net Debt": "3,154,806", "Share Issued": "83,988", "Ordinary Shares Number": "83,988", "Preferred Shares Number": "3,712"}}, "cf": {"TTM": {"Duration": "TTM", "Operating Cash Flow": "779,490", "Investing Cash Flow": "-1,517,142", "Financing Cash Flow": "743,522", "End Cash Position": "532,267", "Income Tax Paid Supplemental Data": "34,149", "Interest Paid Supplemental Data": "138,613", "Capital Expenditure": "-", "Issuance of Capital Stock": "322,594", "Issuance of Debt": "726,225", "Repayment of Debt": "-427,220", "Repurchase of Capital Stock": "-42,473", "Free Cash Flow": "779,490"}, "12/31/2020": {"Duration": "12/31/2020", "Operating Cash Flow": "55,165", "Investing Cash Flow": "-1,156,624", "Financing Cash Flow": "1,127,895", "End Cash Position": "536,998", "Income Tax Paid Supplemental Data": "35,282", "Interest Paid Supplemental Data": "144,968", "Capital Expenditure": "-", "Issuance of Capital Stock": "183,585", "Issuance of Debt": "1,013,750", "Repayment of Debt": "-375,461", "Repurchase of Capital Stock": "-53,764", "Free Cash Flow": "55,165"}, "12/31/2019": {"Duration": "12/31/2019", "Operating Cash Flow": "-226,537", "Investing Cash Flow": "-994,740", "Financing Cash Flow": "1,391,170", "End Cash Position": "510,562", "Income Tax Paid Supplemental Data": "19,611", "Interest Paid Supplemental Data": "167,581", "Capital Expenditure": "-", "Issuance of Capital Stock": "260,383", "Issuance of Debt": "1,531,193", "Repayment of Debt": "-761,190", "Repurchase of Capital Stock": "-11,574", "Free Cash Flow": "-226,537"}, "12/31/2018": {"Duration": "12/31/2018", "Operating Cash Flow": "-37,735", "Investing Cash Flow": "-681,875", "Financing Cash Flow": "816,507", "End Cash Position": "340,669", "Income Tax Paid Supplemental Data": "20,026", "Interest Paid Supplemental Data": "118,923", "Capital Expenditure": "-", "Issuance of Capital Stock": "156,417", "Issuance of Debt": "830,500", "Repayment of Debt": "-643,897", "Repurchase of Capital Stock": "-10,066", "Free Cash Flow": "-37,735"}}}}, {"MITT": {"quote": {"05/12/2021": {"value": "3.7200", "Market Cap": "173.065M", "Beta (5Y Monthly)": "1.63", "PE Ratio (TTM)": "1.42", "EPS (TTM)": "2.6160", "Earnings Date": "Aug 09, 2021 - Aug 13, 2021", "Forward Dividend & Yield": "0.09 (2.28%)", "Ex-Dividend Date": "Mar 31, 2021", "1y Target Est": "3.75"}}, "fin": {"TTM": {"Duration": "TTM", "Total Revenue": "66,288", "Non Interest Expense": "19,806", "Special Income Charges": "-8,700", "Pretax Income": "37,782", "Earnings from Equity Interest Net of Tax": "68,899", "Net Income Common Stockholders": "98,473", "Diluted NI Available to Com Stockholders": "98,473", "Basic EPS": "-", "Diluted EPS": "-", "Basic Average Shares": "-", "Diluted Average Shares": "-", "INTEREST_INCOME_AFTER_PROVISION_FOR_LOAN_LOSS": "25,341", "Net Income from Continuing & Discontinued Operation": "107,347", "Normalized Income": "111,901", "Reconciled Depreciation": "-", "Net Income from Continuing Operation Net Minority Interest": "106,681", "Total Unusual Items Excluding Goodwill": "-8,700", "Total Unusual Items": "-8,700", "Tax Rate for Calcs": "0", "Tax Effect of Unusual Items": "-3,480"}, "12/31/2020": {"Duration": "12/31/2020", "Total Revenue": "-390,355", "Non Interest Expense": "19,401", "Special Income Charges": "-10,200", "Pretax Income": "-419,956", "Earnings from Equity Interest Net of Tax": "-1,629", "Net Income Common Stockholders": "-430,894", "Diluted NI Available to Com Stockholders": "-430,894", "Basic EPS": "-12.24", "Diluted EPS": "-12.24", "Basic Average Shares": "35,191", "Diluted Average Shares": "35,191", "INTEREST_INCOME_AFTER_PROVISION_FOR_LOAN_LOSS": "37,580", "Net Income from Continuing & Discontinued Operation": "-420,919", "Normalized Income": "-411,385", "Reconciled Depreciation": "-", "Net Income from Continuing Operation Net Minority Interest": "-421,585", "Total Unusual Items Excluding Goodwill": "-10,200", "Total Unusual Items": "-10,200", "Tax Rate for Calcs": "0", "Tax Effect of Unusual Items": "0"}, "12/31/2019": {"Duration": "12/31/2019", "Total Revenue": "113,234", "Non Interest Expense": "23,540", "Special Income Charges": "-17,541", "Pretax Income": "89,694", "Earnings from Equity Interest Net of Tax": "7,644", "Net Income Common Stockholders": "76,800", "Diluted NI Available to Com Stockholders": "76,800", "Basic EPS": "2.39", "Diluted EPS": "2.39", "Basic Average Shares": "32,192", "Diluted Average Shares": "32,203", "INTEREST_INCOME_AFTER_PROVISION_FOR_LOAN_LOSS": "81,552", "Net Income from Continuing & Discontinued Operation": "92,922", "Normalized Income": "97,338", "Reconciled Depreciation": "-", "Net Income from Continuing Operation Net Minority Interest": "97,338", "Total Unusual Items Excluding Goodwill": "29,858", "Total Unusual Items": "29,858", "Tax Rate for Calcs": "0", "Tax Effect of Unusual Items": "0"}, "12/31/2018": {"Duration": "12/31/2018", "Total Revenue": "14,802", "Non Interest Expense": "28,827", "Special Income Charges": "-7,914", "Pretax Income": "-14,025", "Earnings from Equity Interest Net of Tax": "15,593", "Net Income Common Stockholders": "-11,901", "Diluted NI Available to Com Stockholders": "-11,901", "Basic EPS": "-0.42", "Diluted EPS": "-0.42", "Basic Average Shares": "28,392", "Diluted Average Shares": "28,392", "INTEREST_INCOME_AFTER_PROVISION_FOR_LOAN_LOSS": "84,417", "Net Income from Continuing & Discontinued Operation": "1,568", "Normalized Income": "1,568", "Reconciled Depreciation": "2,336", "Net Income from Continuing Operation Net Minority Interest": "1,568", "Total Unusual Items Excluding Goodwill": "-55,038", "Total Unusual Items": "-55,038", "Tax Rate for Calcs": "0", "Tax Effect of Unusual Items": "0"}}, "bs": {"12/31/2020": {"Duration": "12/31/2020", "Total Assets": "1,400,045", "Total Liabilities Net Minority Interest": "990,340", "Total Equity Gross Minority Interest": "409,705", "Total Capitalization": "764,864", "Preferred Stock Equity": "238,478", "Common Stock Equity": "171,227", "Net Tangible Assets": "406,547", "Invested Capital": "589,519", "Tangible Book Value": "168,069", "Total Debt": "418,292", "Net Debt": "370,366", "Share Issued": "41,434", "Ordinary Shares Number": "41,434", "Preferred Shares Number": "9,865"}, "12/31/2019": {"Duration": "12/31/2019", "Total Assets": "4,347,817", "Total Liabilities Net Minority Interest": "3,498,771", "Total Equity Gross Minority Interest": "849,046", "Total Capitalization": "1,073,394", "Preferred Stock Equity": "272,457", "Common Stock Equity": "576,589", "Net Tangible Assets": "831,271", "Invested Capital": "912,439", "Tangible Book Value": "558,814", "Total Debt": "335,850", "Net Debt": "254,158", "Share Issued": "32,742", "Ordinary Shares Number": "32,742", "Preferred Shares Number": "11,270"}, "12/31/2018": {"Duration": "12/31/2018", "Total Assets": "3,548,926", "Total Liabilities Net Minority Interest": "2,892,915", "Total Equity Gross Minority Interest": "656,011", "Total Capitalization": "3,489,374", "Preferred Stock Equity": "161,214", "Common Stock Equity": "494,797", "Net Tangible Assets": "627,263", "Invested Capital": "3,328,160", "Tangible Book Value": "466,049", "Total Debt": "2,833,363", "Net Debt": "2,801,784", "Share Issued": "28,744", "Ordinary Shares Number": "28,744", "Preferred Shares Number": "6,670"}}, "cf": {"TTM": {"Duration": "TTM", "Operating Cash Flow": "3,202", "Investing Cash Flow": "-309,275", "Financing Cash Flow": "263,999", "End Cash Position": "91,625", "Income Tax Paid Supplemental Data": "41", "Interest Paid Supplemental Data": "23,048", "Capital Expenditure": "-", "Issuance of Capital Stock": "17,051", "Issuance of Debt": "6,259,324", "Repayment of Debt": "-5,963,987", "Repurchase of Capital Stock": "-", "Free Cash Flow": "3,202"}, "12/31/2020": {"Duration": "12/31/2020", "Operating Cash Flow": "4,156", "Investing Cash Flow": "2,193,455", "Financing Cash Flow": "-2,260,500", "End Cash Position": "62,318", "Income Tax Paid Supplemental Data": "1,051", "Interest Paid Supplemental Data": "46,322", "Capital Expenditure": "-", "Issuance of Capital Stock": "7,018", "Issuance of Debt": "14,876,459", "Repayment of Debt": "-17,053,947", "Repurchase of Capital Stock": "-", "Free Cash Flow": "4,156"}, "12/31/2019": {"Duration": "12/31/2019", "Operating Cash Flow": "65,238", "Investing Cash Flow": "-746,963", "Financing Cash Flow": "722,695", "End Cash Position": "125,369", "Income Tax Paid Supplemental Data": "1,483", "Interest Paid Supplemental Data": "94,989", "Capital Expenditure": "-", "Issuance of Capital Stock": "177,306", "Issuance of Debt": "47,622,429", "Repayment of Debt": "-46,894,704", "Repurchase of Capital Stock": "-", "Free Cash Flow": "65,238"}, "12/31/2018": {"Duration": "12/31/2018", "Operating Cash Flow": "78,032", "Investing Cash Flow": "161,042", "Financing Cash Flow": "-207,531", "End Cash Position": "84,358", "Income Tax Paid Supplemental Data": "1,394", "Interest Paid Supplemental Data": "63,180", "Capital Expenditure": "-25,162", "Issuance of Capital Stock": "9,282", "Issuance of Debt": "51,642,506", "Repayment of Debt": "-51,789,674", "Repurchase of Capital Stock": "0", "Free Cash Flow": "52,870"}}}}, {"HASI": {"quote": {"05/12/2021": {"value": "45.22", "Market Cap": "3.557B", "Beta (5Y Monthly)": "1.78", "PE Ratio (TTM)": "32.30", "EPS (TTM)": "1.40", "Earnings Date": "Aug 04, 2021 - Aug 09, 2021", "Forward Dividend & Yield": "1.40 (2.95%)", "Ex-Dividend Date": "Jul 01, 2021", "1y Target Est": "64.33"}}, "fin": {"TTM": {"Duration": "TTM", "Total Revenue": "181,995", "Pretax Income": "111,642", "Tax Provision": "2,077", "Net Income Common Stockholders": "109,132", "Diluted NI Available to Com Stockholders": "109,132", "Basic EPS": "-", "Diluted EPS": "-", "Basic Average Shares": "-", "Diluted Average Shares": "-", "Net Income from Continuing & Discontinued Operation": "109,132", "Normalized Income": "109,132", "Reconciled Depreciation": "-", "Net Income from Continuing Operation Net Minority Interest": "109,132", "Tax Rate for Calcs": "0", "Tax Effect of Unusual Items": "0"}, "12/31/2020": {"Duration": "12/31/2020", "Total Revenue": "142,688", "Pretax Income": "79,980", "Tax Provision": "-2,779", "Net Income Common Stockholders": "82,416", "Diluted NI Available to Com Stockholders": "82,416", "Basic EPS": "-", "Diluted EPS": "-", "Basic Average Shares": "-", "Diluted Average Shares": "-", "Net Income from Continuing & Discontinued Operation": "82,416", "Normalized Income": "82,416", "Reconciled Depreciation": "3,580", "Net Income from Continuing Operation Net Minority Interest": "82,416", "Tax Rate for Calcs": "0", "Tax Effect of Unusual Items": "0"}, "12/31/2019": {"Duration": "12/31/2019", "Total Revenue": "141,514", "Pretax Income": "90,017", "Tax Provision": "8,097", "Net Income Common Stockholders": "81,564", "Diluted NI Available to Com Stockholders": "81,564", "Basic EPS": "1.25", "Diluted EPS": "1.24", "Basic Average Shares": "63,916", "Diluted Average Shares": "64,771", "Net Income from Continuing & Discontinued Operation": "81,564", "Normalized Income": "81,564", "Reconciled Depreciation": "3,593", "Net Income from Continuing Operation Net Minority Interest": "81,564", "Tax Rate for Calcs": "0", "Tax Effect of Unusual Items": "0"}, "12/31/2018": {"Duration": "12/31/2018", "Total Revenue": "83,096", "Pretax Income": "43,942", "Tax Provision": "2,144", "Net Income Common Stockholders": "41,577", "Diluted NI Available to Com Stockholders": "41,577", "Basic EPS": "0.75", "Diluted EPS": "0.75", "Basic Average Shares": "52,780", "Diluted Average Shares": "52,780", "Net Income from Continuing & Discontinued Operation": "41,577", "Normalized Income": "41,577", "Reconciled Depreciation": "15,253", "Net Income from Continuing Operation Net Minority Interest": "41,577", "Tax Rate for Calcs": "0", "Tax Effect of Unusual Items": "0"}}, "bs": {"12/31/2020": {"Duration": "12/31/2020", "Total Assets": "3,459,067", "Total Liabilities Net Minority Interest": "2,248,918", "Total Equity Gross Minority Interest": "1,210,149", "Total Capitalization": "3,392,270", "Common Stock Equity": "1,203,296", "Net Tangible Assets": "1,203,296", "Invested Capital": "3,392,270", "Tangible Book Value": "1,203,296", "Total Debt": "2,188,974", "Net Debt": "1,902,724", "Share Issued": "76,457", "Ordinary Shares Number": "76,457"}, "12/31/2019": {"Duration": "12/31/2019", "Total Assets": "2,387,274", "Total Liabilities Net Minority Interest": "1,447,362", "Total Equity Gross Minority Interest": "939,912", "Total Capitalization": "2,329,491", "Common Stock Equity": "936,480", "Net Tangible Assets": "936,480", "Invested Capital": "2,329,491", "Tangible Book Value": "936,480", "Total Debt": "1,393,011", "Net Debt": "1,386,803", "Share Issued": "66,338", "Ordinary Shares Number": "66,338"}, "12/31/2018": {"Duration": "12/31/2018", "Total Assets": "2,154,913", "Total Liabilities Net Minority Interest": "1,350,390", "Total Equity Gross Minority Interest": "804,523", "Total Capitalization": "2,042,881", "Common Stock Equity": "801,100", "Net Tangible Assets": "801,100", "Invested Capital": "2,042,881", "Tangible Book Value": "801,100", "Total Debt": "1,241,781", "Net Debt": "1,220,363", "Share Issued": "60,510", "Ordinary Shares Number": "60,510"}}, "cf": {"TTM": {"Duration": "TTM", "Operating Cash Flow": "-", "Investing Cash Flow": "-", "Financing Cash Flow": "-", "End Cash Position": "-", "Issuance of Capital Stock": "-", "Issuance of Debt": "-", "Repayment of Debt": "-", "Free Cash Flow": "-"}, "12/31/2020": {"Duration": "12/31/2020", "Operating Cash Flow": "73,282", "Investing Cash Flow": "-831,652", "Financing Cash Flow": "962,115", "End Cash Position": "310,331", "Issuance of Capital Stock": "298,070", "Issuance of Debt": "1,056,938", "Repayment of Debt": "-260,563", "Free Cash Flow": "73,282"}, "12/31/2019": {"Duration": "12/31/2019", "Operating Cash Flow": "29,489", "Investing Cash Flow": "-201,141", "Financing Cash Flow": "218,885", "End Cash Position": "106,586", "Issuance of Capital Stock": "138,383", "Issuance of Debt": "739,801", "Repayment of Debt": "-535,170", "Free Cash Flow": "29,489"}, "12/31/2018": {"Duration": "12/31/2018", "Operating Cash Flow": "58,793", "Investing Cash Flow": "50,800", "Financing Cash Flow": "-168,417", "End Cash Position": "59,353", "Issuance of Capital Stock": "187,265", "Issuance of Debt": "241,038", "Repayment of Debt": "-437,141", "Free Cash Flow": "58,793"}}}}, {"AHH": {"quote": {"05/12/2021": {"value": "12.73", "Market Cap": "767.755M", "Beta (5Y Monthly)": "0.85", "PE Ratio (TTM)": "40.67", "EPS (TTM)": "0.31", "Earnings Date": "Aug 02, 2021 - Aug 06, 2021", "Forward Dividend & Yield": "0.64 (4.89%)", "Ex-Dividend Date": "Jun 29, 2021", "1y Target Est": "15.25"}}, "fin": {"TTM": {"Duration": "TTM", "Total Revenue": "375,381", "Cost of Revenue": "257,723", "Gross Profit": "117,658", "Operating Expense": "77,344", "Operating Income": "40,314", "Net Non Operating Interest Income Expense": "-14,091", "Other Income Expense": "7,565", "Pretax Income": "33,788", "Tax Provision": "-45", "Net Income Common Stockholders": "18,189", "Diluted NI Available to Com Stockholders": "18,189", "Basic EPS": "-", "Diluted EPS": "-", "Basic Average Shares": "-", "Diluted Average Shares": "-", "Total Operating Income as Reported": "46,068", "Total Expenses": "335,067", "Net Income from Continuing & Discontinued Operation": "27,358", "Normalized Income": "23,201", "Interest Income": "16,731", "Interest Expense": "30,822", "Net Interest Income": "-14,091", "EBIT": "64,610", "EBITDA": "128,997", "Reconciled Cost of Revenue": "275,722", "Reconciled Depreciation": "46,388", "Net Income from Continuing Operation Net Minority Interest": "27,358", "Total Unusual Items Excluding Goodwill": "6,929", "Total Unusual Items": "6,929", "Normalized EBITDA": "122,068", "Tax Rate for Calcs": "0", "Tax Effect of Unusual Items": "2,772"}, "12/31/2020": {"Duration": "12/31/2020", "Total Revenue": "383,634", "Cost of Revenue": "266,568", "Gross Profit": "117,066", "Operating Expense": "73,719", "Operating Income": "43,347", "Net Non Operating Interest Income Expense": "-11,194", "Other Income Expense": "4,523", "Pretax Income": "36,676", "Tax Provision": "-283", "Net Income Common Stockholders": "21,803", "Diluted NI Available to Com Stockholders": "21,803", "Basic EPS": "-", "Diluted EPS": "-", "Basic Average Shares": "-", "Diluted Average Shares": "-", "Total Operating Income as Reported": "48,741", "Total Expenses": "340,287", "Net Income from Continuing & Discontinued Operation": "29,152", "Normalized Income": "26,226", "Interest Income": "19,841", "Interest Expense": "31,035", "Net Interest Income": "-11,194", "EBIT": "67,711", "EBITDA": "-", "Reconciled Cost of Revenue": "282,869", "Reconciled Depreciation": "44,257", "Net Income from Continuing Operation Net Minority Interest": "29,152", "Total Unusual Items Excluding Goodwill": "4,008", "Total Unusual Items": "4,008", "Normalized EBITDA": "124,261", "Tax Rate for Calcs": "0", "Tax Effect of Unusual Items": "1,082"}, "12/31/2019": {"Duration": "12/31/2019", "Total Revenue": "257,198", "Cost of Revenue": "150,831", "Gross Profit": "106,367", "Operating Expense": "67,333", "Operating Income": "39,034", "Net Non Operating Interest Income Expense": "-8,129", "Other Income Expense": "862", "Pretax Income": "31,767", "Tax Provision": "-491", "Net Income Common Stockholders": "21,598", "Diluted NI Available to Com Stockholders": "21,598", "Basic EPS": "0.53", "Diluted EPS": "0.41", "Basic Average Shares": "56,278", "Diluted Average Shares": "72,644", "Total Operating Income as Reported": "42,637", "Total Expenses": "218,164", "Net Income from Continuing & Discontinued Operation": "24,053", "Normalized Income": "24,050", "Interest Income": "23,215", "Interest Expense": "31,344", "Net Interest Income": "-8,129", "EBIT": "63,111", "EBITDA": "-", "Reconciled Cost of Revenue": "167,556", "Reconciled Depreciation": "38,216", "Net Income from Continuing Operation Net Minority Interest": "24,053", "Total Unusual Items Excluding Goodwill": "4", "Total Unusual Items": "4", "Normalized EBITDA": "118,048", "Tax Rate for Calcs": "0", "Tax Effect of Unusual Items": "1.08"}, "12/31/2018": {"Duration": "12/31/2018", "Total Revenue": "193,317", "Cost of Revenue": "112,233", "Gross Profit": "81,084", "Operating Expense": "51,344", "Operating Income": "29,740", "Net Non Operating Interest Income Expense": "-8,358", "Other Income Expense": "2,081", "Pretax Income": "23,463", "Tax Provision": "-29", "Net Income Common Stockholders": "17,203", "Diluted NI Available to Com Stockholders": "17,203", "Basic EPS": "0.36", "Diluted EPS": "0.36", "Basic Average Shares": "47,786", "Diluted Average Shares": "47,786", "Total Operating Income as Reported": "32,023", "Total Expenses": "163,577", "Net Income from Continuing & Discontinued Operation": "17,203", "Normalized Income": "16,239", "Interest Income": "10,729", "Interest Expense": "19,087", "Net Interest Income": "-8,358", "EBIT": "42,550", "EBITDA": "-", "Reconciled Cost of Revenue": "121,751", "Reconciled Depreciation": "30,395", "Net Income from Continuing Operation Net Minority Interest": "17,203", "Total Unusual Items Excluding Goodwill": "1,321", "Total Unusual Items": "1,321", "Normalized EBITDA": "81,142", "Tax Rate for Calcs": "0", "Tax Effect of Unusual Items": "356.67"}}, "bs": {"12/31/2020": {"Duration": "12/31/2020", "Total Assets": "1,916,971", "Total Liabilities Net Minority Interest": "1,160,169", "Total Equity Gross Minority Interest": "756,802", "Total Capitalization": "1,467,040", "Preferred Stock Equity": "171,085", "Common Stock Equity": "352,114", "Capital Lease Obligations": "59,613", "Net Tangible Assets": "465,045", "Working Capital": "160,223", "Invested Capital": "1,315,959", "Tangible Book Value": "293,960", "Total Debt": "1,023,458", "Net Debt": "922,847", "Share Issued": "59,073", "Ordinary Shares Number": "59,073", "Preferred Shares Number": "6,843"}, "12/31/2019": {"Duration": "12/31/2019", "Total Assets": "1,804,897", "Total Liabilities Net Minority Interest": "1,149,450", "Total Equity Gross Minority Interest": "655,447", "Total Capitalization": "1,359,114", "Preferred Stock Equity": "63,250", "Common Stock Equity": "345,327", "Capital Lease Obligations": "59,377", "Net Tangible Assets": "339,875", "Working Capital": "188,020", "Invested Capital": "1,295,864", "Tangible Book Value": "276,625", "Total Debt": "1,009,914", "Net Debt": "911,305", "Share Issued": "56,278", "Ordinary Shares Number": "56,278", "Preferred Shares Number": "2,530"}, "12/31/2018": {"Duration": "12/31/2018", "Total Assets": "1,265,382", "Total Liabilities Net Minority Interest": "809,492", "Total Equity Gross Minority Interest": "455,890", "Total Capitalization": "968,110", "Preferred Stock Equity": "-", "Common Stock Equity": "273,871", "Capital Lease Obligations": "12,678", "Net Tangible Assets": "244,689", "Working Capital": "119,579", "Invested Capital": "968,110", "Tangible Book Value": "244,689", "Total Debt": "694,239", "Net Debt": "672,985", "Share Issued": "50,014", "Ordinary Shares Number": "50,014", "Preferred Shares Number": "-"}}, "cf": {"TTM": {"Duration": "TTM", "Operating Cash Flow": "79,007", "Investing Cash Flow": "-8,176", "Financing Cash Flow": "-89,031", "End Cash Position": "34,588", "Income Tax Paid Supplemental Data": "-", "Interest Paid Supplemental Data": "-", "Issuance of Capital Stock": "128,742", "Issuance of Debt": "131,605", "Repayment of Debt": "-296,848", "Free Cash Flow": "79,007"}, "12/31/2020": {"Duration": "12/31/2020", "Operating Cash Flow": "91,179", "Investing Cash Flow": "-26,227", "Financing Cash Flow": "-58,101", "End Cash Position": "50,430", "Income Tax Paid Supplemental Data": "167", "Interest Paid Supplemental Data": "28,554", "Issuance of Capital Stock": "121,110", "Issuance of Debt": "176,619", "Repayment of Debt": "-299,318", "Free Cash Flow": "91,179"}, "12/31/2019": {"Duration": "12/31/2019", "Operating Cash Flow": "67,729", "Investing Cash Flow": "-295,063", "Financing Cash Flow": "246,862", "End Cash Position": "43,579", "Income Tax Paid Supplemental Data": "-", "Interest Paid Supplemental Data": "-", "Issuance of Capital Stock": "157,846", "Issuance of Debt": "427,286", "Repayment of Debt": "-270,851", "Free Cash Flow": "67,729"}, "12/31/2018": {"Duration": "12/31/2018", "Operating Cash Flow": "56,087", "Investing Cash Flow": "-240,563", "Financing Cash Flow": "185,611", "End Cash Position": "24,051", "Income Tax Paid Supplemental Data": "-", "Interest Paid Supplemental Data": "17,319", "Issuance of Capital Stock": "66,457", "Issuance of Debt": "349,580", "Repayment of Debt": "-173,855", "Free Cash Flow": "56,087"}}}}, {"AJX": {"quote": {"05/12/2021": {"value": "11.93", "Market Cap": "274.256M", "Beta (5Y Monthly)": "1.74", "PE Ratio (TTM)": "9.28", "EPS (TTM)": "1.28", "Earnings Date": "Aug 02, 2021 - Aug 06, 2021", "Forward Dividend & Yield": "0.76 (6.12%)", "Ex-Dividend Date": "May 19, 2021", "1y Target Est": "14.38"}}, "fin": {"TTM": {"Duration": "TTM", "Total Revenue": "35,964", "Credit Losses Provision": "21,047", "Non Interest Expense": "14,688", "Income from Associates & Other Participating Interests": "1,120", "Special Income Charges": "-461", "Pretax Income": "42,982", "Tax Provision": "228", "Net Income Common Stockholders": "29,220", "Average Dilution Earnings": "-", "Diluted NI Available to Com Stockholders": "29,220", "Basic EPS": "-", "Diluted EPS": "-", "Basic Average Shares": "-", "Diluted Average Shares": "-", "INTEREST_INCOME_AFTER_PROVISION_FOR_LOAN_LOSS": "72,339", "Net Income from Continuing & Discontinued Operation": "37,049", "Normalized Income": "37,508", "Reconciled Depreciation": "24", "Net Income from Continuing Operation Net Minority Interest": "37,049", "Total Unusual Items Excluding Goodwill": "-461", "Total Unusual Items": "-461", "Tax Rate for Calcs": "0", "Tax Effect of Unusual Items": "-2.4454"}, "12/31/2020": {"Duration": "12/31/2020", "Total Revenue": "36,012", "Credit Losses Provision": "10,820", "Non Interest Expense": "13,544", "Income from Associates & Other Participating Interests": "-155", "Special Income Charges": "350", "Pretax Income": "33,483", "Tax Provision": "-125", "Net Income Common Stockholders": "22,616", "Average Dilution Earnings": "-", "Diluted NI Available to Com Stockholders": "22,616", "Basic EPS": "-", "Diluted EPS": "-", "Basic Average Shares": "-", "Diluted Average Shares": "-", "INTEREST_INCOME_AFTER_PROVISION_FOR_LOAN_LOSS": "62,199", "Net Income from Continuing & Discontinued Operation": "28,496", "Normalized Income": "28,241", "Reconciled Depreciation": "29", "Net Income from Continuing Operation Net Minority Interest": "28,496", "Total Unusual Items Excluding Goodwill": "350", "Total Unusual Items": "350", "Tax Rate for Calcs": "0", "Tax Effect of Unusual Items": "94.5"}, "12/31/2019": {"Duration": "12/31/2019", "Total Revenue": "46,963", "Credit Losses Provision": "-803", "Non Interest Expense": "10,460", "Income from Associates & Other Participating Interests": "1,332", "Special Income Charges": "181", "Pretax Income": "37,213", "Tax Provision": "124", "Net Income Common Stockholders": "34,369", "Average Dilution Earnings": "10,546", "Diluted NI Available to Com Stockholders": "44,915", "Basic EPS": "1.74", "Diluted EPS": "1.59", "Basic Average Shares": "19,710", "Diluted Average Shares": "28,173", "INTEREST_INCOME_AFTER_PROVISION_FOR_LOAN_LOSS": "52,288", "Net Income from Continuing & Discontinued Operation": "34,705", "Normalized Income": "34,525", "Reconciled Depreciation": "499", "Net Income from Continuing Operation Net Minority Interest": "34,705", "Total Unusual Items Excluding Goodwill": "181", "Total Unusual Items": "181", "Tax Rate for Calcs": "0", "Tax Effect of Unusual Items": "0.6031"}, "12/31/2018": {"Duration": "12/31/2018", "Total Revenue": "41,590", "Credit Losses Provision": "-1,164", "Non Interest Expense": "9,365", "Income from Associates & Other Participating Interests": "762", "Special Income Charges": "-422", "Pretax Income": "31,401", "Tax Provision": "64", "Net Income Common Stockholders": "28,340", "Average Dilution Earnings": "-", "Diluted NI Available to Com Stockholders": "28,340", "Basic EPS": "1.50", "Diluted EPS": "1.43", "Basic Average Shares": "18,643", "Diluted Average Shares": "25,831", "INTEREST_INCOME_AFTER_PROVISION_FOR_LOAN_LOSS": "53,682", "Net Income from Continuing & Discontinued Operation": "28,340", "Normalized Income": "28,761", "Reconciled Depreciation": "155", "Net Income from Continuing Operation Net Minority Interest": "28,340", "Total Unusual Items Excluding Goodwill": "-422", "Total Unusual Items": "-422", "Tax Rate for Calcs": "0", "Tax Effect of Unusual Items": "-0.8601"}}, "bs": {"12/31/2020": {"Duration": "12/31/2020", "Total Assets": "1,653,732", "Total Liabilities Net Minority Interest": "1,139,241", "Total Equity Gross Minority Interest": "514,491", "Total Capitalization": "1,180,821", "Preferred Stock Equity": "115,144", "Common Stock Equity": "370,217", "Net Tangible Assets": "485,361", "Invested Capital": "1,065,677", "Tangible Book Value": "370,217", "Total Debt": "695,460", "Net Debt": "588,313", "Share Issued": "22,978", "Ordinary Shares Number": "22,978", "Treasury Shares Number": "-"}, "12/31/2019": {"Duration": "12/31/2019", "Total Assets": "1,576,841", "Total Liabilities Net Minority Interest": "1,192,757", "Total Equity Gross Minority Interest": "384,084", "Total Capitalization": "1,131,413", "Preferred Stock Equity": "-", "Common Stock Equity": "359,882", "Net Tangible Assets": "359,882", "Invested Capital": "1,131,413", "Tangible Book Value": "359,882", "Total Debt": "771,531", "Net Debt": "707,188", "Share Issued": "22,175", "Ordinary Shares Number": "22,142", "Treasury Shares Number": "33.248"}, "12/31/2018": {"Duration": "12/31/2018", "Total Assets": "1,602,871", "Total Liabilities Net Minority Interest": "1,268,592", "Total Equity Gross Minority Interest": "334,279", "Total Capitalization": "1,028,558", "Preferred Stock Equity": "-", "Common Stock Equity": "300,834", "Net Tangible Assets": "300,834", "Invested Capital": "1,028,558", "Tangible Book Value": "300,834", "Total Debt": "727,724", "Net Debt": "672,578", "Share Issued": "18,930", "Ordinary Shares Number": "18,910", "Treasury Shares Number": "20.277"}}, "cf": {"TTM": {"Duration": "TTM", "Operating Cash Flow": "7,146", "Investing Cash Flow": "36,013", "Financing Cash Flow": "63,408", "End Cash Position": "137,765", "Income Tax Paid Supplemental Data": "94", "Interest Paid Supplemental Data": "39,493", "Issuance of Capital Stock": "125,154", "Issuance of Debt": "505,562", "Repayment of Debt": "-390,855", "Repurchase of Capital Stock": "-", "Free Cash Flow": "7,146"}, "12/31/2020": {"Duration": "12/31/2020", "Operating Cash Flow": "-13,889", "Investing Cash Flow": "24,165", "Financing Cash Flow": "32,696", "End Cash Position": "107,335", "Income Tax Paid Supplemental Data": "94", "Interest Paid Supplemental Data": "42,301", "Issuance of Capital Stock": "125,107", "Issuance of Debt": "114,534", "Repayment of Debt": "-193,968", "Repurchase of Capital Stock": "-436", "Free Cash Flow": "-13,889"}, "12/31/2019": {"Duration": "12/31/2019", "Operating Cash Flow": "-15,427", "Investing Cash Flow": "100,167", "Financing Cash Flow": "-75,547", "End Cash Position": "64,363", "Income Tax Paid Supplemental Data": "0", "Interest Paid Supplemental Data": "53,324", "Issuance of Capital Stock": "34,581", "Issuance of Debt": "284,343", "Repayment of Debt": "-241,134", "Repurchase of Capital Stock": "-", "Free Cash Flow": "-15,427"}, "12/31/2018": {"Duration": "12/31/2018", "Operating Cash Flow": "197", "Investing Cash Flow": "-190,397", "Financing Cash Flow": "164,608", "End Cash Position": "55,170", "Income Tax Paid Supplemental Data": "-", "Interest Paid Supplemental Data": "-", "Issuance of Capital Stock": "199", "Issuance of Debt": "183,094", "Repayment of Debt": "-254,177", "Repurchase of Capital Stock": "-", "Free Cash Flow": "197"}}}}, {"BDN": {"quote": {"05/12/2021": {"value": "13.18", "Market Cap": "2.252B", "Beta (5Y Monthly)": "1.17", "PE Ratio (TTM)": "7.40", "EPS (TTM)": "1.78", "Earnings Date": "Jul 20, 2021 - Jul 26, 2021", "Forward Dividend & Yield": "0.76 (5.67%)", "Ex-Dividend Date": "Apr 06, 2021", "1y Target Est": "13.67"}}, "fin": {"TTM": {"Duration": "TTM", "Total Revenue": "510,533", "Cost of Revenue": "195,220", "Gross Profit": "315,313", "Operating Expense": "204,899", "Operating Income": "110,414", "Net Non Operating Interest Income Expense": "-70,021", "Other Income Expense": "265,601", "Pretax Income": "305,994", "Tax Provision": "-209", "Net Income Common Stockholders": "304,001", "Diluted NI Available to Com Stockholders": "304,001", "Basic EPS": "-", "Diluted EPS": "-", "Basic Average Shares": "-", "Diluted Average Shares": "-", "Total Operating Income as Reported": "399,557", "Total Expenses": "400,119", "Net Income from Continuing & Discontinued Operation": "304,426", "Normalized Income": "130,940", "Interest Income": "3,038", "Interest Expense": "73,059", "Net Interest Income": "-70,021", "EBIT": "379,053", "EBITDA": "555,641", "Reconciled Cost of Revenue": "195,220", "Reconciled Depreciation": "176,588", "Net Income from Continuing Operation Net Minority Interest": "304,426", "Total Unusual Items Excluding Goodwill": "289,143", "Total Unusual Items": "289,143", "Normalized EBITDA": "266,498", "Tax Rate for Calcs": "0", "Tax Effect of Unusual Items": "115,657"}, "12/31/2020": {"Duration": "12/31/2020", "Total Revenue": "534,852", "Cost of Revenue": "205,456", "Gross Profit": "329,396", "Operating Expense": "218,571", "Operating Income": "110,825", "Net Non Operating Interest Income Expense": "-74,876", "Other Income Expense": "271,153", "Pretax Income": "307,102", "Tax Provision": "-224", "Net Income Common Stockholders": "305,117", "Diluted NI Available to Com Stockholders": "305,117", "Basic EPS": "1.77", "Diluted EPS": "1.77", "Basic Average Shares": "171,926", "Diluted Average Shares": "172,317", "Total Operating Income as Reported": "400,487", "Total Expenses": "424,027", "Net Income from Continuing & Discontinued Operation": "305,527", "Normalized Income": "94,074", "Interest Income": "1,939", "Interest Expense": "76,815", "Net Interest Income": "-74,876", "EBIT": "383,917", "EBITDA": "-", "Reconciled Cost of Revenue": "205,456", "Reconciled Depreciation": "188,283", "Net Income from Continuing Operation Net Minority Interest": "305,527", "Total Unusual Items Excluding Goodwill": "289,662", "Total Unusual Items": "289,662", "Normalized EBITDA": "282,538", "Tax Rate for Calcs": "0", "Tax Effect of Unusual Items": "78,209"}, "12/31/2019": {"Duration": "12/31/2019", "Total Revenue": "580,417", "Cost of Revenue": "225,846", "Gross Profit": "354,571", "Operating Expense": "242,161", "Operating Income": "112,410", "Net Non Operating Interest Income Expense": "-81,962", "Other Income Expense": "4,093", "Pretax Income": "34,541", "Tax Provision": "12", "Net Income Common Stockholders": "33,871", "Diluted NI Available to Com Stockholders": "33,871", "Basic EPS": "0.19", "Diluted EPS": "0.19", "Basic Average Shares": "176,133", "Diluted Average Shares": "176,687", "Total Operating Income as Reported": "114,786", "Total Expenses": "468,007", "Net Income from Continuing & Discontinued Operation": "34,267", "Normalized Income": "31,892", "Interest Income": "2,318", "Interest Expense": "84,280", "Net Interest Income": "-81,962", "EBIT": "118,821", "EBITDA": "-", "Reconciled Cost of Revenue": "225,846", "Reconciled Depreciation": "210,005", "Net Income from Continuing Operation Net Minority Interest": "34,267", "Total Unusual Items Excluding Goodwill": "2,376", "Total Unusual Items": "2,376", "Normalized EBITDA": "326,450", "Tax Rate for Calcs": "0", "Tax Effect of Unusual Items": "0.8255"}, "12/31/2018": {"Duration": "12/31/2018", "Total Revenue": "544,345", "Cost of Revenue": "218,023", "Gross Profit": "326,322", "Operating Expense": "202,061", "Operating Income": "124,261", "Net Non Operating Interest Income Expense": "-75,994", "Other Income Expense": "89,445", "Pretax Income": "137,712", "Tax Provision": "423", "Net Income Common Stockholders": "135,955", "Diluted NI Available to Com Stockholders": "135,955", "Basic EPS": "0.76", "Diluted EPS": "0.76", "Basic Average Shares": "176,873", "Diluted Average Shares": "176,873", "Total Operating Income as Reported": "52,554", "Total Expenses": "420,084", "Net Income from Continuing & Discontinued Operation": "136,324", "Normalized Income": "201,962", "Interest Income": "4,703", "Interest Expense": "80,697", "Net Interest Income": "-75,994", "EBIT": "218,409", "EBITDA": "-", "Reconciled Cost of Revenue": "218,023", "Reconciled Depreciation": "174,259", "Net Income from Continuing Operation Net Minority Interest": "136,324", "Total Unusual Items Excluding Goodwill": "-65,840", "Total Unusual Items": "-65,840", "Normalized EBITDA": "458,508", "Tax Rate for Calcs": "0", "Tax Effect of Unusual Items": "-202.236"}}, "bs": {"12/31/2020": {"Duration": "12/31/2020", "Total Assets": "3,900,106", "Total Liabilities Net Minority Interest": "2,095,458", "Total Equity Gross Minority Interest": "1,804,648", "Total Capitalization": "3,624,738", "Common Stock Equity": "1,794,143", "Capital Lease Obligations": "22,758", "Net Tangible Assets": "1,706,388", "Working Capital": "67,913", "Invested Capital": "3,624,738", "Tangible Book Value": "1,706,388", "Total Debt": "1,853,353", "Net Debt": "1,784,251", "Share Issued": "171,733", "Ordinary Shares Number": "170,573", "Treasury Shares Number": "1,160"}, "12/31/2019": {"Duration": "12/31/2019", "Total Assets": "4,075,969", "Total Liabilities Net Minority Interest": "2,387,666", "Total Equity Gross Minority Interest": "1,688,303", "Total Capitalization": "3,822,295", "Common Stock Equity": "1,677,877", "Capital Lease Obligations": "22,554", "Net Tangible Assets": "1,553,434", "Working Capital": "141,193", "Invested Capital": "3,822,295", "Tangible Book Value": "1,553,434", "Total Debt": "2,166,972", "Net Debt": "2,053,919", "Share Issued": "177,586", "Ordinary Shares Number": "176,480", "Treasury Shares Number": "1,106"}, "12/31/2018": {"Duration": "12/31/2018", "Total Assets": "4,098,521", "Total Liabilities Net Minority Interest": "2,265,948", "Total Equity Gross Minority Interest": "1,832,573", "Total Capitalization": "3,848,299", "Common Stock Equity": "1,820,253", "Capital Lease Obligations": "31,783", "Net Tangible Assets": "1,648,906", "Working Capital": "56,750", "Invested Capital": "3,848,299", "Tangible Book Value": "1,648,906", "Total Debt": "2,028,046", "Net Debt": "2,005,204", "Share Issued": "177,850", "Ordinary Shares Number": "176,873", "Treasury Shares Number": "977.12"}}, "cf": {"TTM": {"Duration": "TTM", "Operating Cash Flow": "221,924", "Investing Cash Flow": "39,609", "Financing Cash Flow": "-268,427", "End Cash Position": "46,480", "Income Tax Paid Supplemental Data": "688", "Interest Paid Supplemental Data": "76,643", "Capital Expenditure": "-137,366", "Issuance of Capital Stock": "-", "Issuance of Debt": "285,000", "Repayment of Debt": "-415,048", "Repurchase of Capital Stock": "-6,143", "Free Cash Flow": "84,558"}, "12/31/2020": {"Duration": "12/31/2020", "Operating Cash Flow": "225,806", "Investing Cash Flow": "18,290", "Financing Cash Flow": "-288,189", "End Cash Position": "47,077", "Income Tax Paid Supplemental Data": "688", "Interest Paid Supplemental Data": "79,498", "Capital Expenditure": "-160,250", "Issuance of Capital Stock": "0", "Issuance of Debt": "318,000", "Repayment of Debt": "-412,993", "Repurchase of Capital Stock": "-60,000", "Free Cash Flow": "65,556"}, "12/31/2019": {"Duration": "12/31/2019", "Operating Cash Flow": "234,230", "Investing Cash Flow": "-130,659", "Financing Cash Flow": "-35,612", "End Cash Position": "91,170", "Income Tax Paid Supplemental Data": "1,385", "Interest Paid Supplemental Data": "66,508", "Capital Expenditure": "-198,296", "Issuance of Capital Stock": "0", "Issuance of Debt": "564,873", "Repayment of Debt": "-448,595", "Repurchase of Capital Stock": "-17,282", "Free Cash Flow": "35,934"}, "12/31/2018": {"Duration": "12/31/2018", "Operating Cash Flow": "227,349", "Investing Cash Flow": "-214,506", "Financing Cash Flow": "-193,074", "End Cash Position": "23,211", "Income Tax Paid Supplemental Data": "405", "Interest Paid Supplemental Data": "76,858", "Capital Expenditure": "-212,599", "Issuance of Capital Stock": "416", "Issuance of Debt": "455,500", "Repayment of Debt": "-485,180", "Repurchase of Capital Stock": "-28,884", "Free Cash Flow": "14,750"}}}}, {"PSB": {"quote": {"05/12/2021": {"value": "150.11", "Market Cap": "4.132B", "Beta (5Y Monthly)": "0.49", "PE Ratio (TTM)": "37.34", "EPS (TTM)": "4.02", "Earnings Date": "Aug 02, 2021 - Aug 06, 2021", "Forward Dividend & Yield": "4.20 (2.74%)", "Ex-Dividend Date": "Jun 14, 2021", "1y Target Est": "132.00"}}, "fin": {"TTM": {"Duration": "TTM", "Total Revenue": "417,454", "Cost of Revenue": "127,468", "Gross Profit": "289,986", "Operating Expense": "108,265", "Operating Income": "181,721", "Net Non Operating Interest Income Expense": "-189", "Other Income Expense": "-", "Pretax Income": "189,184", "Net Income Common Stockholders": "110,916", "Diluted NI Available to Com Stockholders": "110,916", "Basic EPS": "-", "Diluted EPS": "-", "Basic Average Shares": "-", "Diluted Average Shares": "-", "Total Operating Income as Reported": "-", "Total Expenses": "235,733", "Net Income from Continuing & Discontinued Operation": "159,707", "Normalized Income": "155,116", "Interest Income": "933", "Interest Expense": "1,122", "Net Interest Income": "-189", "EBIT": "190,306", "EBITDA": "282,986", "Reconciled Cost of Revenue": "132,424", "Reconciled Depreciation": "87,724", "Net Income from Continuing Operation Net Minority Interest": "159,707", "Total Unusual Items Excluding Goodwill": "7,652", "Total Unusual Items": "7,652", "Normalized EBITDA": "275,334", "Tax Rate for Calcs": "0", "Tax Effect of Unusual Items": "3,061"}, "12/31/2020": {"Duration": "12/31/2020", "Total Revenue": "415,623", "Cost of Revenue": "125,513", "Gross Profit": "290,110", "Operating Expense": "110,840", "Operating Income": "179,270", "Net Non Operating Interest Income Expense": "162", "Other Income Expense": "27,273", "Pretax Income": "206,705", "Net Income Common Stockholders": "124,645", "Diluted NI Available to Com Stockholders": "124,645", "Basic EPS": "4.54", "Diluted EPS": "4.52", "Basic Average Shares": "27,475", "Diluted Average Shares": "27,563", "Total Operating Income as Reported": "-", "Total Expenses": "236,353", "Net Income from Continuing & Discontinued Operation": "173,547", "Normalized Income": "153,638", "Interest Income": "1,234", "Interest Expense": "1,072", "Net Interest Income": "162", "EBIT": "207,777", "EBITDA": "-", "Reconciled Cost of Revenue": "130,226", "Reconciled Depreciation": "91,601", "Net Income from Continuing Operation Net Minority Interest": "173,547", "Total Unusual Items Excluding Goodwill": "27,273", "Total Unusual Items": "27,273", "Normalized EBITDA": "276,818", "Tax Rate for Calcs": "0", "Tax Effect of Unusual Items": "7,364"}, "12/31/2019": {"Duration": "12/31/2019", "Total Revenue": "429,846", "Cost of Revenue": "128,343", "Gross Profit": "301,503", "Operating Expense": "118,010", "Operating Income": "183,493", "Net Non Operating Interest Income Expense": "3,835", "Other Income Expense": "16,644", "Pretax Income": "187,328", "Net Income Common Stockholders": "108,703", "Diluted NI Available to Com Stockholders": "108,703", "Basic EPS": "3.96", "Diluted EPS": "3.95", "Basic Average Shares": "27,418", "Diluted Average Shares": "27,526", "Total Operating Income as Reported": "-", "Total Expenses": "246,353", "Net Income from Continuing & Discontinued Operation": "174,966", "Normalized Income": "158,322", "Interest Income": "4,492", "Interest Expense": "657", "Net Interest Income": "3,835", "EBIT": "187,985", "EBITDA": "-", "Reconciled Cost of Revenue": "128,343", "Reconciled Depreciation": "104,249", "Net Income from Continuing Operation Net Minority Interest": "158,322", "Total Unusual Items Excluding Goodwill": "16,644", "Total Unusual Items": "16,644", "Normalized EBITDA": "292,234", "Tax Rate for Calcs": "0", "Tax Effect of Unusual Items": "0"}, "12/31/2018": {"Duration": "12/31/2018", "Total Revenue": "413,516", "Cost of Revenue": "126,547", "Gross Profit": "286,969", "Operating Expense": "109,397", "Operating Income": "177,572", "Net Non Operating Interest Income Expense": "845", "Other Income Expense": "93,484", "Pretax Income": "178,417", "Net Income Common Stockholders": "172,899", "Diluted NI Available to Com Stockholders": "172,899", "Basic EPS": "6.33", "Diluted EPS": "6.31", "Basic Average Shares": "27,321", "Diluted Average Shares": "27,422", "Total Operating Income as Reported": "-", "Total Expenses": "235,944", "Net Income from Continuing & Discontinued Operation": "226,702", "Normalized Income": "133,218", "Interest Income": "1,510", "Interest Expense": "665", "Net Interest Income": "845", "EBIT": "179,082", "EBITDA": "-", "Reconciled Cost of Revenue": "126,547", "Reconciled Depreciation": "99,242", "Net Income from Continuing Operation Net Minority Interest": "133,218", "Total Unusual Items Excluding Goodwill": "93,484", "Total Unusual Items": "93,484", "Normalized EBITDA": "278,324", "Tax Rate for Calcs": "0", "Tax Effect of Unusual Items": "0"}}, "bs": {"12/31/2020": {"Duration": "12/31/2020", "Total Assets": "2,057,705", "Total Liabilities Net Minority Interest": "82,065", "Total Equity Gross Minority Interest": "1,975,640", "Total Capitalization": "1,756,677", "Preferred Stock Equity": "944,750", "Common Stock Equity": "811,927", "Net Tangible Assets": "1,756,677", "Working Capital": "25,325", "Invested Capital": "811,927", "Tangible Book Value": "811,927", "Share Issued": "27,489", "Ordinary Shares Number": "27,489", "Preferred Shares Number": "37,790"}, "12/31/2019": {"Duration": "12/31/2019", "Total Assets": "2,046,443", "Total Liabilities Net Minority Interest": "84,632", "Total Equity Gross Minority Interest": "1,961,811", "Total Capitalization": "1,745,676", "Preferred Stock Equity": "944,750", "Common Stock Equity": "800,926", "Net Tangible Assets": "1,745,676", "Working Capital": "12,539", "Invested Capital": "800,926", "Tangible Book Value": "800,926", "Share Issued": "27,441", "Ordinary Shares Number": "27,441", "Preferred Shares Number": "37,790"}, "12/31/2018": {"Duration": "12/31/2018", "Total Assets": "2,068,594", "Total Liabilities Net Minority Interest": "85,141", "Total Equity Gross Minority Interest": "1,983,453", "Total Capitalization": "1,765,362", "Preferred Stock Equity": "959,750", "Common Stock Equity": "805,612", "Net Tangible Assets": "1,765,362", "Working Capital": "-13,051", "Invested Capital": "805,612", "Tangible Book Value": "805,612", "Share Issued": "27,362", "Ordinary Shares Number": "27,362", "Preferred Shares Number": "38,390"}}, "cf": {"TTM": {"Duration": "TTM", "Operating Cash Flow": "275,792", "Investing Cash Flow": "-95,830", "Financing Cash Flow": "-198,344", "End Cash Position": "70,580", "Interest Paid Supplemental Data": "-", "Capital Expenditure": "-60,642", "Issuance of Capital Stock": "-", "Issuance of Debt": "-", "Repayment of Debt": "-", "Repurchase of Capital Stock": "-636", "Free Cash Flow": "215,150"}, "12/31/2020": {"Duration": "12/31/2020", "Operating Cash Flow": "276,975", "Investing Cash Flow": "-71,819", "Financing Cash Flow": "-198,859", "End Cash Position": "70,171", "Interest Paid Supplemental Data": "0", "Capital Expenditure": "-52,474", "Issuance of Capital Stock": "0", "Issuance of Debt": "0", "Repayment of Debt": "0", "Repurchase of Capital Stock": "-654", "Free Cash Flow": "224,501"}, "12/31/2019": {"Duration": "12/31/2019", "Operating Cash Flow": "290,595", "Investing Cash Flow": "-34,322", "Financing Cash Flow": "-230,866", "End Cash Position": "63,874", "Interest Paid Supplemental Data": "67", "Capital Expenditure": "-44,643", "Issuance of Capital Stock": "316,038", "Issuance of Debt": "70,000", "Repayment of Debt": "-70,000", "Repurchase of Capital Stock": "-340,910", "Free Cash Flow": "245,952"}, "12/31/2018": {"Duration": "12/31/2018", "Operating Cash Flow": "276,153", "Investing Cash Flow": "-36,066", "Financing Cash Flow": "-317,590", "End Cash Position": "38,467", "Interest Paid Supplemental Data": "40", "Capital Expenditure": "-39,846", "Issuance of Capital Stock": "0", "Issuance of Debt": "50,000", "Repayment of Debt": "-50,000", "Repurchase of Capital Stock": "-131,142", "Free Cash Flow": "236,307"}}}}, {"BXMT": {"quote": {"05/12/2021": {"value": "29.70", "Market Cap": "4.367B", "Beta (5Y Monthly)": "1.37", "PE Ratio (TTM)": "15.87", "EPS (TTM)": "1.87", "Earnings Date": "Jul 27, 2021 - Aug 02, 2021", "Forward Dividend & Yield": "2.48 (8.13%)", "Ex-Dividend Date": "Mar 30, 2021", "1y Target Est": "33.67"}}, "fin": {"TTM": {"Duration": "TTM", "Total Revenue": "440,693", "Credit Losses Provision": "-43,658", "Non Interest Expense": "122,523", "Income from Associates & Other Participating Interests": "-", "Pretax Income": "274,512", "Tax Provision": "275", "Net Income Common Stockholders": "270,922", "Diluted NI Available to Com Stockholders": "270,922", "Basic EPS": "-", "Diluted EPS": "-", "Basic Average Shares": "-", "Diluted Average Shares": "-", "INTEREST_INCOME_AFTER_PROVISION_FOR_LOAN_LOSS": "397,035", "Net Income from Continuing & Discontinued Operation": "270,922", "Normalized Income": "270,922", "Net Income from Continuing Operation Net Minority Interest": "270,922", "Tax Rate for Calcs": "0", "Tax Effect of Unusual Items": "0"}, "12/31/2020": {"Duration": "12/31/2020", "Total Revenue": "432,177", "Credit Losses Provision": "-167,653", "Non Interest Expense": "123,787", "Income from Associates & Other Participating Interests": "-", "Pretax Income": "140,737", "Tax Provision": "323", "Net Income Common Stockholders": "137,670", "Diluted NI Available to Com Stockholders": "137,670", "Basic EPS": "0.97", "Diluted EPS": "0.97", "Basic Average Shares": "141,796", "Diluted Average Shares": "141,796", "INTEREST_INCOME_AFTER_PROVISION_FOR_LOAN_LOSS": "264,524", "Net Income from Continuing & Discontinued Operation": "137,670", "Normalized Income": "137,670", "Net Income from Continuing Operation Net Minority Interest": "137,670", "Tax Rate for Calcs": "0", "Tax Effect of Unusual Items": "0"}, "12/31/2019": {"Duration": "12/31/2019", "Total Revenue": "424,176", "Credit Losses Provision": "-", "Non Interest Expense": "117,289", "Income from Associates & Other Participating Interests": "-", "Pretax Income": "306,887", "Tax Provision": "-506", "Net Income Common Stockholders": "305,567", "Diluted NI Available to Com Stockholders": "305,567", "Basic EPS": "2.35", "Diluted EPS": "2.35", "Basic Average Shares": "130,085", "Diluted Average Shares": "130,085", "INTEREST_INCOME_AFTER_PROVISION_FOR_LOAN_LOSS": "424,176", "Net Income from Continuing & Discontinued Operation": "305,567", "Normalized Income": "305,567", "Net Income from Continuing Operation Net Minority Interest": "305,567", "Tax Rate for Calcs": "0", "Tax Effect of Unusual Items": "0"}, "12/31/2018": {"Duration": "12/31/2018", "Total Revenue": "396,484", "Credit Losses Provision": "-", "Non Interest Expense": "110,363", "Income from Associates & Other Participating Interests": "0", "Pretax Income": "286,121", "Tax Provision": "308", "Net Income Common Stockholders": "285,078", "Diluted NI Available to Com Stockholders": "285,078", "Basic EPS": "2.50", "Diluted EPS": "2.50", "Basic Average Shares": "113,857", "Diluted Average Shares": "113,857", "INTEREST_INCOME_AFTER_PROVISION_FOR_LOAN_LOSS": "396,484", "Net Income from Continuing & Discontinued Operation": "285,078", "Normalized Income": "285,078", "Net Income from Continuing Operation Net Minority Interest": "285,078", "Tax Rate for Calcs": "0", "Tax Effect of Unusual Items": "0"}}, "bs": {"12/31/2020": {"Duration": "12/31/2020", "Total Assets": "16,958,955", "Total Liabilities Net Minority Interest": "13,054,724", "Total Equity Gross Minority Interest": "3,904,231", "Total Capitalization": "8,450,332", "Common Stock Equity": "3,886,067", "Net Tangible Assets": "3,886,067", "Invested Capital": "16,347,195", "Tangible Book Value": "3,886,067", "Total Debt": "12,461,128", "Net Debt": "12,171,158", "Share Issued": "146,780", "Ordinary Shares Number": "146,780"}, "12/31/2019": {"Duration": "12/31/2019", "Total Assets": "16,551,871", "Total Liabilities Net Minority Interest": "12,767,190", "Total Equity Gross Minority Interest": "3,784,681", "Total Capitalization": "6,600,751", "Common Stock Equity": "3,762,583", "Net Tangible Assets": "3,762,583", "Invested Capital": "16,353,810", "Tangible Book Value": "3,762,583", "Total Debt": "12,591,227", "Net Debt": "12,441,137", "Share Issued": "135,004", "Ordinary Shares Number": "135,004"}, "12/31/2018": {"Duration": "12/31/2018", "Total Assets": "14,467,375", "Total Liabilities Net Minority Interest": "11,092,768", "Total Equity Gross Minority Interest": "3,374,607", "Total Capitalization": "6,870,747", "Common Stock Equity": "3,364,124", "Net Tangible Assets": "3,364,124", "Invested Capital": "14,328,680", "Tangible Book Value": "3,364,124", "Total Debt": "10,964,556", "Net Debt": "10,858,894", "Share Issued": "123,436", "Ordinary Shares Number": "123,436"}}, "cf": {"TTM": {"Duration": "TTM", "Operating Cash Flow": "351,038", "Investing Cash Flow": "-362,576", "Financing Cash Flow": "-68,153", "End Cash Position": "275,327", "Income Tax Paid Supplemental Data": "-", "Interest Paid Supplemental Data": "-", "Issuance of Capital Stock": "-", "Issuance of Debt": "4,327,422", "Repayment of Debt": "-4,275,799", "Free Cash Flow": "351,038"}, "12/31/2020": {"Duration": "12/31/2020", "Operating Cash Flow": "336,607", "Investing Cash Flow": "-88,251", "Financing Cash Flow": "-110,769", "End Cash Position": "289,970", "Income Tax Paid Supplemental Data": "232", "Interest Paid Supplemental Data": "312,093", "Issuance of Capital Stock": "278,322", "Issuance of Debt": "5,097,107", "Repayment of Debt": "-5,083,353", "Free Cash Flow": "336,607"}, "12/31/2019": {"Duration": "12/31/2019", "Operating Cash Flow": "304,037", "Investing Cash Flow": "-1,871,148", "Financing Cash Flow": "1,612,552", "End Cash Position": "150,090", "Income Tax Paid Supplemental Data": "-", "Interest Paid Supplemental Data": "425,801", "Issuance of Capital Stock": "372,337", "Issuance of Debt": "7,236,742", "Repayment of Debt": "-5,645,985", "Free Cash Flow": "304,037"}, "12/31/2018": {"Duration": "12/31/2018", "Operating Cash Flow": "290,002", "Investing Cash Flow": "-4,251,659", "Financing Cash Flow": "3,957,708", "End Cash Position": "105,662", "Income Tax Paid Supplemental Data": "554", "Interest Paid Supplemental Data": "318,919", "Issuance of Capital Stock": "476,420", "Issuance of Debt": "9,498,323", "Repayment of Debt": "-5,718,177", "Free Cash Flow": "290,002"}}}}, {"BMNM": {"quote": {"05/12/2021": {"value": "1.3100", "Market Cap": "15.291M", "Beta (5Y Monthly)": "1.26", "PE Ratio (TTM)": "N/A", "EPS (TTM)": "-0.4720", "Earnings Date": "May 14, 2021", "Forward Dividend & Yield": "N/A (N/A)", "Ex-Dividend Date": "Jul 27, 2011", "1y Target Est": "1.00"}}, "fin": {"TTM": {"Duration": "TTM", "Total Revenue": "-195.135", "Non Interest Expense": "6,667", "Special Income Charges": "0", "Other Non Operating Income Expenses": "3.478", "Pretax Income": "-6,859", "Tax Provision": "-1,369", "Net Income Common Stockholders": "-5,489", "Diluted NI Available to Com Stockholders": "-5,489", "Basic EPS": "-", "Diluted EPS": "-", "Basic Average Shares": "-", "Diluted Average Shares": "-", "INTEREST_INCOME_AFTER_PROVISION_FOR_LOAN_LOSS": "1,540", "Net Income from Continuing & Discontinued Operation": "-5,489", "Normalized Income": "-5,489", "Reconciled Depreciation": "69.536", "Net Income from Continuing Operation Net Minority Interest": "-5,489", "Total Unusual Items Excluding Goodwill": "0", "Total Unusual Items": "0", "Tax Rate for Calcs": "0", "Tax Effect of Unusual Items": "0"}, "12/31/2020": {"Duration": "12/31/2020", "Total Revenue": "-195.135", "Non Interest Expense": "6,667", "Special Income Charges": "0", "Other Non Operating Income Expenses": "3.478", "Pretax Income": "-6,859", "Tax Provision": "-1,369", "Net Income Common Stockholders": "-5,489", "Diluted NI Available to Com Stockholders": "-5,489", "Basic EPS": "-", "Diluted EPS": "-", "Basic Average Shares": "-", "Diluted Average Shares": "-", "INTEREST_INCOME_AFTER_PROVISION_FOR_LOAN_LOSS": "1,540", "Net Income from Continuing & Discontinued Operation": "-5,489", "Normalized Income": "-5,489", "Reconciled Depreciation": "69.536", "Net Income from Continuing Operation Net Minority Interest": "-5,489", "Total Unusual Items Excluding Goodwill": "0", "Total Unusual Items": "0", "Tax Rate for Calcs": "0", "Tax Effect of Unusual Items": "0"}, "12/31/2019": {"Duration": "12/31/2019", "Total Revenue": "10,099", "Non Interest Expense": "6,440", "Special Income Charges": "-673.438", "Other Non Operating Income Expenses": "32.884", "Pretax Income": "3,018", "Tax Provision": "-10,282", "Net Income Common Stockholders": "13,300", "Diluted NI Available to Com Stockholders": "13,300", "Basic EPS": "1.15", "Diluted EPS": "1.15", "Basic Average Shares": "12,187", "Diluted Average Shares": "12,187", "INTEREST_INCOME_AFTER_PROVISION_FOR_LOAN_LOSS": "1,694", "Net Income from Continuing & Discontinued Operation": "13,300", "Normalized Income": "13,792", "Reconciled Depreciation": "73.057", "Net Income from Continuing Operation Net Minority Interest": "13,300", "Total Unusual Items Excluding Goodwill": "-673.438", "Total Unusual Items": "-673.438", "Tax Rate for Calcs": "0", "Tax Effect of Unusual Items": "-181.8283"}, "12/31/2018": {"Duration": "12/31/2018", "Total Revenue": "790.227", "Non Interest Expense": "6,443", "Special Income Charges": "-", "Other Non Operating Income Expenses": "1.4", "Pretax Income": "-5,651", "Tax Provision": "21,127", "Net Income Common Stockholders": "-26,778", "Diluted NI Available to Com Stockholders": "-26,778", "Basic EPS": "-2.10", "Diluted EPS": "-2.10", "Basic Average Shares": "12,752", "Diluted Average Shares": "12,752", "INTEREST_INCOME_AFTER_PROVISION_FOR_LOAN_LOSS": "2,842", "Net Income from Continuing & Discontinued Operation": "-26,778", "Normalized Income": "-26,778", "Reconciled Depreciation": "76.637", "Net Income from Continuing Operation Net Minority Interest": "-26,778", "Total Unusual Items Excluding Goodwill": "-", "Total Unusual Items": "-", "Tax Rate for Calcs": "0", "Tax Effect of Unusual Items": "0"}}, "bs": {"12/31/2020": {"Duration": "12/31/2020", "Total Assets": "128,701", "Total Liabilities Net Minority Interest": "94,213", "Total Equity Gross Minority Interest": "34,488", "Total Capitalization": "62,101", "Common Stock Equity": "34,488", "Net Tangible Assets": "34,488", "Invested Capital": "62,101", "Tangible Book Value": "34,488", "Total Debt": "27,613", "Net Debt": "20,054", "Share Issued": "11,672", "Ordinary Shares Number": "11,672"}, "12/31/2019": {"Duration": "12/31/2019", "Total Assets": "279,489", "Total Liabilities Net Minority Interest": "239,512", "Total Equity Gross Minority Interest": "39,977", "Total Capitalization": "67,458", "Common Stock Equity": "39,977", "Net Tangible Assets": "39,977", "Invested Capital": "67,458", "Tangible Book Value": "39,977", "Total Debt": "27,481", "Net Debt": "19,411", "Share Issued": "11,672", "Ordinary Shares Number": "11,672"}, "12/31/2018": {"Duration": "12/31/2018", "Total Assets": "259,400", "Total Liabilities Net Minority Interest": "230,445", "Total Equity Gross Minority Interest": "28,955", "Total Capitalization": "55,759", "Common Stock Equity": "28,955", "Net Tangible Assets": "28,955", "Invested Capital": "55,759", "Tangible Book Value": "28,955", "Total Debt": "26,804", "Net Debt": "21,857", "Share Issued": "12,773", "Ordinary Shares Number": "12,773"}}, "cf": {"TTM": {"Duration": "TTM", "Operating Cash Flow": "1,299", "Investing Cash Flow": "141,978", "Financing Cash Flow": "-144,751", "End Cash Position": "10,911", "Income Tax Paid Supplemental Data": "-", "Interest Paid Supplemental Data": "2,762", "Capital Expenditure": "-", "Issuance of Capital Stock": "-", "Issuance of Debt": "152.165", "Repayment of Debt": "-20.505", "Repurchase of Capital Stock": "0", "Free Cash Flow": "1,299"}, "12/31/2020": {"Duration": "12/31/2020", "Operating Cash Flow": "1,299", "Investing Cash Flow": "141,978", "Financing Cash Flow": "-144,751", "End Cash Position": "10,911", "Income Tax Paid Supplemental Data": "-", "Interest Paid Supplemental Data": "2,762", "Capital Expenditure": "-", "Issuance of Capital Stock": "-", "Issuance of Debt": "152.165", "Repayment of Debt": "-20.505", "Repurchase of Capital Stock": "0", "Free Cash Flow": "1,299"}, "12/31/2019": {"Duration": "12/31/2019", "Operating Cash Flow": "3.742", "Investing Cash Flow": "-1,816", "Financing Cash Flow": "7,957", "End Cash Position": "12,385", "Income Tax Paid Supplemental Data": "-", "Interest Paid Supplemental Data": "6,208", "Capital Expenditure": "-", "Issuance of Capital Stock": "0", "Issuance of Debt": "680", "Repayment of Debt": "-3.319", "Repurchase of Capital Stock": "-2,278", "Free Cash Flow": "3.742"}, "12/31/2018": {"Duration": "12/31/2018", "Operating Cash Flow": "6,370", "Investing Cash Flow": "-9,130", "Financing Cash Flow": "247.823", "End Cash Position": "6,240", "Income Tax Paid Supplemental Data": "955.128", "Interest Paid Supplemental Data": "5,188", "Capital Expenditure": "-15.392", "Issuance of Capital Stock": "199.997", "Issuance of Debt": "-", "Repayment of Debt": "-", "Repurchase of Capital Stock": "-165.423", "Free Cash Flow": "6,355"}}}}, {"CIM": {"quote": {"05/12/2021": {"value": "13.02", "Market Cap": "3.002B", "Beta (5Y Monthly)": "1.04", "PE Ratio (TTM)": "5.84", "EPS (TTM)": "2.23", "Earnings Date": "Aug 03, 2021 - Aug 09, 2021", "Forward Dividend & Yield": "1.32 (9.86%)", "Ex-Dividend Date": "Jun 29, 2021", "1y Target Est": "12.06"}}, "fin": {"TTM": {"Duration": "TTM", "Total Revenue": "1,003,855", "Credit Losses Provision": "6,260", "Non Interest Expense": "97,322", "Special Income Charges": "-291,555", "Pretax Income": "621,238", "Tax Provision": "4,038", "Net Income Common Stockholders": "543,450", "Average Dilution Earnings": "-", "Diluted NI Available to Com Stockholders": "544,526", "Basic EPS": "-", "Diluted EPS": "-", "Basic Average Shares": "-", "Diluted Average Shares": "-", "INTEREST_INCOME_AFTER_PROVISION_FOR_LOAN_LOSS": "497,207", "Net Income from Continuing & Discontinued Operation": "617,200", "Normalized Income": "906,860", "Net Income from Continuing Operation Net Minority Interest": "617,200", "Total Unusual Items Excluding Goodwill": "-291,555", "Total Unusual Items": "-291,555", "Tax Rate for Calcs": "0", "Tax Effect of Unusual Items": "-1,895"}, "12/31/2020": {"Duration": "12/31/2020", "Total Revenue": "228,835", "Credit Losses Provision": "-180", "Non Interest Expense": "85,225", "Special Income Charges": "-54,418", "Pretax Income": "89,012", "Tax Provision": "158", "Net Income Common Stockholders": "15,104", "Average Dilution Earnings": "-", "Diluted NI Available to Com Stockholders": "15,104", "Basic EPS": "-", "Diluted EPS": "-", "Basic Average Shares": "-", "Diluted Average Shares": "-", "INTEREST_INCOME_AFTER_PROVISION_FOR_LOAN_LOSS": "513,889", "Net Income from Continuing & Discontinued Operation": "88,854", "Normalized Income": "143,175", "Net Income from Continuing Operation Net Minority Interest": "88,854", "Total Unusual Items Excluding Goodwill": "-54,418", "Total Unusual Items": "-54,418", "Tax Rate for Calcs": "0", "Tax Effect of Unusual Items": "-96.5942"}, "12/31/2019": {"Duration": "12/31/2019", "Total Revenue": "490,789", "Credit Losses Provision": "-", "Non Interest Expense": "86,363", "Special Income Charges": "9,318", "Pretax Income": "413,744", "Tax Provision": "193", "Net Income Common Stockholders": "340,847", "Average Dilution Earnings": "-", "Diluted NI Available to Com Stockholders": "340,847", "Basic EPS": "1.82", "Diluted EPS": "1.81", "Basic Average Shares": "187,157", "Diluted Average Shares": "188,406", "INTEREST_INCOME_AFTER_PROVISION_FOR_LOAN_LOSS": "602,296", "Net Income from Continuing & Discontinued Operation": "413,551", "Normalized Income": "404,237", "Net Income from Continuing Operation Net Minority Interest": "413,551", "Total Unusual Items Excluding Goodwill": "9,318", "Total Unusual Items": "9,318", "Tax Rate for Calcs": "0", "Tax Effect of Unusual Items": "4.3466"}, "12/31/2018": {"Duration": "12/31/2018", "Total Revenue": "452,740", "Credit Losses Provision": "-", "Non Interest Expense": "67,388", "Special Income Charges": "26,376", "Pretax Income": "411,728", "Tax Provision": "91", "Net Income Common Stockholders": "368,440", "Average Dilution Earnings": "-", "Diluted NI Available to Com Stockholders": "368,440", "Basic EPS": "1.97", "Diluted EPS": "1.96", "Basic Average Shares": "187,146", "Diluted Average Shares": "187,749", "INTEREST_INCOME_AFTER_PROVISION_FOR_LOAN_LOSS": "594,208", "Net Income from Continuing & Discontinued Operation": "411,637", "Normalized Income": "385,267", "Net Income from Continuing Operation Net Minority Interest": "411,637", "Total Unusual Items Excluding Goodwill": "26,376", "Total Unusual Items": "26,376", "Tax Rate for Calcs": "0", "Tax Effect of Unusual Items": "5.8296"}}, "bs": {"12/31/2020": {"Duration": "12/31/2020", "Total Assets": "17,523,019", "Total Liabilities Net Minority Interest": "13,743,633", "Total Equity Gross Minority Interest": "3,779,386", "Total Capitalization": "12,656,119", "Preferred Stock Equity": "372", "Common Stock Equity": "3,779,014", "Net Tangible Assets": "3,779,386", "Invested Capital": "12,655,747", "Tangible Book Value": "3,779,014", "Total Debt": "8,876,733", "Net Debt": "8,607,643", "Share Issued": "230,557", "Ordinary Shares Number": "230,557", "Preferred Shares Number": "37,200"}, "12/31/2019": {"Duration": "12/31/2019", "Total Assets": "27,118,671", "Total Liabilities Net Minority Interest": "23,165,378", "Total Equity Gross Minority Interest": "3,953,293", "Total Capitalization": "12,266,458", "Preferred Stock Equity": "372", "Common Stock Equity": "3,952,921", "Net Tangible Assets": "3,953,293", "Invested Capital": "12,266,086", "Tangible Book Value": "3,952,921", "Total Debt": "8,313,165", "Net Debt": "8,203,287", "Share Issued": "187,226", "Ordinary Shares Number": "187,226", "Preferred Shares Number": "37,200"}, "12/31/2018": {"Duration": "12/31/2018", "Total Assets": "27,708,639", "Total Liabilities Net Minority Interest": "24,004,810", "Total Equity Gross Minority Interest": "3,703,829", "Total Capitalization": "12,319,160", "Preferred Stock Equity": "292", "Common Stock Equity": "3,703,537", "Net Tangible Assets": "3,703,829", "Invested Capital": "12,318,868", "Tangible Book Value": "3,703,537", "Total Debt": "8,615,331", "Net Debt": "8,567,845", "Share Issued": "187,052", "Ordinary Shares Number": "187,052", "Preferred Shares Number": "29,200"}}, "cf": {"TTM": {"Duration": "TTM", "Operating Cash Flow": "799,567", "Investing Cash Flow": "2,499,030", "Financing Cash Flow": "-3,242,599", "End Cash Position": "317,489", "Interest Paid Supplemental Data": "514,675", "Issuance of Capital Stock": "-", "Issuance of Debt": "69,435,134", "Repayment of Debt": "-72,049,709", "Repurchase of Capital Stock": "-1,828", "Free Cash Flow": "799,567"}, "12/31/2020": {"Duration": "12/31/2020", "Operating Cash Flow": "257,903", "Investing Cash Flow": "8,330,397", "Financing Cash Flow": "-8,429,088", "End Cash Position": "269,090", "Interest Paid Supplemental Data": "578,477", "Issuance of Capital Stock": "0", "Issuance of Debt": "90,954,412", "Repayment of Debt": "-98,931,309", "Repurchase of Capital Stock": "-22,066", "Free Cash Flow": "257,903"}, "12/31/2019": {"Duration": "12/31/2019", "Operating Cash Flow": "65,036", "Investing Cash Flow": "1,236,860", "Financing Cash Flow": "-1,239,504", "End Cash Position": "109,878", "Interest Paid Supplemental Data": "835,041", "Issuance of Capital Stock": "193,368", "Issuance of Debt": "1,487,286", "Repayment of Debt": "-1,869,612", "Repurchase of Capital Stock": "0", "Free Cash Flow": "65,036"}, "12/31/2018": {"Duration": "12/31/2018", "Operating Cash Flow": "297,584", "Investing Cash Flow": "-6,026,067", "Financing Cash Flow": "5,712,400", "End Cash Position": "47,486", "Interest Paid Supplemental Data": "643,717", "Issuance of Capital Stock": "251,536", "Issuance of Debt": "1,769,539", "Repayment of Debt": "-2,656,936", "Repurchase of Capital Stock": "-14,834", "Free Cash Flow": "297,584"}}}}, {"WPC": {"quote": {"05/12/2021": {"value": "71.73", "Market Cap": "12.765B", "Beta (5Y Monthly)": "0.76", "PE Ratio (TTM)": "28.65", "EPS (TTM)": "2.50", "Earnings Date": "Jul 29, 2021 - Aug 02, 2021", "Forward Dividend & Yield": "4.19 (5.69%)", "Ex-Dividend Date": "Mar 30, 2021", "1y Target Est": "75.71"}}, "fin": {"TTM": {"Duration": "TTM", "Total Revenue": "1,211,486", "Cost of Revenue": "116,322", "Gross Profit": "1,095,164", "Operating Expense": "533,201", "Operating Income": "561,963", "Net Non Operating Interest Income Expense": "-209,187", "Other Income Expense": "124,840", "Pretax Income": "477,616", "Tax Provision": "26,722", "Net Income Common Stockholders": "440,903", "Diluted NI Available to Com Stockholders": "440,903", "Basic EPS": "-", "Diluted EPS": "-", "Basic Average Shares": "-", "Diluted Average Shares": "-", "Rent Expense Supplemental": "-", "Total Expenses": "649,523", "Net Income from Continuing & Discontinued Operation": "440,903", "Normalized Income": "354,997", "Interest Expense": "209,187", "Net Interest Income": "-209,187", "EBIT": "686,803", "EBITDA": "1,190,611", "Reconciled Cost of Revenue": "49,577", "Reconciled Depreciation": "503,808", "Net Income from Continuing Operation Net Minority Interest": "440,903", "Total Unusual Items Excluding Goodwill": "90,997", "Total Unusual Items": "90,997", "Normalized EBITDA": "1,099,614", "Tax Rate for Calcs": "0", "Tax Effect of Unusual Items": "5,091"}, "12/31/2020": {"Duration": "12/31/2020", "Total Revenue": "1,209,319", "Cost of Revenue": "119,232", "Gross Profit": "1,090,087", "Operating Expense": "536,292", "Operating Income": "553,795", "Net Non Operating Interest Income Expense": "-210,087", "Other Income Expense": "101,488", "Pretax Income": "445,196", "Tax Provision": "-20,759", "Net Income Common Stockholders": "455,359", "Diluted NI Available to Com Stockholders": "455,359", "Basic EPS": "2.61", "Diluted EPS": "2.60", "Basic Average Shares": "174,504", "Diluted Average Shares": "174,839", "Rent Expense Supplemental": "-", "Total Expenses": "655,524", "Net Income from Continuing & Discontinued Operation": "455,359", "Normalized Income": "401,855", "Interest Expense": "210,087", "Net Interest Income": "-210,087", "EBIT": "655,283", "EBITDA": "-", "Reconciled Cost of Revenue": "53,221", "Reconciled Depreciation": "508,946", "Net Income from Continuing Operation Net Minority Interest": "455,359", "Total Unusual Items Excluding Goodwill": "73,293", "Total Unusual Items": "73,293", "Normalized EBITDA": "1,090,936", "Tax Rate for Calcs": "0", "Tax Effect of Unusual Items": "19,789"}, "12/31/2019": {"Duration": "12/31/2019", "Total Revenue": "1,232,766", "Cost of Revenue": "149,683", "Gross Profit": "1,083,083", "Operating Expense": "548,794", "Operating Income": "534,289", "Net Non Operating Interest Income Expense": "-233,325", "Other Income Expense": "31,791", "Pretax Income": "332,755", "Tax Provision": "26,211", "Net Income Common Stockholders": "305,166", "Diluted NI Available to Com Stockholders": "305,166", "Basic EPS": "1.78", "Diluted EPS": "1.78", "Basic Average Shares": "171,001", "Diluted Average Shares": "171,299", "Rent Expense Supplemental": "55,576", "Total Expenses": "698,477", "Net Income from Continuing & Discontinued Operation": "305,243", "Normalized Income": "326,351", "Interest Expense": "233,325", "Net Interest Income": "-233,325", "EBIT": "566,080", "EBITDA": "-", "Reconciled Cost of Revenue": "51,910", "Reconciled Depreciation": "544,908", "Net Income from Continuing Operation Net Minority Interest": "305,243", "Total Unusual Items Excluding Goodwill": "-22,913", "Total Unusual Items": "-22,913", "Normalized EBITDA": "1,133,901", "Tax Rate for Calcs": "0", "Tax Effect of Unusual Items": "-1,805"}, "12/31/2018": {"Duration": "12/31/2018", "Total Revenue": "885,732", "Cost of Revenue": "92,924", "Gross Profit": "792,808", "Operating Expense": "387,311", "Operating Income": "405,497", "Net Non Operating Interest Income Expense": "-178,375", "Other Income Expense": "211,630", "Pretax Income": "438,752", "Tax Provision": "14,411", "Net Income Common Stockholders": "411,566", "Diluted NI Available to Com Stockholders": "411,566", "Basic EPS": "3.50", "Diluted EPS": "3.49", "Basic Average Shares": "117,495", "Diluted Average Shares": "117,706", "Rent Expense Supplemental": "-", "Total Expenses": "480,235", "Net Income from Continuing & Discontinued Operation": "411,566", "Normalized Income": "295,311", "Interest Expense": "178,375", "Net Interest Income": "-178,375", "EBIT": "617,127", "EBITDA": "-", "Reconciled Cost of Revenue": "35,066", "Reconciled Depreciation": "349,298", "Net Income from Continuing Operation Net Minority Interest": "411,566", "Total Unusual Items Excluding Goodwill": "120,203", "Total Unusual Items": "120,203", "Normalized EBITDA": "846,222", "Tax Rate for Calcs": "0", "Tax Effect of Unusual Items": "3,948"}}, "bs": {"12/31/2020": {"Duration": "12/31/2020", "Total Assets": "14,707,636", "Total Liabilities Net Minority Interest": "7,829,267", "Total Equity Gross Minority Interest": "6,878,369", "Total Capitalization": "13,572,711", "Common Stock Equity": "6,876,713", "Net Tangible Assets": "2,783,562", "Working Capital": "-496,668", "Invested Capital": "13,572,711", "Tangible Book Value": "2,783,562", "Total Debt": "6,695,998", "Net Debt": "6,447,336", "Share Issued": "175,402", "Ordinary Shares Number": "175,402"}, "12/31/2019": {"Duration": "12/31/2019", "Total Assets": "14,060,918", "Total Liabilities Net Minority Interest": "7,112,745", "Total Equity Gross Minority Interest": "6,948,173", "Total Capitalization": "12,995,872", "Common Stock Equity": "6,941,929", "Net Tangible Assets": "2,911,251", "Working Capital": "-310,897", "Invested Capital": "12,995,872", "Tangible Book Value": "2,911,251", "Total Debt": "6,053,943", "Net Debt": "5,857,915", "Share Issued": "172,278", "Ordinary Shares Number": "172,278"}, "12/31/2018": {"Duration": "12/31/2018", "Total Assets": "14,183,039", "Total Liabilities Net Minority Interest": "7,352,984", "Total Equity Gross Minority Interest": "6,830,055", "Total Capitalization": "13,202,969", "Common Stock Equity": "6,824,278", "Net Tangible Assets": "2,967,909", "Working Capital": "-283,564", "Invested Capital": "13,202,969", "Tangible Book Value": "2,967,909", "Total Debt": "6,378,691", "Net Debt": "6,161,047", "Share Issued": "165,280", "Ordinary Shares Number": "165,280"}}, "cf": {"TTM": {"Duration": "TTM", "Operating Cash Flow": "810,285", "Investing Cash Flow": "-506,566", "Financing Cash Flow": "-310,950", "End Cash Position": "277,059", "Capital Expenditure": "-", "Issuance of Capital Stock": "140,378", "Issuance of Debt": "2,554,592", "Repayment of Debt": "-2,458,352", "Repurchase of Capital Stock": "-", "Free Cash Flow": "810,285"}, "12/31/2020": {"Duration": "12/31/2020", "Operating Cash Flow": "801,538", "Investing Cash Flow": "-539,932", "Financing Cash Flow": "-210,713", "End Cash Position": "311,779", "Capital Expenditure": "-", "Issuance of Capital Stock": "158", "Issuance of Debt": "1,813,627", "Repayment of Debt": "-1,481,273", "Repurchase of Capital Stock": "-", "Free Cash Flow": "801,538"}, "12/31/2019": {"Duration": "12/31/2019", "Operating Cash Flow": "812,077", "Investing Cash Flow": "-522,773", "Financing Cash Flow": "-457,778", "End Cash Position": "251,518", "Capital Expenditure": "-", "Issuance of Capital Stock": "523,287", "Issuance of Debt": "2,207,459", "Repayment of Debt": "-2,466,362", "Repurchase of Capital Stock": "0", "Free Cash Flow": "812,077"}, "12/31/2018": {"Duration": "12/31/2018", "Operating Cash Flow": "509,166", "Investing Cash Flow": "-266,132", "Financing Cash Flow": "-24,292", "End Cash Position": "424,063", "Capital Expenditure": "-", "Issuance of Capital Stock": "287,544", "Issuance of Debt": "2,587,939", "Repayment of Debt": "-2,416,512", "Repurchase of Capital Stock": "-1,178", "Free Cash Flow": "509,166"}}}}, {"IVR": {"quote": {"03/28/2021": {"value": "3.9600", "Market Cap": "914.158M", "Beta (5Y Monthly)": "1.36", "PE Ratio (TTM)": "N/A", "EPS (TTM)": "-9.8930", "Earnings Date": "Jun 21, 2021 - Jun 25, 2021", "Forward Dividend & Yield": "0.32 (8.08%)", "Ex-Dividend Date": "Jan 11, 2021", "1y Target Est": "3.08"}}}}, {"CYS": {"quote": {"03/28/2021": {"value": "", "Net Assets": "N/A", "Beta (5Y Monthly)": "N/A", "Yield": "N/A", "5y Average Return": "N/A", "Holdings Turnover": "N/A", "Last Dividend": "N/A", "Average for Category": "N/A", "Inception Date": "N/A"}}}}, {"RSO": {"quote": {"03/28/2021": {"value": "", "Net Assets": "N/A", "Beta (5Y Monthly)": "N/A", "Yield": "N/A", "5y Average Return": "N/A", "Holdings Turnover": "N/A", "Last Dividend": "N/A", "Average for Category": "N/A", "Inception Date": "N/A"}}}}, {"LADR": {"quote": {"03/28/2021": {"value": "11.87", "Market Cap": "1.505B", "Beta (5Y Monthly)": "2.39", "PE Ratio (TTM)": "N/A", "EPS (TTM)": "-0.13", "Earnings Date": "May 03, 2021 - May 07, 2021", "Forward Dividend & Yield": "0.80 (6.74%)", "Ex-Dividend Date": "Mar 30, 2021", "1y Target Est": "12.30"}}}}, {"LAND": {"quote": {"03/28/2021": {"value": "18.32", "Market Cap": "489.935M", "Beta (5Y Monthly)": "0.67", "PE Ratio (TTM)": "N/A", "EPS (TTM)": "-0.20", "Earnings Date": "May 04, 2021 - May 10, 2021", "Forward Dividend & Yield": "0.54 (2.94%)", "Ex-Dividend Date": "Mar 17, 2021", "1y Target Est": "20.25"}}}}, {"GOOD": {"quote": {"03/28/2021": {"value": "19.73", "Market Cap": "732.441M", "Beta (5Y Monthly)": "1.02", "PE Ratio (TTM)": "219.22", "EPS (TTM)": "0.09", "Earnings Date": "Apr 26, 2021 - Apr 30, 2021", "Forward Dividend & Yield": "1.50 (7.61%)", "Ex-Dividend Date": "Mar 17, 2021", "1y Target Est": "20.60"}}}}, {"SRC": {"quote": {"03/28/2021": {"value": "43.17", "Market Cap": "4.959B", "Beta (5Y Monthly)": "1.29", "PE Ratio (TTM)": "287.80", "EPS (TTM)": "0.15", "Earnings Date": "May 05, 2021", "Forward Dividend & Yield": "2.50 (5.79%)", "Ex-Dividend Date": "Mar 30, 2021", "1y Target Est": "45.54"}}}}, {"CUZ": {"quote": {"03/28/2021": {"value": "36.30", "Market Cap": "5.49B", "Beta (5Y Monthly)": "1.16", "PE Ratio (TTM)": "22.72", "EPS (TTM)": "1.60", "Earnings Date": "Apr 28, 2021 - May 03, 2021", "Forward Dividend & Yield": "1.24 (3.42%)", "Ex-Dividend Date": "Apr 05, 2021", "1y Target Est": "38.75"}}}}, {"CONE": {"quote": {"05/12/2021": {"value": "68.07", "Market Cap": "8.341B", "Beta (5Y Monthly)": "0.43", "PE Ratio (TTM)": "182.98", "EPS (TTM)": "0.37", "Earnings Date": "Jul 27, 2021 - Aug 02, 2021", "Forward Dividend & Yield": "2.04 (2.95%)", "Ex-Dividend Date": "Jun 24, 2021", "1y Target Est": "79.90"}}, "fin": {"TTM": {"Duration": "TTM", "Total Revenue": "1,086,200", "Cost of Revenue": "454,800", "Gross Profit": "631,400", "Operating Expense": "575,500", "Operating Income": "55,900", "Net Non Operating Interest Income Expense": "-56,800", "Other Income Expense": "41,800", "Pretax Income": "40,900", "Tax Provision": "-4,000", "Net Income Common Stockholders": "44,900", "Diluted NI Available to Com Stockholders": "44,900", "Basic EPS": "-", "Diluted EPS": "-", "Basic Average Shares": "-", "Diluted Average Shares": "-", "Total Operating Income as Reported": "40,900", "Total Expenses": "1,030,300", "Net Income from Continuing & Discontinued Operation": "44,900", "Normalized Income": "19,820", "Interest Expense": "56,800", "Net Interest Income": "-56,800", "EBIT": "97,700", "EBITDA": "560,400", "Reconciled Cost of Revenue": "454,800", "Reconciled Depreciation": "462,700", "Net Income from Continuing Operation Net Minority Interest": "44,900", "Total Unusual Items Excluding Goodwill": "41,800", "Total Unusual Items": "41,800", "Normalized EBITDA": "518,600", "Tax Rate for Calcs": "0", "Tax Effect of Unusual Items": "16,720"}, "12/31/2020": {"Duration": "12/31/2020", "Total Revenue": "1,033,500", "Cost of Revenue": "411,600", "Gross Profit": "621,900", "Operating Expense": "567,000", "Operating Income": "54,900", "Net Non Operating Interest Income Expense": "-57,700", "Other Income Expense": "40,600", "Pretax Income": "37,800", "Tax Provision": "-3,600", "Net Income Common Stockholders": "41,400", "Diluted NI Available to Com Stockholders": "41,400", "Basic EPS": "0.35", "Diluted EPS": "0.35", "Basic Average Shares": "118,286", "Diluted Average Shares": "118,286", "Total Operating Income as Reported": "40,100", "Total Expenses": "978,600", "Net Income from Continuing & Discontinued Operation": "41,400", "Normalized Income": "11,762", "Interest Expense": "57,700", "Net Interest Income": "-57,700", "EBIT": "95,500", "EBITDA": "-", "Reconciled Cost of Revenue": "411,600", "Reconciled Depreciation": "449,400", "Net Income from Continuing Operation Net Minority Interest": "41,400", "Total Unusual Items Excluding Goodwill": "40,600", "Total Unusual Items": "40,600", "Normalized EBITDA": "504,300", "Tax Rate for Calcs": "0", "Tax Effect of Unusual Items": "10,962"}, "12/31/2019": {"Duration": "12/31/2019", "Total Revenue": "981,300", "Cost of Revenue": "383,400", "Gross Profit": "597,900", "Operating Expense": "521,400", "Operating Income": "76,500", "Net Non Operating Interest Income Expense": "-82,000", "Other Income Expense": "43,200", "Pretax Income": "37,700", "Tax Provision": "-3,700", "Net Income Common Stockholders": "41,400", "Diluted NI Available to Com Stockholders": "41,400", "Basic EPS": "0.36", "Diluted EPS": "0.36", "Basic Average Shares": "115,000", "Diluted Average Shares": "115,000", "Total Operating Income as Reported": "67,000", "Total Expenses": "904,800", "Net Income from Continuing & Discontinued Operation": "41,400", "Normalized Income": "9,645", "Interest Expense": "82,000", "Net Interest Income": "-82,000", "EBIT": "119,700", "EBITDA": "-", "Reconciled Cost of Revenue": "383,400", "Reconciled Depreciation": "417,700", "Net Income from Continuing Operation Net Minority Interest": "41,400", "Total Unusual Items Excluding Goodwill": "43,500", "Total Unusual Items": "43,500", "Normalized EBITDA": "493,900", "Tax Rate for Calcs": "0", "Tax Effect of Unusual Items": "11,745"}, "12/31/2018": {"Duration": "12/31/2018", "Total Revenue": "821,400", "Cost of Revenue": "292,400", "Gross Profit": "529,000", "Operating Expense": "434,300", "Operating Income": "94,700", "Net Non Operating Interest Income Expense": "-94,700", "Other Income Expense": "1,800", "Pretax Income": "1,800", "Tax Provision": "600", "Net Income Common Stockholders": "1,200", "Diluted NI Available to Com Stockholders": "1,200", "Basic EPS": "0.01", "Diluted EPS": "0.01", "Basic Average Shares": "108,329", "Diluted Average Shares": "108,329", "Total Operating Income as Reported": "89,700", "Total Expenses": "726,700", "Net Income from Continuing & Discontinued Operation": "1,200", "Normalized Income": "0", "Interest Expense": "94,700", "Net Interest Income": "-94,700", "EBIT": "96,500", "EBITDA": "-", "Reconciled Cost of Revenue": "292,400", "Reconciled Depreciation": "334,100", "Net Income from Continuing Operation Net Minority Interest": "1,200", "Total Unusual Items Excluding Goodwill": "1,800", "Total Unusual Items": "1,800", "Normalized EBITDA": "428,800", "Tax Rate for Calcs": "0", "Tax Effect of Unusual Items": "600"}}, "bs": {"12/31/2020": {"Duration": "12/31/2020", "Total Assets": "6,897,400", "Total Liabilities Net Minority Interest": "4,339,200", "Total Equity Gross Minority Interest": "2,558,200", "Total Capitalization": "5,967,200", "Common Stock Equity": "2,558,200", "Capital Lease Obligations": "278,200", "Net Tangible Assets": "1,945,300", "Working Capital": "104,500", "Invested Capital": "5,967,200", "Tangible Book Value": "1,945,300", "Total Debt": "3,687,200", "Net Debt": "3,137,600", "Share Issued": "120,443", "Ordinary Shares Number": "120,443"}, "12/31/2019": {"Duration": "12/31/2019", "Total Assets": "6,142,000", "Total Liabilities Net Minority Interest": "3,707,400", "Total Equity Gross Minority Interest": "2,434,600", "Total Capitalization": "5,321,200", "Common Stock Equity": "2,434,600", "Capital Lease Obligations": "227,600", "Net Tangible Assets": "1,783,400", "Working Capital": "-129,600", "Invested Capital": "5,321,200", "Tangible Book Value": "1,783,400", "Total Debt": "3,114,200", "Net Debt": "2,810,200", "Share Issued": "114,809", "Ordinary Shares Number": "114,809"}, "12/31/2018": {"Duration": "12/31/2018", "Total Assets": "5,592,500", "Total Liabilities Net Minority Interest": "3,366,500", "Total Equity Gross Minority Interest": "2,226,000", "Total Capitalization": "4,850,700", "Common Stock Equity": "2,226,000", "Capital Lease Obligations": "156,700", "Net Tangible Assets": "1,535,200", "Working Capital": "-345,600", "Invested Capital": "4,850,700", "Tangible Book Value": "1,535,200", "Total Debt": "2,781,400", "Net Debt": "2,560,300", "Share Issued": "108,329", "Ordinary Shares Number": "108,329"}}, "cf": {"TTM": {"Duration": "TTM", "Operating Cash Flow": "476,700", "Investing Cash Flow": "-697,000", "Financing Cash Flow": "403,000", "End Cash Position": "241,300", "Income Tax Paid Supplemental Data": "-", "Interest Paid Supplemental Data": "66,900", "Capital Expenditure": "-", "Issuance of Capital Stock": "420,900", "Issuance of Debt": "1,007,700", "Repayment of Debt": "-770,700", "Repurchase of Capital Stock": "-", "Free Cash Flow": "476,700"}, "12/31/2020": {"Duration": "12/31/2020", "Operating Cash Flow": "456,300", "Investing Cash Flow": "-772,400", "Financing Cash Flow": "507,200", "End Cash Position": "272,900", "Income Tax Paid Supplemental Data": "3,700", "Interest Paid Supplemental Data": "62,400", "Capital Expenditure": "-", "Issuance of Capital Stock": "325,700", "Issuance of Debt": "2,812,400", "Repayment of Debt": "-2,369,600", "Repurchase of Capital Stock": "-", "Free Cash Flow": "456,300"}, "12/31/2019": {"Duration": "12/31/2019", "Operating Cash Flow": "365,700", "Investing Cash Flow": "-679,900", "Financing Cash Flow": "324,800", "End Cash Position": "77,700", "Income Tax Paid Supplemental Data": "3,500", "Interest Paid Supplemental Data": "123,000", "Capital Expenditure": "-", "Issuance of Capital Stock": "357,200", "Issuance of Debt": "1,854,100", "Repayment of Debt": "-1,585,400", "Repurchase of Capital Stock": "-", "Free Cash Flow": "365,700"}, "12/31/2018": {"Duration": "12/31/2018", "Operating Cash Flow": "309,300", "Investing Cash Flow": "-1,341,100", "Financing Cash Flow": "944,700", "End Cash Position": "64,400", "Income Tax Paid Supplemental Data": "3,400", "Interest Paid Supplemental Data": "115,400", "Capital Expenditure": "-", "Issuance of Capital Stock": "699,600", "Issuance of Debt": "1,988,300", "Repayment of Debt": "-1,556,900", "Repurchase of Capital Stock": "-", "Free Cash Flow": "309,300"}}}}, {"DEI": {"quote": {"05/12/2021": {"value": "31.77", "Market Cap": "5.575B", "Beta (5Y Monthly)": "0.87", "PE Ratio (TTM)": "165.47", "EPS (TTM)": "0.19", "Earnings Date": "Aug 04, 2021 - Aug 09, 2021", "Forward Dividend & Yield": "1.12 (3.41%)", "Ex-Dividend Date": "Mar 30, 2021", "1y Target Est": "32.92"}}, "fin": {"TTM": {"Duration": "TTM", "Total Revenue": "856,468", "Cost of Revenue": "297,882", "Gross Profit": "558,586", "Operating Expense": "419,105", "Operating Income": "139,481", "Net Non Operating Interest Income Expense": "-142,657", "Other Income Expense": "19,603", "Pretax Income": "16,427", "Net Income Common Stockholders": "34,375", "Average Dilution Earnings": "-", "Diluted NI Available to Com Stockholders": "34,375", "Basic EPS": "-", "Diluted EPS": "-", "Basic Average Shares": "-", "Diluted Average Shares": "-", "Total Operating Income as Reported": "242,708", "Total Expenses": "716,987", "Net Income from Continuing & Discontinued Operation": "35,099", "Normalized Income": "31,263", "Interest Expense": "142,657", "Net Interest Income": "-142,657", "EBIT": "159,084", "EBITDA": "539,352", "Reconciled Cost of Revenue": "297,882", "Reconciled Depreciation": "380,268", "Net Income from Continuing Operation Net Minority Interest": "35,099", "Total Unusual Items Excluding Goodwill": "6,393", "Total Unusual Items": "6,393", "Normalized EBITDA": "532,959", "Tax Rate for Calcs": "0", "Tax Effect of Unusual Items": "2,557"}, "12/31/2020": {"Duration": "12/31/2020", "Total Revenue": "891,523", "Cost of Revenue": "305,413", "Gross Profit": "586,110", "Operating Expense": "424,849", "Operating Income": "161,261", "Net Non Operating Interest Income Expense": "-142,872", "Other Income Expense": "20,164", "Pretax Income": "38,553", "Net Income Common Stockholders": "49,591", "Average Dilution Earnings": "-", "Diluted NI Available to Com Stockholders": "49,591", "Basic EPS": "-", "Diluted EPS": "-", "Basic Average Shares": "-", "Diluted Average Shares": "-", "Total Operating Income as Reported": "-", "Total Expenses": "730,262", "Net Income from Continuing & Discontinued Operation": "50,421", "Normalized Income": "45,754", "Interest Expense": "142,872", "Net Interest Income": "-142,872", "EBIT": "181,425", "EBITDA": "-", "Reconciled Cost of Revenue": "321,291", "Reconciled Depreciation": "369,370", "Net Income from Continuing Operation Net Minority Interest": "50,421", "Total Unusual Items Excluding Goodwill": "6,393", "Total Unusual Items": "6,393", "Normalized EBITDA": "560,280", "Tax Rate for Calcs": "0", "Tax Effect of Unusual Items": "1,726"}, "12/31/2019": {"Duration": "12/31/2019", "Total Revenue": "936,682", "Cost of Revenue": "298,163", "Gross Profit": "638,519", "Operating Expense": "395,811", "Operating Income": "242,708", "Net Non Operating Interest Income Expense": "-143,308", "Other Income Expense": "319,298", "Pretax Income": "418,698", "Net Income Common Stockholders": "362,119", "Average Dilution Earnings": "-", "Diluted NI Available to Com Stockholders": "362,119", "Basic EPS": "2.09", "Diluted EPS": "2.09", "Basic Average Shares": "173,358", "Diluted Average Shares": "173,358", "Total Operating Income as Reported": "242,708", "Total Expenses": "693,974", "Net Income from Continuing & Discontinued Operation": "363,713", "Normalized Income": "363,713", "Interest Expense": "143,308", "Net Interest Income": "-143,308", "EBIT": "562,006", "EBITDA": "-", "Reconciled Cost of Revenue": "314,427", "Reconciled Depreciation": "341,479", "Net Income from Continuing Operation Net Minority Interest": "363,713", "Total Unusual Items Excluding Goodwill": "-", "Total Unusual Items": "-", "Normalized EBITDA": "919,749", "Tax Rate for Calcs": "0", "Tax Effect of Unusual Items": "0"}, "12/31/2018": {"Duration": "12/31/2018", "Total Revenue": "881,316", "Cost of Revenue": "280,867", "Gross Profit": "600,449", "Operating Expense": "348,505", "Operating Income": "251,944", "Net Non Operating Interest Income Expense": "-133,402", "Other Income Expense": "10,070", "Pretax Income": "128,612", "Net Income Common Stockholders": "115,540", "Average Dilution Earnings": "-", "Diluted NI Available to Com Stockholders": "115,540", "Basic EPS": "0.68", "Diluted EPS": "0.68", "Basic Average Shares": "169,893", "Diluted Average Shares": "169,902", "Total Operating Income as Reported": "251,944", "Total Expenses": "629,372", "Net Income from Continuing & Discontinued Operation": "116,086", "Normalized Income": "116,285", "Interest Expense": "133,402", "Net Interest Income": "-133,402", "EBIT": "262,014", "EBITDA": "-", "Reconciled Cost of Revenue": "302,892", "Reconciled Depreciation": "287,839", "Net Income from Continuing Operation Net Minority Interest": "116,086", "Total Unusual Items Excluding Goodwill": "-272", "Total Unusual Items": "-272", "Normalized EBITDA": "572,150", "Tax Rate for Calcs": "0", "Tax Effect of Unusual Items": "-73.44"}}, "bs": {"12/31/2020": {"Duration": "12/31/2020", "Total Assets": "9,250,825", "Total Liabilities Net Minority Interest": "5,254,806", "Total Equity Gross Minority Interest": "3,996,019", "Total Capitalization": "6,622,058", "Common Stock Equity": "2,437,091", "Capital Lease Obligations": "10,871", "Net Tangible Assets": "2,429,962", "Working Capital": "-96,122", "Invested Capital": "6,882,058", "Tangible Book Value": "2,429,962", "Total Debt": "4,455,838", "Net Debt": "4,272,582", "Share Issued": "175,464", "Ordinary Shares Number": "175,464"}, "12/31/2019": {"Duration": "12/31/2019", "Total Assets": "9,349,301", "Total Liabilities Net Minority Interest": "4,978,367", "Total Equity Gross Minority Interest": "4,370,934", "Total Capitalization": "6,771,130", "Common Stock Equity": "2,712,072", "Capital Lease Obligations": "10,882", "Net Tangible Assets": "2,703,677", "Working Capital": "-393,302", "Invested Capital": "7,331,130", "Tangible Book Value": "2,703,677", "Total Debt": "4,629,940", "Net Debt": "4,465,375", "Share Issued": "175,370", "Ordinary Shares Number": "175,370"}, "12/31/2018": {"Duration": "12/31/2018", "Total Assets": "8,261,709", "Total Liabilities Net Minority Interest": "4,413,279", "Total Equity Gross Minority Interest": "3,848,430", "Total Capitalization": "6,391,362", "Common Stock Equity": "2,402,332", "Capital Lease Obligations": "-", "Net Tangible Assets": "2,397,093", "Working Capital": "401", "Invested Capital": "6,536,362", "Tangible Book Value": "2,397,093", "Total Debt": "4,134,030", "Net Debt": "3,987,803", "Share Issued": "170,215", "Ordinary Shares Number": "170,215"}}, "cf": {"TTM": {"Duration": "TTM", "Operating Cash Flow": "-", "Investing Cash Flow": "-", "Financing Cash Flow": "-", "End Cash Position": "-", "Capital Expenditure": "-", "Issuance of Capital Stock": "-", "Issuance of Debt": "-", "Repayment of Debt": "-", "Repurchase of Capital Stock": "-", "Free Cash Flow": "-"}, "12/31/2020": {"Duration": "12/31/2020", "Operating Cash Flow": "420,218", "Investing Cash Flow": "-265,175", "Financing Cash Flow": "-136,330", "End Cash Position": "172,517", "Capital Expenditure": "-297,598", "Issuance of Capital Stock": "0", "Issuance of Debt": "674,000", "Repayment of Debt": "-549,752", "Repurchase of Capital Stock": "-7", "Free Cash Flow": "122,620"}, "12/31/2019": {"Duration": "12/31/2019", "Operating Cash Flow": "469,586", "Investing Cash Flow": "-649,668", "Financing Cash Flow": "187,538", "End Cash Position": "153,804", "Capital Expenditure": "-238,108", "Issuance of Capital Stock": "200,983", "Issuance of Debt": "2,185,000", "Repayment of Debt": "-2,095,718", "Repurchase of Capital Stock": "-734", "Free Cash Flow": "231,478"}, "12/31/2018": {"Duration": "12/31/2018", "Operating Cash Flow": "432,982", "Investing Cash Flow": "-249,551", "Financing Cash Flow": "-213,849", "End Cash Position": "146,348", "Capital Expenditure": "-247,521", "Issuance of Capital Stock": "0", "Issuance of Debt": "667,000", "Repayment of Debt": "-655,326", "Repurchase of Capital Stock": "-108", "Free Cash Flow": "185,461"}}}}, {"ESRT": {"quote": {"05/12/2021": {"value": "11.33", "Market Cap": "3.243B", "Beta (5Y Monthly)": "1.20", "PE Ratio (TTM)": "N/A", "EPS (TTM)": "-0.22", "Earnings Date": "Jul 27, 2021 - Aug 02, 2021", "Forward Dividend & Yield": "N/A (N/A)", "Ex-Dividend Date": "Jun 18, 2020", "1y Target Est": "12.07"}}, "fin": {"TTM": {"Duration": "TTM", "Total Revenue": "584,308", "Cost of Revenue": "269,225", "Gross Profit": "315,083", "Operating Expense": "258,842", "Operating Income": "56,241", "Net Non Operating Interest Income Expense": "-91,721", "Other Income Expense": "-7,583", "Pretax Income": "-43,063", "Tax Provision": "-8,695", "Net Income Common Stockholders": "-23,877", "Average Dilution Earnings": "-", "Diluted NI Available to Com Stockholders": "-36,994", "Basic EPS": "-", "Diluted EPS": "-", "Basic Average Shares": "-", "Diluted Average Shares": "-", "Total Operating Income as Reported": "50,037", "Rent Expense Supplemental": "9,326", "Total Expenses": "528,067", "Net Income from Continuing & Discontinued Operation": "-19,631", "Normalized Income": "-13,579", "Interest Income": "2,122", "Interest Expense": "93,843", "Net Interest Income": "-91,721", "EBIT": "50,780", "EBITDA": "240,150", "Reconciled Cost of Revenue": "269,225", "Reconciled Depreciation": "189,370", "Net Income from Continuing Operation Net Minority Interest": "-19,631", "Total Unusual Items Excluding Goodwill": "-7,583", "Total Unusual Items": "-7,583", "Normalized EBITDA": "247,733", "Tax Rate for Calcs": "0", "Tax Effect of Unusual Items": "-1,531"}, "12/31/2020": {"Duration": "12/31/2020", "Total Revenue": "609,228", "Cost of Revenue": "281,787", "Gross Profit": "327,441", "Operating Expense": "262,576", "Operating Income": "64,865", "Net Non Operating Interest Income Expense": "-87,270", "Other Income Expense": "-7,455", "Pretax Income": "-29,860", "Tax Provision": "-6,971", "Net Income Common Stockholders": "-16,772", "Average Dilution Earnings": "-10,374", "Diluted NI Available to Com Stockholders": "-27,146", "Basic EPS": "-0.10", "Diluted EPS": "-0.10", "Basic Average Shares": "175,169", "Diluted Average Shares": "283,837", "Total Operating Income as Reported": "58,661", "Rent Expense Supplemental": "9,326", "Total Expenses": "544,363", "Net Income from Continuing & Discontinued Operation": "-12,515", "Normalized Income": "-6,800", "Interest Income": "2,637", "Interest Expense": "89,907", "Net Interest Income": "-87,270", "EBIT": "60,047", "EBITDA": "-", "Reconciled Cost of Revenue": "281,787", "Reconciled Depreciation": "191,006", "Net Income from Continuing Operation Net Minority Interest": "-12,515", "Total Unusual Items Excluding Goodwill": "-7,455", "Total Unusual Items": "-7,455", "Normalized EBITDA": "258,508", "Tax Rate for Calcs": "0", "Tax Effect of Unusual Items": "-1,740"}, "12/31/2019": {"Duration": "12/31/2019", "Total Revenue": "731,343", "Cost of Revenue": "324,660", "Gross Profit": "406,683", "Operating Expense": "251,977", "Operating Income": "154,706", "Net Non Operating Interest Income Expense": "-67,987", "Other Income Expense": "-", "Pretax Income": "86,719", "Tax Provision": "2,429", "Net Income Common Stockholders": "49,400", "Average Dilution Earnings": "33,102", "Diluted NI Available to Com Stockholders": "82,502", "Basic EPS": "0.28", "Diluted EPS": "0.28", "Basic Average Shares": "178,340", "Diluted Average Shares": "297,798", "Total Operating Income as Reported": "154,706", "Rent Expense Supplemental": "9,326", "Total Expenses": "576,637", "Net Income from Continuing & Discontinued Operation": "51,188", "Normalized Income": "51,188", "Interest Income": "11,259", "Interest Expense": "79,246", "Net Interest Income": "-67,987", "EBIT": "165,965", "EBITDA": "-", "Reconciled Cost of Revenue": "324,660", "Reconciled Depreciation": "181,588", "Net Income from Continuing Operation Net Minority Interest": "51,188", "Total Unusual Items Excluding Goodwill": "0", "Total Unusual Items": "0", "Normalized EBITDA": "347,553", "Tax Rate for Calcs": "0", "Tax Effect of Unusual Items": "0"}, "12/31/2018": {"Duration": "12/31/2018", "Total Revenue": "731,511", "Cost of Revenue": "310,146", "Gross Profit": "421,365", "Operating Expense": "230,508", "Operating Income": "190,857", "Net Non Operating Interest Income Expense": "-68,962", "Other Income Expense": "-", "Pretax Income": "121,895", "Tax Provision": "4,642", "Net Income Common Stockholders": "65,565", "Average Dilution Earnings": "50,714", "Diluted NI Available to Com Stockholders": "116,279", "Basic EPS": "0.39", "Diluted EPS": "0.39", "Basic Average Shares": "167,571", "Diluted Average Shares": "297,259", "Total Operating Income as Reported": "190,857", "Rent Expense Supplemental": "9,326", "Total Expenses": "540,654", "Net Income from Continuing & Discontinued Operation": "66,539", "Normalized Income": "66,539", "Interest Income": "10,661", "Interest Expense": "79,623", "Net Interest Income": "-68,962", "EBIT": "201,518", "EBITDA": "-", "Reconciled Cost of Revenue": "310,146", "Reconciled Depreciation": "168,508", "Net Income from Continuing Operation Net Minority Interest": "66,539", "Total Unusual Items Excluding Goodwill": "0", "Total Unusual Items": "0", "Normalized EBITDA": "370,026", "Tax Rate for Calcs": "0", "Tax Effect of Unusual Items": "0"}}, "bs": {"12/31/2020": {"Duration": "12/31/2020", "Total Assets": "4,150,695", "Total Liabilities Net Minority Interest": "2,419,388", "Total Equity Gross Minority Interest": "1,731,307", "Total Capitalization": "3,221,838", "Preferred Stock Equity": "29,940", "Common Stock Equity": "1,055,249", "Capital Lease Obligations": "29,104", "Net Tangible Assets": "248,975", "Working Capital": "794,816", "Invested Capital": "3,191,898", "Tangible Book Value": "219,035", "Total Debt": "2,165,753", "Net Debt": "1,609,935", "Share Issued": "285,279", "Ordinary Shares Number": "285,279"}, "12/31/2019": {"Duration": "12/31/2019", "Total Assets": "3,931,834", "Total Liabilities Net Minority Interest": "1,983,921", "Total Equity Gross Minority Interest": "1,947,913", "Total Capitalization": "2,926,245", "Preferred Stock Equity": "29,151", "Common Stock Equity": "1,228,520", "Capital Lease Obligations": "29,307", "Net Tangible Assets": "413,626", "Working Capital": "452,977", "Invested Capital": "2,897,094", "Tangible Book Value": "384,475", "Total Debt": "1,697,881", "Net Debt": "1,434,628", "Share Issued": "299,694", "Ordinary Shares Number": "299,694"}, "12/31/2018": {"Duration": "12/31/2018", "Total Assets": "4,195,780", "Total Liabilities Net Minority Interest": "2,204,671", "Total Equity Gross Minority Interest": "1,991,109", "Total Capitalization": "3,165,419", "Preferred Stock Equity": "8,004", "Common Stock Equity": "1,238,482", "Capital Lease Obligations": "-", "Net Tangible Assets": "394,609", "Working Capital": "840,065", "Invested Capital": "3,157,415", "Tangible Book Value": "386,605", "Total Debt": "1,918,933", "Net Debt": "1,713,952", "Share Issued": "303,311", "Ordinary Shares Number": "303,311"}}, "cf": {"TTM": {"Duration": "TTM", "Operating Cash Flow": "-", "Investing Cash Flow": "-", "Financing Cash Flow": "-", "End Cash Position": "-", "Income Tax Paid Supplemental Data": "-", "Interest Paid Supplemental Data": "-", "Issuance of Capital Stock": "-", "Issuance of Debt": "-", "Repayment of Debt": "-", "Repurchase of Capital Stock": "-", "Free Cash Flow": "-"}, "12/31/2020": {"Duration": "12/31/2020", "Operating Cash Flow": "182,293", "Investing Cash Flow": "-143,118", "Financing Cash Flow": "257,167", "End Cash Position": "567,939", "Income Tax Paid Supplemental Data": "1,282", "Interest Paid Supplemental Data": "75,416", "Issuance of Capital Stock": "-", "Issuance of Debt": "1,080,000", "Repayment of Debt": "-603,938", "Repurchase of Capital Stock": "-143,713", "Free Cash Flow": "182,293"}, "12/31/2019": {"Duration": "12/31/2019", "Operating Cash Flow": "232,591", "Investing Cash Flow": "149,744", "Financing Cash Flow": "-381,551", "End Cash Position": "271,597", "Income Tax Paid Supplemental Data": "1,766", "Interest Paid Supplemental Data": "76,333", "Issuance of Capital Stock": "0", "Issuance of Debt": "0", "Repayment of Debt": "-253,790", "Repurchase of Capital Stock": "-", "Free Cash Flow": "232,591"}, "12/31/2018": {"Duration": "12/31/2018", "Operating Cash Flow": "279,022", "Investing Cash Flow": "-643,023", "Financing Cash Flow": "104,617", "End Cash Position": "270,813", "Income Tax Paid Supplemental Data": "4,847", "Interest Paid Supplemental Data": "74,160", "Issuance of Capital Stock": "4,749", "Issuance of Debt": "495,000", "Repayment of Debt": "-266,613", "Repurchase of Capital Stock": "-", "Free Cash Flow": "279,022"}}}}, {"MFA": {"quote": {"05/12/2021": {"value": "4.1100", "Market Cap": "1.814B", "Beta (5Y Monthly)": "1.76", "PE Ratio (TTM)": "6.59", "EPS (TTM)": "0.6240", "Earnings Date": "Aug 04, 2021 - Aug 09, 2021", "Forward Dividend & Yield": "0.30 (7.01%)", "Ex-Dividend Date": "Mar 30, 2021", "1y Target Est": "4.55"}}, "fin": {"TTM": {"Duration": "TTM", "Total Revenue": "319,510", "Credit Losses Provision": "151,080", "Non Interest Expense": "115,497", "Special Income Charges": "-39,966", "Pretax Income": "315,127", "Net Income Common Stockholders": "281,824", "Average Dilution Earnings": "3,909", "Diluted NI Available to Com Stockholders": "285,733", "Basic EPS": "-", "Diluted EPS": "-", "Basic Average Shares": "-", "Diluted Average Shares": "-", "INTEREST_INCOME_AFTER_PROVISION_FOR_LOAN_LOSS": "211,788", "Net Income from Continuing & Discontinued Operation": "315,127", "Normalized Income": "339,107", "Reconciled Depreciation": "-", "Net Income from Continuing Operation Net Minority Interest": "315,127", "Total Unusual Items Excluding Goodwill": "-39,966", "Total Unusual Items": "-39,966", "Tax Rate for Calcs": "0", "Tax Effect of Unusual Items": "-15,986"}, "12/31/2020": {"Duration": "12/31/2020", "Total Revenue": "-498,833", "Credit Losses Provision": "-22,381", "Non Interest Expense": "113,742", "Special Income Charges": "-44,434", "Pretax Income": "-679,390", "Net Income Common Stockholders": "-709,415", "Average Dilution Earnings": "0", "Diluted NI Available to Com Stockholders": "-709,415", "Basic EPS": "-1.57", "Diluted EPS": "-1.57", "Basic Average Shares": "452,033", "Diluted Average Shares": "452,033", "INTEREST_INCOME_AFTER_PROVISION_FOR_LOAN_LOSS": "68,245", "Net Income from Continuing & Discontinued Operation": "-679,390", "Normalized Income": "-634,956", "Reconciled Depreciation": "-", "Net Income from Continuing Operation Net Minority Interest": "-679,390", "Total Unusual Items Excluding Goodwill": "-44,434", "Total Unusual Items": "-44,434", "Tax Rate for Calcs": "0", "Tax Effect of Unusual Items": "0"}, "12/31/2019": {"Duration": "12/31/2019", "Total Revenue": "430,765", "Credit Losses Provision": "-", "Non Interest Expense": "52,648", "Special Income Charges": "-", "Pretax Income": "378,117", "Net Income Common Stockholders": "362,030", "Average Dilution Earnings": "8,965", "Diluted NI Available to Com Stockholders": "370,995", "Basic EPS": "0.80", "Diluted EPS": "0.79", "Basic Average Shares": "453,896", "Diluted Average Shares": "459,642", "INTEREST_INCOME_AFTER_PROVISION_FOR_LOAN_LOSS": "249,370", "Net Income from Continuing & Discontinued Operation": "378,117", "Normalized Income": "378,117", "Reconciled Depreciation": "3,318", "Net Income from Continuing Operation Net Minority Interest": "378,117", "Total Unusual Items Excluding Goodwill": "-", "Total Unusual Items": "-", "Tax Rate for Calcs": "0", "Tax Effect of Unusual Items": "0"}, "12/31/2018": {"Duration": "12/31/2018", "Total Revenue": "347,877", "Credit Losses Provision": "-", "Non Interest Expense": "46,076", "Special Income Charges": "-", "Pretax Income": "301,801", "Net Income Common Stockholders": "284,937", "Average Dilution Earnings": "-", "Diluted NI Available to Com Stockholders": "284,937", "Basic EPS": "0.68", "Diluted EPS": "0.68", "Basic Average Shares": "421,766", "Diluted Average Shares": "421,766", "INTEREST_INCOME_AFTER_PROVISION_FOR_LOAN_LOSS": "223,489", "Net Income from Continuing & Discontinued Operation": "301,801", "Normalized Income": "301,801", "Reconciled Depreciation": "1,825", "Net Income from Continuing Operation Net Minority Interest": "301,801", "Total Unusual Items Excluding Goodwill": "-", "Total Unusual Items": "-", "Tax Rate for Calcs": "0", "Tax Effect of Unusual Items": "0"}}, "bs": {"12/31/2020": {"Duration": "12/31/2020", "Total Assets": "6,932,300", "Total Liabilities Net Minority Interest": "4,407,498", "Total Equity Gross Minority Interest": "2,524,802", "Total Capitalization": "4,139,311", "Preferred Stock Equity": "190", "Common Stock Equity": "2,524,612", "Net Tangible Assets": "2,269,121", "Invested Capital": "4,364,298", "Tangible Book Value": "2,268,931", "Total Debt": "1,839,686", "Net Debt": "1,025,332", "Share Issued": "451,714", "Ordinary Shares Number": "451,714", "Preferred Shares Number": "19,000"}, "12/31/2019": {"Duration": "12/31/2019", "Total Assets": "13,567,364", "Total Liabilities Net Minority Interest": "10,183,412", "Total Equity Gross Minority Interest": "3,383,952", "Total Capitalization": "4,275,737", "Preferred Stock Equity": "80", "Common Stock Equity": "3,383,872", "Net Tangible Assets": "2,052,122", "Invested Capital": "4,275,657", "Tangible Book Value": "2,052,042", "Total Debt": "891,785", "Net Debt": "821,156", "Share Issued": "452,369", "Ordinary Shares Number": "452,369", "Preferred Shares Number": "8,000"}, "12/31/2018": {"Duration": "12/31/2018", "Total Assets": "12,420,327", "Total Liabilities Net Minority Interest": "9,004,226", "Total Equity Gross Minority Interest": "3,416,101", "Total Capitalization": "4,197,337", "Preferred Stock Equity": "80", "Common Stock Equity": "3,416,021", "Net Tangible Assets": "2,669,951", "Invested Capital": "4,197,257", "Tangible Book Value": "2,669,871", "Total Debt": "781,236", "Net Debt": "729,271", "Share Issued": "449,787", "Ordinary Shares Number": "449,787", "Preferred Shares Number": "8,000"}}, "cf": {"TTM": {"Duration": "TTM", "Operating Cash Flow": "49,347", "Investing Cash Flow": "5,906,742", "Financing Cash Flow": "-5,503,592", "End Cash Position": "785,864", "Interest Paid Supplemental Data": "203,666", "Capital Expenditure": "-9,101", "Issuance of Capital Stock": "7,130", "Issuance of Debt": "4,241,065", "Repayment of Debt": "-1,833,345", "Repurchase of Capital Stock": "-71,768", "Free Cash Flow": "40,246"}, "12/31/2020": {"Duration": "12/31/2020", "Operating Cash Flow": "38,396", "Investing Cash Flow": "6,383,508", "Financing Cash Flow": "-5,735,049", "End Cash Position": "821,519", "Interest Paid Supplemental Data": "254,270", "Capital Expenditure": "-4,862", "Issuance of Capital Stock": "282,441", "Issuance of Debt": "3,803,150", "Repayment of Debt": "-1,733,345", "Repurchase of Capital Stock": "-50,835", "Free Cash Flow": "33,534"}, "12/31/2019": {"Duration": "12/31/2019", "Operating Cash Flow": "215,775", "Investing Cash Flow": "-1,134,741", "Financing Cash Flow": "964,921", "End Cash Position": "134,664", "Interest Paid Supplemental Data": "330,398", "Capital Expenditure": "-1,879", "Issuance of Capital Stock": "12,325", "Issuance of Debt": "223,311", "Repayment of Debt": "-114,386", "Repurchase of Capital Stock": "-", "Free Cash Flow": "213,896"}, "12/31/2018": {"Duration": "12/31/2018", "Operating Cash Flow": "147,881", "Investing Cash Flow": "-2,157,875", "Financing Cash Flow": "1,634,960", "End Cash Position": "88,709", "Interest Paid Supplemental Data": "232,657", "Capital Expenditure": "-1,133", "Issuance of Capital Stock": "392,474", "Issuance of Debt": "419,970", "Repayment of Debt": "-97,969", "Repurchase of Capital Stock": "-329", "Free Cash Flow": "146,748"}}}}, {"RAS": {"quote": {"05/12/2021": {"value": "", "Net Assets": "N/A", "Beta (5Y Monthly)": "N/A", "Yield": "N/A", "5y Average Return": "N/A", "Holdings Turnover": "N/A", "Last Dividend": "N/A", "Average for Category": "N/A", "Inception Date": "N/A"}}, "fin": {}, "bs": {}, "cf": {}}}, {"FPI": {"quote": {"05/12/2021": {"value": "13.20", "Market Cap": "407.087M", "Beta (5Y Monthly)": "0.91", "PE Ratio (TTM)": "N/A", "EPS (TTM)": "-0.18", "Earnings Date": "May 13, 2021", "Forward Dividend & Yield": "0.20 (1.42%)", "Ex-Dividend Date": "Mar 31, 2021", "1y Target Est": "10.25"}}, "fin": {"TTM": {"Duration": "TTM", "Total Revenue": "50,689", "Cost of Revenue": "10,737", "Gross Profit": "39,952", "Operating Expense": "17,612", "Operating Income": "22,340", "Net Non Operating Interest Income Expense": "-17,677", "Other Income Expense": "2,867", "Pretax Income": "7,530", "Tax Provision": "0", "Net Income Common Stockholders": "-5,279", "Diluted NI Available to Com Stockholders": "-5,279", "Basic EPS": "-", "Diluted EPS": "-", "Basic Average Shares": "-", "Diluted Average Shares": "-", "Total Operating Income as Reported": "22,329", "Total Expenses": "28,349", "Net Income from Continuing & Discontinued Operation": "7,119", "Normalized Income": "4,141", "Interest Expense": "17,677", "Net Interest Income": "-17,677", "EBIT": "25,207", "EBITDA": "33,179", "Reconciled Cost of Revenue": "10,737", "Reconciled Depreciation": "7,972", "Net Income from Continuing Operation Net Minority Interest": "7,119", "Total Unusual Items Excluding Goodwill": "2,978", "Total Unusual Items": "2,978", "Normalized EBITDA": "30,201", "Tax Rate for Calcs": "0", "Tax Effect of Unusual Items": "0"}, "12/31/2020": {"Duration": "12/31/2020", "Total Revenue": "50,689", "Cost of Revenue": "10,737", "Gross Profit": "39,952", "Operating Expense": "17,612", "Operating Income": "22,340", "Net Non Operating Interest Income Expense": "-17,677", "Other Income Expense": "2,867", "Pretax Income": "7,530", "Tax Provision": "0", "Net Income Common Stockholders": "-5,279", "Diluted NI Available to Com Stockholders": "-5,279", "Basic EPS": "-", "Diluted EPS": "-", "Basic Average Shares": "-", "Diluted Average Shares": "-", "Total Operating Income as Reported": "22,329", "Total Expenses": "28,349", "Net Income from Continuing & Discontinued Operation": "7,119", "Normalized Income": "4,141", "Interest Expense": "17,677", "Net Interest Income": "-17,677", "EBIT": "25,207", "EBITDA": "-", "Reconciled Cost of Revenue": "10,737", "Reconciled Depreciation": "7,972", "Net Income from Continuing Operation Net Minority Interest": "7,119", "Total Unusual Items Excluding Goodwill": "2,978", "Total Unusual Items": "2,978", "Normalized EBITDA": "30,201", "Tax Rate for Calcs": "0", "Tax Effect of Unusual Items": "0"}, "12/31/2019": {"Duration": "12/31/2019", "Total Revenue": "53,564", "Cost of Revenue": "8,824", "Gross Profit": "44,740", "Operating Expense": "18,397", "Operating Income": "26,343", "Net Non Operating Interest Income Expense": "-19,588", "Other Income Expense": "8,095", "Pretax Income": "14,850", "Tax Provision": "0", "Net Income Common Stockholders": "1,324", "Diluted NI Available to Com Stockholders": "1,324", "Basic EPS": "0.04", "Diluted EPS": "0.04", "Basic Average Shares": "30,169", "Diluted Average Shares": "30,169", "Total Operating Income as Reported": "26,337", "Total Expenses": "27,221", "Net Income from Continuing & Discontinued Operation": "13,886", "Normalized Income": "6,051", "Interest Expense": "19,588", "Net Interest Income": "-19,588", "EBIT": "34,438", "EBITDA": "-", "Reconciled Cost of Revenue": "8,824", "Reconciled Depreciation": "8,320", "Net Income from Continuing Operation Net Minority Interest": "13,886", "Total Unusual Items Excluding Goodwill": "7,835", "Total Unusual Items": "7,835", "Normalized EBITDA": "34,923", "Tax Rate for Calcs": "0", "Tax Effect of Unusual Items": "0"}, "12/31/2018": {"Duration": "12/31/2018", "Total Revenue": "56,069", "Cost of Revenue": "7,834", "Gross Profit": "48,235", "Operating Expense": "18,362", "Operating Income": "29,873", "Net Non Operating Interest Income Expense": "-18,799", "Other Income Expense": "2,966", "Pretax Income": "14,040", "Tax Provision": "0", "Net Income Common Stockholders": "-420", "Diluted NI Available to Com Stockholders": "-420", "Basic EPS": "-0.01", "Diluted EPS": "-0.01", "Basic Average Shares": "32,162", "Diluted Average Shares": "32,162", "Total Operating Income as Reported": "29,693", "Total Expenses": "26,196", "Net Income from Continuing & Discontinued Operation": "12,254", "Normalized Income": "9,552", "Interest Expense": "18,799", "Net Interest Income": "-18,799", "EBIT": "32,839", "EBITDA": "-", "Reconciled Cost of Revenue": "7,834", "Reconciled Depreciation": "8,544", "Net Income from Continuing Operation Net Minority Interest": "12,254", "Total Unusual Items Excluding Goodwill": "2,702", "Total Unusual Items": "2,702", "Normalized EBITDA": "38,681", "Tax Rate for Calcs": "0", "Tax Effect of Unusual Items": "0"}}, "bs": {"12/31/2020": {"Duration": "12/31/2020", "Total Assets": "1,090,991", "Total Liabilities Net Minority Interest": "645,311", "Total Equity Gross Minority Interest": "445,680", "Total Capitalization": "936,464", "Preferred Stock Equity": "139,766", "Common Stock Equity": "290,073", "Capital Lease Obligations": "93", "Net Tangible Assets": "429,839", "Working Capital": "22,544", "Invested Capital": "796,698", "Tangible Book Value": "290,073", "Total Debt": "506,718", "Net Debt": "479,408", "Share Issued": "30,571", "Ordinary Shares Number": "30,571"}, "12/31/2019": {"Duration": "12/31/2019", "Total Assets": "1,102,553", "Total Liabilities Net Minority Interest": "646,146", "Total Equity Gross Minority Interest": "456,407", "Total Capitalization": "948,766", "Preferred Stock Equity": "142,861", "Common Stock Equity": "294,502", "Capital Lease Obligations": "73", "Net Tangible Assets": "437,363", "Working Capital": "15,388", "Invested Capital": "805,905", "Tangible Book Value": "294,502", "Total Debt": "511,476", "Net Debt": "498,842", "Share Issued": "29,953", "Ordinary Shares Number": "29,953"}, "12/31/2018": {"Duration": "12/31/2018", "Total Assets": "1,139,509", "Total Liabilities Net Minority Interest": "656,478", "Total Equity Gross Minority Interest": "483,031", "Total Capitalization": "961,987", "Preferred Stock Equity": "143,758", "Common Stock Equity": "294,588", "Capital Lease Obligations": "-", "Net Tangible Assets": "438,346", "Working Capital": "27,659", "Invested Capital": "818,229", "Tangible Book Value": "294,588", "Total Debt": "523,641", "Net Debt": "506,750", "Share Issued": "30,595", "Ordinary Shares Number": "30,595"}}, "cf": {"TTM": {"Duration": "TTM", "Operating Cash Flow": "19,726", "Investing Cash Flow": "18,668", "Financing Cash Flow": "-23,738", "End Cash Position": "27,217", "Income Tax Paid Supplemental Data": "0", "Interest Paid Supplemental Data": "15,477", "Issuance of Capital Stock": "10,000", "Issuance of Debt": "54,361", "Repayment of Debt": "-59,027", "Repurchase of Capital Stock": "-9,914", "Free Cash Flow": "19,726"}, "12/31/2020": {"Duration": "12/31/2020", "Operating Cash Flow": "19,726", "Investing Cash Flow": "18,668", "Financing Cash Flow": "-23,738", "End Cash Position": "27,217", "Income Tax Paid Supplemental Data": "0", "Interest Paid Supplemental Data": "15,477", "Issuance of Capital Stock": "10,000", "Issuance of Debt": "54,361", "Repayment of Debt": "-59,027", "Repurchase of Capital Stock": "-9,914", "Free Cash Flow": "19,726"}, "12/31/2019": {"Duration": "12/31/2019", "Operating Cash Flow": "17,994", "Investing Cash Flow": "31,052", "Financing Cash Flow": "-53,376", "End Cash Position": "12,561", "Income Tax Paid Supplemental Data": "0", "Interest Paid Supplemental Data": "20,593", "Issuance of Capital Stock": "-", "Issuance of Debt": "-", "Repayment of Debt": "-11,385", "Repurchase of Capital Stock": "-22,899", "Free Cash Flow": "17,994"}, "12/31/2018": {"Duration": "12/31/2018", "Operating Cash Flow": "20,003", "Investing Cash Flow": "-15,864", "Financing Cash Flow": "-40,784", "End Cash Position": "16,891", "Income Tax Paid Supplemental Data": "0", "Interest Paid Supplemental Data": "17,037", "Issuance of Capital Stock": "0", "Issuance of Debt": "21,000", "Repayment of Debt": "-11,508", "Repurchase of Capital Stock": "-21,220", "Free Cash Flow": "20,003"}}}}, {"GPT": {"quote": {"05/12/2021": {"value": "", "Net Assets": "N/A", "Beta (5Y Monthly)": "N/A", "Yield": "N/A", "5y Average Return": "N/A", "Holdings Turnover": "N/A", "Last Dividend": "N/A", "Average for Category": "N/A", "Inception Date": "N/A"}}, "fin": {}, "bs": {}, "cf": {}}}, {"GYRO": {"quote": {"05/12/2021": {"value": "13.21", "Market Cap": "19.586M", "Beta (5Y Monthly)": "0.47", "PE Ratio (TTM)": "N/A", "EPS (TTM)": "-2.53", "Earnings Date": "N/A", "Forward Dividend & Yield": "N/A (N/A)", "Ex-Dividend Date": "Jun 23, 2017", "1y Target Est": "N/A"}}, "fin": {}, "bs": {}, "cf": {}}}, {"STWD": {"quote": {"05/12/2021": {"value": "23.72", "Market Cap": "6.807B", "Beta (5Y Monthly)": "1.70", "PE Ratio (TTM)": "13.35", "EPS (TTM)": "1.78", "Earnings Date": "Aug 03, 2021 - Aug 09, 2021", "Forward Dividend & Yield": "1.92 (7.75%)", "Ex-Dividend Date": "Mar 30, 2021", "1y Target Est": "25.00"}}, "fin": {"TTM": {"Duration": "TTM", "Total Revenue": "742,304", "Credit Losses Provision": "5,472", "Non Interest Expense": "495,184", "Income from Associates & Other Participating Interests": "38,954", "Special Income Charges": "-6,848", "Other Non Operating Income Expenses": "299,334", "Pretax Income": "584,032", "Tax Provision": "29,156", "Net Income Common Stockholders": "503,917", "Average Dilution Earnings": "12,354", "Diluted NI Available to Com Stockholders": "506,833", "Basic EPS": "-", "Diluted EPS": "-", "Basic Average Shares": "-", "Diluted Average Shares": "-", "Rent Expense Supplemental": "118,207", "INTEREST_INCOME_AFTER_PROVISION_FOR_LOAN_LOSS": "378,233", "Net Income from Continuing & Discontinued Operation": "509,836", "Normalized Income": "516,342", "Reconciled Depreciation": "92,818", "Net Income from Continuing Operation Net Minority Interest": "509,836", "Total Unusual Items Excluding Goodwill": "-6,848", "Total Unusual Items": "-6,848", "Tax Rate for Calcs": "0", "Tax Effect of Unusual Items": "-341.8653"}, "12/31/2020": {"Duration": "12/31/2020", "Total Revenue": "689,312", "Credit Losses Provision": "-43,153", "Non Interest Expense": "497,920", "Income from Associates & Other Participating Interests": "37,317", "Special Income Charges": "-7,226", "Other Non Operating Income Expenses": "207,948", "Pretax Income": "386,278", "Tax Provision": "20,197", "Net Income Common Stockholders": "326,473", "Average Dilution Earnings": "-", "Diluted NI Available to Com Stockholders": "326,473", "Basic EPS": "1.16", "Diluted EPS": "1.16", "Basic Average Shares": "281,978", "Diluted Average Shares": "282,483", "Rent Expense Supplemental": "117,676", "INTEREST_INCOME_AFTER_PROVISION_FOR_LOAN_LOSS": "343,439", "Net Income from Continuing & Discontinued Operation": "331,689", "Normalized Income": "338,539", "Reconciled Depreciation": "94,154", "Net Income from Continuing Operation Net Minority Interest": "331,689", "Total Unusual Items Excluding Goodwill": "-7,226", "Total Unusual Items": "-7,226", "Tax Rate for Calcs": "0", "Tax Effect of Unusual Items": "-375.752"}, "12/31/2019": {"Duration": "12/31/2019", "Total Revenue": "887,823", "Credit Losses Provision": "-7,126", "Non Interest Expense": "512,913", "Income from Associates & Other Participating Interests": "-101,354", "Special Income Charges": "-20,326", "Other Non Operating Income Expenses": "304,063", "Pretax Income": "550,167", "Tax Provision": "13,232", "Net Income Common Stockholders": "505,791", "Average Dilution Earnings": "12,354", "Diluted NI Available to Com Stockholders": "518,145", "Basic EPS": "1.81", "Diluted EPS": "1.79", "Basic Average Shares": "282,201", "Diluted Average Shares": "284,728", "Rent Expense Supplemental": "122,982", "INTEREST_INCOME_AFTER_PROVISION_FOR_LOAN_LOSS": "284,787", "Net Income from Continuing & Discontinued Operation": "509,664", "Normalized Income": "529,502", "Reconciled Depreciation": "113,394", "Net Income from Continuing Operation Net Minority Interest": "509,664", "Total Unusual Items Excluding Goodwill": "-20,326", "Total Unusual Items": "-20,326", "Tax Rate for Calcs": "0", "Tax Effect of Unusual Items": "-487.824"}, "12/31/2018": {"Duration": "12/31/2018", "Total Revenue": "795,839", "Credit Losses Provision": "-34,821", "Non Interest Expense": "526,036", "Income from Associates & Other Participating Interests": "10,540", "Special Income Charges": "-14,395", "Other Non Operating Income Expenses": "195,400", "Pretax Income": "426,527", "Tax Provision": "15,330", "Net Income Common Stockholders": "382,238", "Average Dilution Earnings": "27,247", "Diluted NI Available to Com Stockholders": "409,485", "Basic EPS": "1.40", "Diluted EPS": "1.40", "Basic Average Shares": "275,660", "Diluted Average Shares": "275,660", "Rent Expense Supplemental": "127,068", "INTEREST_INCOME_AFTER_PROVISION_FOR_LOAN_LOSS": "234,373", "Net Income from Continuing & Discontinued Operation": "385,830", "Normalized Income": "399,707", "Reconciled Depreciation": "130,838", "Net Income from Continuing Operation Net Minority Interest": "385,830", "Total Unusual Items Excluding Goodwill": "-14,395", "Total Unusual Items": "-14,395", "Tax Rate for Calcs": "0", "Tax Effect of Unusual Items": "-518.22"}}, "bs": {"12/31/2020": {"Duration": "12/31/2020", "Total Assets": "80,873,509", "Total Liabilities Net Minority Interest": "76,010,933", "Total Equity Gross Minority Interest": "4,862,576", "Total Capitalization": "10,144,004", "Common Stock Equity": "4,488,898", "Net Tangible Assets": "4,158,935", "Invested Capital": "11,489,355", "Tangible Book Value": "4,158,935", "Total Debt": "7,000,457", "Net Debt": "6,437,240", "Share Issued": "292,092", "Ordinary Shares Number": "284,643", "Treasury Shares Number": "7,449"}, "12/31/2019": {"Duration": "12/31/2019", "Total Assets": "78,042,336", "Total Liabilities Net Minority Interest": "72,905,322", "Total Equity Gross Minority Interest": "5,137,014", "Total Capitalization": "16,463,155", "Common Stock Equity": "4,700,425", "Net Tangible Assets": "4,354,879", "Invested Capital": "16,463,155", "Tangible Book Value": "4,354,879", "Total Debt": "11,762,730", "Net Debt": "11,284,342", "Share Issued": "287,381", "Ordinary Shares Number": "282,201", "Treasury Shares Number": "5,180"}, "12/31/2018": {"Duration": "12/31/2018", "Total Assets": "68,262,453", "Total Liabilities Net Minority Interest": "63,362,264", "Total Equity Gross Minority Interest": "4,900,189", "Total Capitalization": "15,360,067", "Common Stock Equity": "4,603,432", "Net Tangible Assets": "4,198,553", "Invested Capital": "15,360,067", "Tangible Book Value": "4,198,553", "Total Debt": "10,756,635", "Net Debt": "10,516,811", "Share Issued": "280,840", "Ordinary Shares Number": "275,660", "Treasury Shares Number": "5,180"}}, "cf": {"TTM": {"Duration": "TTM", "Operating Cash Flow": "1,125,582", "Investing Cash Flow": "-1,576,827", "Financing Cash Flow": "-9,564", "End Cash Position": "470,584", "Income Tax Paid Supplemental Data": "11,225", "Interest Paid Supplemental Data": "351,232", "Issuance of Capital Stock": "1,207", "Issuance of Debt": "7,266,687", "Repayment of Debt": "-6,728,245", "Repurchase of Capital Stock": "-4,998", "Free Cash Flow": "1,125,582"}, "12/31/2020": {"Duration": "12/31/2020", "Operating Cash Flow": "1,045,548", "Investing Cash Flow": "-911,805", "Financing Cash Flow": "13,283", "End Cash Position": "722,162", "Income Tax Paid Supplemental Data": "11,369", "Interest Paid Supplemental Data": "379,949", "Issuance of Capital Stock": "1,098", "Issuance of Debt": "7,288,057", "Repayment of Debt": "-6,660,126", "Repurchase of Capital Stock": "-33,828", "Free Cash Flow": "1,045,548"}, "12/31/2019": {"Duration": "12/31/2019", "Operating Cash Flow": "-13,199", "Investing Cash Flow": "-775,868", "Financing Cash Flow": "876,721", "End Cash Position": "574,031", "Income Tax Paid Supplemental Data": "11,284", "Interest Paid Supplemental Data": "481,483", "Issuance of Capital Stock": "767", "Issuance of Debt": "10,351,879", "Repayment of Debt": "-9,044,240", "Repurchase of Capital Stock": "0", "Free Cash Flow": "-13,199"}, "12/31/2018": {"Duration": "12/31/2018", "Operating Cash Flow": "585,470", "Investing Cash Flow": "-2,520,809", "Financing Cash Flow": "2,004,724", "End Cash Position": "487,865", "Income Tax Paid Supplemental Data": "10,900", "Interest Paid Supplemental Data": "337,605", "Issuance of Capital Stock": "608", "Issuance of Debt": "9,515,189", "Repayment of Debt": "-6,771,063", "Repurchase of Capital Stock": "-12,090", "Free Cash Flow": "585,470"}}}}, {"NNN": {"quote": {"05/12/2021": {"value": "44.71", "Market Cap": "7.85B", "Beta (5Y Monthly)": "0.81", "PE Ratio (TTM)": "38.38", "EPS (TTM)": "1.16", "Earnings Date": "Aug 02, 2021 - Aug 06, 2021", "Forward Dividend & Yield": "2.08 (4.40%)", "Ex-Dividend Date": "Apr 29, 2021", "1y Target Est": "49.68"}}, "fin": {"TTM": {"Duration": "TTM", "Total Revenue": "665,396", "Cost of Revenue": "28,452", "Gross Profit": "636,944", "Operating Expense": "237,302", "Operating Income": "399,642", "Net Non Operating Interest Income Expense": "-130,030", "Other Income Expense": "-49,405", "Pretax Income": "220,207", "Tax Provision": "-", "Net Income Common Stockholders": "201,570", "Diluted NI Available to Com Stockholders": "201,579", "Basic EPS": "-", "Diluted EPS": "-", "Basic Average Shares": "-", "Diluted Average Shares": "-", "Total Operating Income as Reported": "371,565", "Rent Expense Supplemental": "78", "Total Expenses": "265,754", "Net Income from Continuing & Discontinued Operation": "220,208", "Normalized Income": "249,851", "Interest Income": "318", "Interest Expense": "130,348", "Net Interest Income": "-130,030", "EBIT": "350,555", "EBITDA": "547,970", "Reconciled Cost of Revenue": "28,452", "Reconciled Depreciation": "197,415", "Net Income from Continuing Operation Net Minority Interest": "220,208", "Total Unusual Items Excluding Goodwill": "-49,405", "Total Unusual Items": "-49,405", "Normalized EBITDA": "597,375", "Tax Rate for Calcs": "0", "Tax Effect of Unusual Items": "-19,762"}, "12/31/2020": {"Duration": "12/31/2020", "Total Revenue": "660,681", "Cost of Revenue": "28,362", "Gross Profit": "632,319", "Operating Expense": "234,860", "Operating Income": "397,459", "Net Non Operating Interest Income Expense": "-129,014", "Other Income Expense": "-39,649", "Pretax Income": "228,796", "Tax Provision": "-", "Net Income Common Stockholders": "210,161", "Diluted NI Available to Com Stockholders": "210,161", "Basic EPS": "-", "Diluted EPS": "-", "Basic Average Shares": "-", "Diluted Average Shares": "-", "Total Operating Income as Reported": "374,489", "Rent Expense Supplemental": "76", "Total Expenses": "263,222", "Net Income from Continuing & Discontinued Operation": "228,799", "Normalized Income": "257,743", "Interest Income": "417", "Interest Expense": "129,431", "Net Interest Income": "-129,014", "EBIT": "358,227", "EBITDA": "-", "Reconciled Cost of Revenue": "28,362", "Reconciled Depreciation": "196,623", "Net Income from Continuing Operation Net Minority Interest": "228,799", "Total Unusual Items Excluding Goodwill": "-39,649", "Total Unusual Items": "-39,649", "Normalized EBITDA": "594,499", "Tax Rate for Calcs": "0", "Tax Effect of Unusual Items": "-10,705"}, "12/31/2019": {"Duration": "12/31/2019", "Total Revenue": "670,487", "Cost of Revenue": "27,656", "Gross Profit": "642,831", "Operating Expense": "226,783", "Operating Income": "416,048", "Net Non Operating Interest Income Expense": "-116,911", "Other Income Expense": "471", "Pretax Income": "299,608", "Tax Provision": "-", "Net Income Common Stockholders": "257,582", "Diluted NI Available to Com Stockholders": "257,582", "Basic EPS": "1.56", "Diluted EPS": "1.56", "Basic Average Shares": "164,688", "Diluted Average Shares": "165,084", "Total Operating Income as Reported": "416,780", "Rent Expense Supplemental": "261", "Total Expenses": "254,439", "Net Income from Continuing & Discontinued Operation": "299,180", "Normalized Income": "298,836", "Interest Income": "3,112", "Interest Expense": "120,023", "Net Interest Income": "-116,911", "EBIT": "419,631", "EBITDA": "-", "Reconciled Cost of Revenue": "27,656", "Reconciled Depreciation": "188,871", "Net Income from Continuing Operation Net Minority Interest": "299,180", "Total Unusual Items Excluding Goodwill": "471", "Total Unusual Items": "471", "Normalized EBITDA": "608,031", "Tax Rate for Calcs": "0", "Tax Effect of Unusual Items": "127.17"}, "12/31/2018": {"Duration": "12/31/2018", "Total Revenue": "622,661", "Cost of Revenue": "25,099", "Gross Profit": "597,562", "Operating Expense": "208,646", "Operating Income": "388,916", "Net Non Operating Interest Income Expense": "-114,037", "Other Income Expense": "17,606", "Pretax Income": "292,485", "Tax Provision": "-", "Net Income Common Stockholders": "257,572", "Diluted NI Available to Com Stockholders": "257,572", "Basic EPS": "1.65", "Diluted EPS": "1.65", "Basic Average Shares": "155,745", "Diluted Average Shares": "156,296", "Total Operating Income as Reported": "424,762", "Rent Expense Supplemental": "-", "Total Expenses": "233,745", "Net Income from Continuing & Discontinued Operation": "292,447", "Normalized Income": "279,595", "Interest Income": "1,810", "Interest Expense": "115,847", "Net Interest Income": "-114,037", "EBIT": "408,332", "EBITDA": "-", "Reconciled Cost of Revenue": "25,099", "Reconciled Depreciation": "174,398", "Net Income from Continuing Operation Net Minority Interest": "292,447", "Total Unusual Items Excluding Goodwill": "17,606", "Total Unusual Items": "17,606", "Normalized EBITDA": "565,124", "Tax Rate for Calcs": "0", "Tax Effect of Unusual Items": "4,754"}}, "bs": {"12/31/2020": {"Duration": "12/31/2020", "Total Assets": "7,637,844", "Total Liabilities Net Minority Interest": "3,318,540", "Total Equity Gross Minority Interest": "4,319,304", "Total Capitalization": "7,540,222", "Preferred Stock Equity": "345,000", "Common Stock Equity": "3,974,300", "Net Tangible Assets": "4,249,761", "Working Capital": "313,719", "Invested Capital": "7,195,222", "Tangible Book Value": "3,904,761", "Total Debt": "3,220,922", "Net Debt": "2,953,686", "Share Issued": "175,233", "Ordinary Shares Number": "175,233", "Preferred Shares Number": "13,800"}, "12/31/2019": {"Duration": "12/31/2019", "Total Assets": "7,434,867", "Total Liabilities Net Minority Interest": "3,103,185", "Total Equity Gross Minority Interest": "4,331,682", "Total Capitalization": "7,186,432", "Preferred Stock Equity": "345,000", "Common Stock Equity": "3,986,675", "Net Tangible Assets": "4,255,258", "Working Capital": "-109,174", "Invested Capital": "6,975,032", "Tangible Book Value": "3,910,258", "Total Debt": "2,988,357", "Net Debt": "2,987,245", "Share Issued": "171,694", "Ordinary Shares Number": "171,694", "Preferred Shares Number": "13,800"}, "12/31/2018": {"Duration": "12/31/2018", "Total Assets": "7,103,438", "Total Liabilities Net Minority Interest": "2,948,833", "Total Equity Gross Minority Interest": "4,154,605", "Total Capitalization": "7,005,645", "Preferred Stock Equity": "632,500", "Common Stock Equity": "3,521,750", "Net Tangible Assets": "4,104,240", "Working Capital": "141,619", "Invested Capital": "6,373,145", "Tangible Book Value": "3,471,740", "Total Debt": "2,851,395", "Net Debt": "2,737,128", "Share Issued": "161,504", "Ordinary Shares Number": "161,504", "Preferred Shares Number": "25,300"}}, "cf": {"TTM": {"Duration": "TTM", "Operating Cash Flow": "483,280", "Investing Cash Flow": "-200,674", "Financing Cash Flow": "-188,758", "End Cash Position": "311,231", "Interest Paid Supplemental Data": "117,998", "Issuance of Capital Stock": "127,674", "Issuance of Debt": "441,594", "Repayment of Debt": "-350,605", "Repurchase of Capital Stock": "-", "Free Cash Flow": "483,280"}, "12/31/2020": {"Duration": "12/31/2020", "Operating Cash Flow": "450,194", "Investing Cash Flow": "-142,816", "Financing Cash Flow": "-41,254", "End Cash Position": "267,236", "Interest Paid Supplemental Data": "119,408", "Issuance of Capital Stock": "126,488", "Issuance of Debt": "1,003,646", "Repayment of Debt": "-770,196", "Repurchase of Capital Stock": "0", "Free Cash Flow": "450,194"}, "12/31/2019": {"Duration": "12/31/2019", "Operating Cash Flow": "501,727", "Investing Cash Flow": "-619,408", "Financing Cash Flow": "4,526", "End Cash Position": "1,112", "Interest Paid Supplemental Data": "115,700", "Issuance of Capital Stock": "542,280", "Issuance of Debt": "829,200", "Repayment of Debt": "-696,167", "Repurchase of Capital Stock": "-287,500", "Free Cash Flow": "501,727"}, "12/31/2018": {"Duration": "12/31/2018", "Operating Cash Flow": "471,909", "Investing Cash Flow": "-609,371", "Financing Cash Flow": "250,365", "End Cash Position": "114,267", "Interest Paid Supplemental Data": "107,861", "Issuance of Capital Stock": "345,324", "Issuance of Debt": "2,292,413", "Repayment of Debt": "-2,020,538", "Repurchase of Capital Stock": "0", "Free Cash Flow": "471,909"}}}}, {"PMT": {"quote": {"05/12/2021": {"value": "18.57", "Market Cap": "1.819B", "Beta (5Y Monthly)": "1.15", "PE Ratio (TTM)": "2.65", "EPS (TTM)": "7.01", "Earnings Date": "Aug 04, 2021 - Aug 09, 2021", "Forward Dividend & Yield": "1.88 (9.85%)", "Ex-Dividend Date": "Apr 14, 2021", "1y Target Est": "20.11"}}, "fin": {"TTM": {"Duration": "TTM", "Total Revenue": "784,136", "Non Interest Expense": "28,953", "Other Non Operating Income Expenses": "-", "Pretax Income": "755,183", "Tax Provision": "36,534", "Net Income Common Stockholders": "693,474", "Average Dilution Earnings": "-", "Diluted NI Available to Com Stockholders": "693,474", "Basic EPS": "-", "Diluted EPS": "-", "Basic Average Shares": "-", "Diluted Average Shares": "-", "INTEREST_INCOME_AFTER_PROVISION_FOR_LOAN_LOSS": "-66,011", "Net Income from Continuing & Discontinued Operation": "718,649", "Normalized Income": "712,682", "Total Money Market Investments": "-", "Reconciled Depreciation": "383,731", "Net Income from Continuing Operation Net Minority Interest": "718,649", "Total Unusual Items Excluding Goodwill": "6,270", "Total Unusual Items": "6,270", "Tax Rate for Calcs": "0", "Tax Effect of Unusual Items": "303.328"}, "12/31/2020": {"Duration": "12/31/2020", "Total Revenue": "106,708", "Non Interest Expense": "26,978", "Other Non Operating Income Expenses": "-1,630", "Pretax Income": "79,730", "Tax Provision": "27,357", "Net Income Common Stockholders": "27,148", "Average Dilution Earnings": "0", "Diluted NI Available to Com Stockholders": "27,148", "Basic EPS": "0.27", "Diluted EPS": "0.27", "Basic Average Shares": "99,373", "Diluted Average Shares": "99,373", "INTEREST_INCOME_AFTER_PROVISION_FOR_LOAN_LOSS": "-48,635", "Net Income from Continuing & Discontinued Operation": "52,373", "Normalized Income": "48,782", "Total Money Market Investments": "7,012", "Reconciled Depreciation": "-", "Net Income from Continuing Operation Net Minority Interest": "52,373", "Total Unusual Items Excluding Goodwill": "5,465", "Total Unusual Items": "5,465", "Tax Rate for Calcs": "0", "Tax Effect of Unusual Items": "1,874"}, "12/31/2019": {"Duration": "12/31/2019", "Total Revenue": "220,659", "Non Interest Expense": "30,018", "Other Non Operating Income Expenses": "-4,273", "Pretax Income": "190,641", "Tax Provision": "-35,716", "Net Income Common Stockholders": "200,853", "Average Dilution Earnings": "11,827", "Diluted NI Available to Com Stockholders": "212,680", "Basic EPS": "2.54", "Diluted EPS": "2.42", "Basic Average Shares": "78,990", "Diluted Average Shares": "87,711", "INTEREST_INCOME_AFTER_PROVISION_FOR_LOAN_LOSS": "20,439", "Net Income from Continuing & Discontinued Operation": "226,357", "Normalized Income": "225,794", "Total Money Market Investments": "34,229", "Reconciled Depreciation": "383,731", "Net Income from Continuing Operation Net Minority Interest": "226,357", "Total Unusual Items Excluding Goodwill": "771", "Total Unusual Items": "771", "Tax Rate for Calcs": "0", "Tax Effect of Unusual Items": "208.17"}, "12/31/2018": {"Duration": "12/31/2018", "Total Revenue": "187,271", "Non Interest Expense": "29,283", "Other Non Operating Income Expenses": "-825", "Pretax Income": "157,988", "Tax Provision": "5,190", "Net Income Common Stockholders": "127,110", "Average Dilution Earnings": "10,637", "Diluted NI Available to Com Stockholders": "137,747", "Basic EPS": "2.09", "Diluted EPS": "1.99", "Basic Average Shares": "60,898", "Diluted Average Shares": "69,365", "INTEREST_INCOME_AFTER_PROVISION_FOR_LOAN_LOSS": "47,601", "Net Income from Continuing & Discontinued Operation": "152,798", "Normalized Income": "161,294", "Total Money Market Investments": "15,441", "Reconciled Depreciation": "94,330", "Net Income from Continuing Operation Net Minority Interest": "152,798", "Total Unusual Items Excluding Goodwill": "-8,786", "Total Unusual Items": "-8,786", "Tax Rate for Calcs": "0", "Tax Effect of Unusual Items": "-289.938"}}, "bs": {"12/31/2020": {"Duration": "12/31/2020", "Total Assets": "11,492,011", "Total Liabilities Net Minority Interest": "9,195,152", "Total Equity Gross Minority Interest": "2,296,859", "Total Capitalization": "4,570,231", "Preferred Stock Equity": "299,707", "Common Stock Equity": "1,997,152", "Net Tangible Assets": "2,284,528", "Invested Capital": "4,270,524", "Tangible Book Value": "1,984,821", "Total Debt": "2,273,372", "Net Debt": "2,215,668", "Share Issued": "97,863", "Ordinary Shares Number": "97,863", "Preferred Shares Number": "12,400"}, "12/31/2019": {"Duration": "12/31/2019", "Total Assets": "11,771,351", "Total Liabilities Net Minority Interest": "9,320,436", "Total Equity Gross Minority Interest": "2,450,915", "Total Capitalization": "4,834,076", "Preferred Stock Equity": "299,707", "Common Stock Equity": "2,151,208", "Net Tangible Assets": "2,425,861", "Invested Capital": "4,534,369", "Tangible Book Value": "2,126,154", "Total Debt": "2,383,161", "Net Debt": "2,279,105", "Share Issued": "100,182", "Ordinary Shares Number": "100,182", "Preferred Shares Number": "12,400"}, "12/31/2018": {"Duration": "12/31/2018", "Total Assets": "7,813,361", "Total Liabilities Net Minority Interest": "6,247,229", "Total Equity Gross Minority Interest": "1,566,132", "Total Capitalization": "2,715,193", "Preferred Stock Equity": "299,707", "Common Stock Equity": "1,266,425", "Net Tangible Assets": "1,543,345", "Invested Capital": "2,415,486", "Tangible Book Value": "1,243,638", "Total Debt": "1,149,061", "Net Debt": "1,089,216", "Share Issued": "60,951", "Ordinary Shares Number": "60,951", "Preferred Shares Number": "12,400"}}, "cf": {"TTM": {"Duration": "TTM", "Operating Cash Flow": "-", "Investing Cash Flow": "-", "Financing Cash Flow": "-", "End Cash Position": "-", "Capital Expenditure": "-", "Issuance of Capital Stock": "-", "Issuance of Debt": "-", "Repayment of Debt": "-", "Repurchase of Capital Stock": "-", "Free Cash Flow": "-"}, "12/31/2020": {"Duration": "12/31/2020", "Operating Cash Flow": "671,656", "Investing Cash Flow": "-15,367", "Financing Cash Flow": "-702,641", "End Cash Position": "57,704", "Capital Expenditure": "-", "Issuance of Capital Stock": "5,654", "Issuance of Debt": "6,009,029", "Repayment of Debt": "-6,120,322", "Repurchase of Capital Stock": "-37,267", "Free Cash Flow": "671,656"}, "12/31/2019": {"Duration": "12/31/2019", "Operating Cash Flow": "-2,985,074", "Investing Cash Flow": "-704,677", "Financing Cash Flow": "3,733,962", "End Cash Position": "104,056", "Capital Expenditure": "-", "Issuance of Capital Stock": "839,682", "Issuance of Debt": "6,344,078", "Repayment of Debt": "-5,103,295", "Repurchase of Capital Stock": "0", "Free Cash Flow": "-2,985,074"}, "12/31/2018": {"Duration": "12/31/2018", "Operating Cash Flow": "-573,752", "Investing Cash Flow": "-1,424,292", "Financing Cash Flow": "1,980,242", "End Cash Position": "59,845", "Capital Expenditure": "-", "Issuance of Capital Stock": "0", "Issuance of Debt": "8,009,680", "Repayment of Debt": "-7,447,389", "Repurchase of Capital Stock": "-10,719", "Free Cash Flow": "-573,752"}}}}, {"RWT": {"quote": {"05/12/2021": {"value": "10.36", "Market Cap": "1.171B", "Beta (5Y Monthly)": "1.00", "PE Ratio (TTM)": "2.70", "EPS (TTM)": "3.83", "Earnings Date": "Jul 28, 2021 - Aug 02, 2021", "Forward Dividend & Yield": "0.64 (5.96%)", "Ex-Dividend Date": "Mar 23, 2021", "1y Target Est": "12.71"}}, "fin": {"TTM": {"Duration": "TTM", "Total Revenue": "649,918", "Credit Losses Provision": "-", "Non Interest Expense": "151,290", "Income from Associates & Other Participating Interests": "189", "Special Income Charges": "-10,845", "Pretax Income": "487,972", "Tax Provision": "29,164", "Net Income Common Stockholders": "458,808", "Average Dilution Earnings": "-", "Diluted NI Available to Com Stockholders": "464,073", "Basic EPS": "-", "Diluted EPS": "-", "Basic Average Shares": "-", "Diluted Average Shares": "-", "INTEREST_INCOME_AFTER_PROVISION_FOR_LOAN_LOSS": "98,254", "Net Income from Continuing & Discontinued Operation": "458,808", "Normalized Income": "469,005", "Reconciled Depreciation": "16,860", "Net Income from Continuing Operation Net Minority Interest": "458,808", "Total Unusual Items Excluding Goodwill": "-10,845", "Total Unusual Items": "-10,845", "Tax Rate for Calcs": "0", "Tax Effect of Unusual Items": "-648.1593"}, "12/31/2020": {"Duration": "12/31/2020", "Total Revenue": "-352,480", "Credit Losses Provision": "-", "Non Interest Expense": "135,065", "Income from Associates & Other Participating Interests": "1,037", "Special Income Charges": "-99,947", "Pretax Income": "-586,455", "Tax Provision": "-4,608", "Net Income Common Stockholders": "-581,847", "Average Dilution Earnings": "-", "Diluted NI Available to Com Stockholders": "-581,847", "Basic EPS": "-5.19", "Diluted EPS": "-5.19", "Basic Average Shares": "112,090", "Diluted Average Shares": "113,936", "INTEREST_INCOME_AFTER_PROVISION_FOR_LOAN_LOSS": "123,911", "Net Income from Continuing & Discontinued Operation": "-581,847", "Normalized Income": "-482,700", "Reconciled Depreciation": "17,365", "Net Income from Continuing Operation Net Minority Interest": "-581,847", "Total Unusual Items Excluding Goodwill": "-99,947", "Total Unusual Items": "-99,947", "Tax Rate for Calcs": "0", "Tax Effect of Unusual Items": "-799.576"}, "12/31/2019": {"Duration": "12/31/2019", "Total Revenue": "304,471", "Credit Losses Provision": "-", "Non Interest Expense": "128,477", "Income from Associates & Other Participating Interests": "3,846", "Special Income Charges": "-3,217", "Pretax Income": "176,623", "Tax Provision": "7,440", "Net Income Common Stockholders": "169,183", "Average Dilution Earnings": "-", "Diluted NI Available to Com Stockholders": "200,122", "Basic EPS": "1.46", "Diluted EPS": "1.46", "Basic Average Shares": "136,781", "Diluted Average Shares": "136,781", "INTEREST_INCOME_AFTER_PROVISION_FOR_LOAN_LOSS": "142,473", "Net Income from Continuing & Discontinued Operation": "169,183", "Normalized Income": "172,265", "Reconciled Depreciation": "10,133", "Net Income from Continuing Operation Net Minority Interest": "169,183", "Total Unusual Items Excluding Goodwill": "-3,217", "Total Unusual Items": "-3,217", "Tax Rate for Calcs": "0", "Tax Effect of Unusual Items": "-135.114"}, "12/31/2018": {"Duration": "12/31/2018", "Total Revenue": "213,029", "Credit Losses Provision": "0", "Non Interest Expense": "82,782", "Income from Associates & Other Participating Interests": "441", "Special Income Charges": "0", "Pretax Income": "130,688", "Tax Provision": "11,088", "Net Income Common Stockholders": "119,600", "Average Dilution Earnings": "32,124", "Diluted NI Available to Com Stockholders": "147,970", "Basic EPS": "1.41", "Diluted EPS": "1.34", "Basic Average Shares": "84,884", "Diluted Average Shares": "110,028", "INTEREST_INCOME_AFTER_PROVISION_FOR_LOAN_LOSS": "139,678", "Net Income from Continuing & Discontinued Operation": "119,600", "Normalized Income": "119,600", "Reconciled Depreciation": "1,308", "Net Income from Continuing Operation Net Minority Interest": "119,600", "Total Unusual Items Excluding Goodwill": "0", "Total Unusual Items": "0", "Tax Rate for Calcs": "0", "Tax Effect of Unusual Items": "0"}}, "bs": {"12/31/2020": {"Duration": "12/31/2020", "Total Assets": "10,355,066", "Total Liabilities Net Minority Interest": "9,244,167", "Total Equity Gross Minority Interest": "1,110,899", "Total Capitalization": "9,637,045", "Common Stock Equity": "1,110,899", "Capital Lease Obligations": "16,687", "Net Tangible Assets": "1,054,034", "Invested Capital": "10,081,879", "Tangible Book Value": "1,054,034", "Total Debt": "8,987,667", "Net Debt": "8,509,720", "Share Issued": "112,090", "Ordinary Shares Number": "112,090"}, "12/31/2019": {"Duration": "12/31/2019", "Total Assets": "17,995,440", "Total Liabilities Net Minority Interest": "16,168,209", "Total Equity Gross Minority Interest": "1,827,231", "Total Capitalization": "15,295,978", "Common Stock Equity": "1,827,231", "Capital Lease Obligations": "13,443", "Net Tangible Assets": "1,665,767", "Invested Capital": "16,448,544", "Tangible Book Value": "1,665,767", "Total Debt": "14,634,756", "Net Debt": "14,424,347", "Share Issued": "114,353", "Ordinary Shares Number": "114,353"}, "12/31/2018": {"Duration": "12/31/2018", "Total Assets": "11,937,406", "Total Liabilities Net Minority Interest": "10,588,612", "Total Equity Gross Minority Interest": "1,348,794", "Total Capitalization": "9,331,025", "Common Stock Equity": "1,348,794", "Capital Lease Obligations": "-", "Net Tangible Assets": "1,348,794", "Invested Capital": "10,742,414", "Tangible Book Value": "1,348,794", "Total Debt": "9,393,620", "Net Debt": "9,217,856", "Share Issued": "84,884", "Ordinary Shares Number": "84,884"}}, "cf": {"TTM": {"Duration": "TTM", "Operating Cash Flow": "-1,230,226", "Investing Cash Flow": "3,742,440", "Financing Cash Flow": "-2,394,405", "End Cash Position": "521,794", "Income Tax Paid Supplemental Data": "1,088", "Interest Paid Supplemental Data": "384,443", "Capital Expenditure": "-", "Issuance of Capital Stock": "3,734", "Issuance of Debt": "8,207,408", "Repayment of Debt": "-10,468,805", "Repurchase of Capital Stock": "-", "Free Cash Flow": "-1,230,226"}, "12/31/2020": {"Duration": "12/31/2020", "Operating Cash Flow": "-505,467", "Investing Cash Flow": "4,070,414", "Financing Cash Flow": "-3,311,330", "End Cash Position": "544,450", "Income Tax Paid Supplemental Data": "1,190", "Interest Paid Supplemental Data": "456,147", "Capital Expenditure": "-", "Issuance of Capital Stock": "5,881", "Issuance of Debt": "8,655,129", "Repayment of Debt": "-11,771,776", "Repurchase of Capital Stock": "-21,659", "Free Cash Flow": "-505,467"}, "12/31/2019": {"Duration": "12/31/2019", "Operating Cash Flow": "-1,165,577", "Investing Cash Flow": "1,025,862", "Financing Cash Flow": "225,471", "End Cash Position": "290,833", "Income Tax Paid Supplemental Data": "7,963", "Interest Paid Supplemental Data": "452,216", "Capital Expenditure": "-", "Issuance of Capital Stock": "450,710", "Issuance of Debt": "8,236,745", "Repayment of Debt": "-8,317,933", "Repurchase of Capital Stock": "0", "Free Cash Flow": "-1,165,577"}, "12/31/2018": {"Duration": "12/31/2018", "Operating Cash Flow": "-1,611,733", "Investing Cash Flow": "-12,752", "Financing Cash Flow": "1,682,755", "End Cash Position": "205,077", "Income Tax Paid Supplemental Data": "10,594", "Interest Paid Supplemental Data": "207,014", "Capital Expenditure": "-25,489", "Issuance of Capital Stock": "142,601", "Issuance of Debt": "8,833,813", "Repayment of Debt": "-7,170,435", "Repurchase of Capital Stock": "-16,315", "Free Cash Flow": "-1,637,222"}}}}, {"OLP": {"quote": {"05/12/2021": {"value": "23.94", "Market Cap": "496.329M", "Beta (5Y Monthly)": "1.45", "PE Ratio (TTM)": "22.42", "EPS (TTM)": "1.07", "Earnings Date": "Aug 04, 2021 - Aug 09, 2021", "Forward Dividend & Yield": "1.80 (7.34%)", "Ex-Dividend Date": "Mar 23, 2021", "1y Target Est": "25.00"}}, "fin": {"TTM": {"Duration": "TTM", "Total Revenue": "81,480", "Cost of Revenue": "13,978", "Gross Profit": "67,502", "Operating Expense": "37,329", "Operating Income": "30,173", "Net Non Operating Interest Income Expense": "-20,013", "Other Income Expense": "12,379", "Pretax Income": "22,539", "Net Income Common Stockholders": "21,280", "Diluted NI Available to Com Stockholders": "21,280", "Basic EPS": "-", "Diluted EPS": "-", "Basic Average Shares": "-", "Diluted Average Shares": "-", "Total Operating Income as Reported": "42,771", "Rent Expense Supplemental": "-", "Total Expenses": "51,307", "Net Income from Continuing & Discontinued Operation": "22,543", "Normalized Income": "15,484", "Interest Expense": "19,067", "Net Interest Income": "-20,013", "EBIT": "41,606", "EBITDA": "64,653", "Reconciled Cost of Revenue": "14,800", "Reconciled Depreciation": "22,225", "Net Income from Continuing Operation Net Minority Interest": "22,543", "Total Unusual Items Excluding Goodwill": "11,765", "Total Unusual Items": "11,765", "Normalized EBITDA": "52,888", "Tax Rate for Calcs": "0", "Tax Effect of Unusual Items": "4,706"}, "12/31/2020": {"Duration": "12/31/2020", "Total Revenue": "81,903", "Cost of Revenue": "13,634", "Gross Profit": "68,269", "Operating Expense": "36,945", "Operating Income": "31,324", "Net Non Operating Interest Income Expense": "-20,293", "Other Income Expense": "16,382", "Pretax Income": "27,413", "Net Income Common Stockholders": "26,144", "Diluted NI Available to Com Stockholders": "26,144", "Basic EPS": "-", "Diluted EPS": "-", "Basic Average Shares": "-", "Diluted Average Shares": "-", "Total Operating Income as Reported": "48,174", "Rent Expense Supplemental": "-", "Total Expenses": "50,579", "Net Income from Continuing & Discontinued Operation": "27,407", "Normalized Income": "15,838", "Interest Expense": "19,317", "Net Interest Income": "-20,293", "EBIT": "46,730", "EBITDA": "-", "Reconciled Cost of Revenue": "14,414", "Reconciled Depreciation": "22,184", "Net Income from Continuing Operation Net Minority Interest": "27,407", "Total Unusual Items Excluding Goodwill": "15,848", "Total Unusual Items": "15,848", "Normalized EBITDA": "53,846", "Tax Rate for Calcs": "0", "Tax Effect of Unusual Items": "4,279"}, "12/31/2019": {"Duration": "12/31/2019", "Total Revenue": "84,736", "Cost of Revenue": "14,074", "Gross Profit": "70,662", "Operating Expense": "34,816", "Operating Income": "35,846", "Net Non Operating Interest Income Expense": "-20,826", "Other Income Expense": "3,524", "Pretax Income": "18,544", "Net Income Common Stockholders": "16,784", "Diluted NI Available to Com Stockholders": "16,784", "Basic EPS": "0.94", "Diluted EPS": "0.88", "Basic Average Shares": "19,090", "Diluted Average Shares": "19,119", "Total Operating Income as Reported": "40,173", "Rent Expense Supplemental": "-", "Total Expenses": "48,890", "Net Income from Continuing & Discontinued Operation": "18,011", "Normalized Income": "15,456", "Interest Expense": "19,831", "Net Interest Income": "-20,826", "EBIT": "38,375", "EBITDA": "-", "Reconciled Cost of Revenue": "14,988", "Reconciled Depreciation": "21,112", "Net Income from Continuing Operation Net Minority Interest": "18,011", "Total Unusual Items Excluding Goodwill": "3,500", "Total Unusual Items": "3,500", "Normalized EBITDA": "56,901", "Tax Rate for Calcs": "0", "Tax Effect of Unusual Items": "945"}, "12/31/2018": {"Duration": "12/31/2018", "Total Revenue": "79,126", "Cost of Revenue": "11,596", "Gross Profit": "67,530", "Operating Expense": "36,462", "Operating Income": "31,068", "Net Non Operating Interest Income Expense": "-18,847", "Other Income Expense": "9,343", "Pretax Income": "21,564", "Net Income Common Stockholders": "19,492", "Diluted NI Available to Com Stockholders": "19,492", "Basic EPS": "1.11", "Diluted EPS": "1.05", "Basic Average Shares": "18,575", "Diluted Average Shares": "18,588", "Total Operating Income as Reported": "36,330", "Rent Expense Supplemental": "308", "Total Expenses": "48,058", "Net Income from Continuing & Discontinued Operation": "20,665", "Normalized Income": "15,322", "Interest Expense": "17,862", "Net Interest Income": "-18,847", "EBIT": "39,426", "EBITDA": "-", "Reconciled Cost of Revenue": "13,445", "Reconciled Depreciation": "22,306", "Net Income from Continuing Operation Net Minority Interest": "20,665", "Total Unusual Items Excluding Goodwill": "7,319", "Total Unusual Items": "7,319", "Normalized EBITDA": "56,262", "Tax Rate for Calcs": "0", "Tax Effect of Unusual Items": "1,976"}}, "bs": {"12/31/2020": {"Duration": "12/31/2020", "Total Assets": "776,137", "Total Liabilities Net Minority Interest": "484,177", "Total Equity Gross Minority Interest": "291,960", "Total Capitalization": "720,471", "Common Stock Equity": "290,767", "Capital Lease Obligations": "11,189", "Net Tangible Assets": "266,064", "Working Capital": "5,526", "Invested Capital": "732,996", "Tangible Book Value": "266,064", "Total Debt": "453,418", "Net Debt": "429,524", "Share Issued": "19,878", "Ordinary Shares Number": "19,878", "Preferred Shares Number": "-"}, "12/31/2019": {"Duration": "12/31/2019", "Total Assets": "774,629", "Total Liabilities Net Minority Interest": "482,645", "Total Equity Gross Minority Interest": "291,984", "Total Capitalization": "726,603", "Common Stock Equity": "290,763", "Capital Lease Obligations": "12,421", "Net Tangible Assets": "264,695", "Working Capital": "2,581", "Invested Capital": "737,434", "Tangible Book Value": "264,695", "Total Debt": "459,092", "Net Debt": "435,637", "Share Issued": "19,251", "Ordinary Shares Number": "19,251", "Preferred Shares Number": "-"}, "12/31/2018": {"Duration": "12/31/2018", "Total Assets": "780,912", "Total Liabilities Net Minority Interest": "482,317", "Total Equity Gross Minority Interest": "298,595", "Total Capitalization": "715,944", "Common Stock Equity": "297,146", "Capital Lease Obligations": "14,013", "Net Tangible Assets": "270,605", "Working Capital": "-11,451", "Invested Capital": "745,632", "Tangible Book Value": "270,605", "Total Debt": "462,499", "Net Debt": "433,282", "Share Issued": "18,736", "Ordinary Shares Number": "18,736", "Preferred Shares Number": "-"}}, "cf": {"TTM": {"Duration": "TTM", "Operating Cash Flow": "36,528", "Investing Cash Flow": "21,211", "Financing Cash Flow": "-68,124", "End Cash Position": "12,021", "Income Tax Paid Supplemental Data": "-", "Interest Paid Supplemental Data": "19,982", "Capital Expenditure": "-", "Issuance of Capital Stock": "-", "Issuance of Debt": "2,500", "Repayment of Debt": "-41,702", "Free Cash Flow": "36,528"}, "12/31/2020": {"Duration": "12/31/2020", "Operating Cash Flow": "35,126", "Investing Cash Flow": "333", "Financing Cash Flow": "-33,863", "End Cash Position": "13,564", "Income Tax Paid Supplemental Data": "-", "Interest Paid Supplemental Data": "20,213", "Capital Expenditure": "-", "Issuance of Capital Stock": "0", "Issuance of Debt": "59,700", "Repayment of Debt": "-64,929", "Free Cash Flow": "35,126"}, "12/31/2019": {"Duration": "12/31/2019", "Operating Cash Flow": "36,232", "Investing Cash Flow": "-12,925", "Financing Cash Flow": "-28,072", "End Cash Position": "11,968", "Income Tax Paid Supplemental Data": "-", "Interest Paid Supplemental Data": "19,976", "Capital Expenditure": "-", "Issuance of Capital Stock": "5,200", "Issuance of Debt": "104,860", "Repayment of Debt": "-106,228", "Free Cash Flow": "36,232"}, "12/31/2018": {"Duration": "12/31/2018", "Operating Cash Flow": "42,646", "Investing Cash Flow": "-59,661", "Financing Cash Flow": "19,080", "End Cash Position": "16,733", "Income Tax Paid Supplemental Data": "-", "Interest Paid Supplemental Data": "17,783", "Capital Expenditure": "-", "Issuance of Capital Stock": "3,138", "Issuance of Debt": "136,233", "Repayment of Debt": "-89,483", "Free Cash Flow": "42,646"}}}}, {"LXP": {"quote": {"05/12/2021": {"value": "11.88", "Market Cap": "3.44B", "Beta (5Y Monthly)": "0.63", "PE Ratio (TTM)": "16.25", "EPS (TTM)": "0.73", "Earnings Date": "Aug 04, 2021 - Aug 09, 2021", "Forward Dividend & Yield": "0.43 (3.57%)", "Ex-Dividend Date": "Mar 30, 2021", "1y Target Est": "12.30"}}, "fin": {"TTM": {"Duration": "TTM", "Total Revenue": "342,178", "Cost of Revenue": "205,831", "Gross Profit": "136,347", "Operating Expense": "30,966", "Operating Income": "105,381", "Net Non Operating Interest Income Expense": "-51,892", "Other Income Expense": "157,782", "Pretax Income": "211,271", "Tax Provision": "1,303", "Earnings from Equity Interest Net of Tax": "-522", "Net Income Common Stockholders": "199,653", "Average Dilution Earnings": "133", "Diluted NI Available to Com Stockholders": "199,786", "Basic EPS": "-", "Diluted EPS": "-", "Basic Average Shares": "-", "Diluted Average Shares": "-", "Total Expenses": "236,797", "Net Income from Continuing & Discontinued Operation": "206,190", "Normalized Income": "50,405", "Interest Expense": "51,892", "Net Interest Income": "-51,892", "EBIT": "263,163", "EBITDA": "263,163", "Reconciled Cost of Revenue": "205,831", "Reconciled Depreciation": "-", "Net Income from Continuing Operation Net Minority Interest": "206,190", "Total Unusual Items Excluding Goodwill": "156,752", "Total Unusual Items": "156,752", "Normalized EBITDA": "106,411", "Tax Rate for Calcs": "0", "Tax Effect of Unusual Items": "966.7577"}, "12/31/2020": {"Duration": "12/31/2020", "Total Revenue": "330,448", "Cost of Revenue": "203,506", "Gross Profit": "126,942", "Operating Expense": "30,371", "Operating Income": "96,571", "Net Non Operating Interest Income Expense": "-55,201", "Other Income Expense": "146,774", "Pretax Income": "188,144", "Tax Provision": "1,584", "Earnings from Equity Interest Net of Tax": "-169", "Net Income Common Stockholders": "176,788", "Average Dilution Earnings": "0", "Diluted NI Available to Com Stockholders": "176,788", "Basic EPS": "0.66", "Diluted EPS": "0.66", "Basic Average Shares": "266,915", "Diluted Average Shares": "268,183", "Total Expenses": "233,877", "Net Income from Continuing & Discontinued Operation": "183,302", "Normalized Income": "38,500", "Interest Expense": "55,201", "Net Interest Income": "-55,201", "EBIT": "243,345", "EBITDA": "-", "Reconciled Cost of Revenue": "203,506", "Reconciled Depreciation": "168,023", "Net Income from Continuing Operation Net Minority Interest": "183,302", "Total Unusual Items Excluding Goodwill": "146,031", "Total Unusual Items": "146,031", "Normalized EBITDA": "265,337", "Tax Rate for Calcs": "0", "Tax Effect of Unusual Items": "1,229"}, "12/31/2019": {"Duration": "12/31/2019", "Total Revenue": "325,969", "Cost of Revenue": "189,612", "Gross Profit": "136,357", "Operating Expense": "30,785", "Operating Income": "105,572", "Net Non Operating Interest Income Expense": "-65,095", "Other Income Expense": "243,305", "Pretax Income": "283,782", "Tax Provision": "1,379", "Earnings from Equity Interest Net of Tax": "2,890", "Net Income Common Stockholders": "273,225", "Average Dilution Earnings": "-", "Diluted NI Available to Com Stockholders": "273,225", "Basic EPS": "1.15", "Diluted EPS": "1.15", "Basic Average Shares": "237,642", "Diluted Average Shares": "237,935", "Total Expenses": "220,397", "Net Income from Continuing & Discontinued Operation": "279,910", "Normalized Income": "40,038", "Interest Expense": "65,095", "Net Interest Income": "-65,095", "EBIT": "348,877", "EBITDA": "-", "Reconciled Cost of Revenue": "189,612", "Reconciled Depreciation": "154,085", "Net Income from Continuing Operation Net Minority Interest": "279,910", "Total Unusual Items Excluding Goodwill": "241,043", "Total Unusual Items": "241,043", "Normalized EBITDA": "261,919", "Tax Rate for Calcs": "0", "Tax Effect of Unusual Items": "1,171"}, "12/31/2018": {"Duration": "12/31/2018", "Total Revenue": "395,339", "Cost of Revenue": "210,866", "Gross Profit": "184,473", "Operating Expense": "31,662", "Operating Income": "152,811", "Net Non Operating Interest Income Expense": "-79,880", "Other Income Expense": "157,995", "Pretax Income": "230,926", "Tax Provision": "1,728", "Earnings from Equity Interest Net of Tax": "1,708", "Net Income Common Stockholders": "220,838", "Average Dilution Earnings": "2,528", "Diluted NI Available to Com Stockholders": "223,366", "Basic EPS": "0.93", "Diluted EPS": "0.93", "Basic Average Shares": "236,666", "Diluted Average Shares": "240,811", "Total Expenses": "242,528", "Net Income from Continuing & Discontinued Operation": "227,415", "Normalized Income": "74,067", "Interest Expense": "79,880", "Net Interest Income": "-79,880", "EBIT": "310,806", "EBITDA": "-", "Reconciled Cost of Revenue": "210,866", "Reconciled Depreciation": "172,088", "Net Income from Continuing Operation Net Minority Interest": "227,415", "Total Unusual Items Excluding Goodwill": "154,504", "Total Unusual Items": "154,504", "Normalized EBITDA": "328,390", "Tax Rate for Calcs": "0", "Tax Effect of Unusual Items": "1,156"}}, "bs": {"12/31/2020": {"Duration": "12/31/2020", "Total Assets": "3,493,226", "Total Liabilities Net Minority Interest": "1,502,089", "Total Equity Gross Minority Interest": "1,991,137", "Total Capitalization": "3,184,417", "Preferred Stock Equity": "94,016", "Common Stock Equity": "1,876,654", "Capital Lease Obligations": "32,515", "Net Tangible Assets": "1,561,377", "Working Capital": "137,477", "Invested Capital": "3,090,401", "Tangible Book Value": "1,467,361", "Total Debt": "1,246,262", "Net Debt": "1,034,952", "Share Issued": "277,152", "Ordinary Shares Number": "277,152", "Preferred Shares Number": "1,935"}, "12/31/2019": {"Duration": "12/31/2019", "Total Assets": "3,180,260", "Total Liabilities Net Minority Interest": "1,455,541", "Total Equity Gross Minority Interest": "1,724,719", "Total Capitalization": "2,889,688", "Preferred Stock Equity": "94,016", "Common Stock Equity": "1,611,091", "Capital Lease Obligations": "39,442", "Net Tangible Assets": "1,295,351", "Working Capital": "94,711", "Invested Capital": "2,795,672", "Tangible Book Value": "1,201,335", "Total Debt": "1,224,023", "Net Debt": "1,061,915", "Share Issued": "254,771", "Ordinary Shares Number": "254,771", "Preferred Shares Number": "1,935"}, "12/31/2018": {"Duration": "12/31/2018", "Total Assets": "2,953,840", "Total Liabilities Net Minority Interest": "1,607,162", "Total Equity Gross Minority Interest": "1,346,678", "Total Capitalization": "2,695,058", "Preferred Stock Equity": "94,016", "Common Stock Equity": "1,235,855", "Capital Lease Obligations": "-", "Net Tangible Assets": "910,259", "Working Capital": "188,603", "Invested Capital": "2,601,042", "Tangible Book Value": "816,243", "Total Debt": "1,365,187", "Net Debt": "1,196,437", "Share Issued": "235,009", "Ordinary Shares Number": "235,009", "Preferred Shares Number": "1,935"}}, "cf": {"TTM": {"Duration": "TTM", "Operating Cash Flow": "213,570", "Investing Cash Flow": "-336,049", "Financing Cash Flow": "202,596", "End Cash Position": "170,175", "Capital Expenditure": "-16,170", "Issuance of Capital Stock": "-", "Issuance of Debt": "436,932", "Repayment of Debt": "-", "Repurchase of Capital Stock": "-246", "Free Cash Flow": "197,400"}, "12/31/2020": {"Duration": "12/31/2020", "Operating Cash Flow": "201,835", "Investing Cash Flow": "-494,350", "Financing Cash Flow": "342,626", "End Cash Position": "179,421", "Capital Expenditure": "-17,250", "Issuance of Capital Stock": "222,390", "Issuance of Debt": "566,932", "Repayment of Debt": "-293,406", "Repurchase of Capital Stock": "-11,042", "Free Cash Flow": "184,585"}, "12/31/2019": {"Duration": "12/31/2019", "Operating Cash Flow": "192,184", "Investing Cash Flow": "-186,965", "Financing Cash Flow": "-53,156", "End Cash Position": "129,310", "Capital Expenditure": "-17,829", "Issuance of Capital Stock": "197,643", "Issuance of Debt": "110,000", "Repayment of Debt": "-199,242", "Repurchase of Capital Stock": "-3,598", "Free Cash Flow": "174,355"}, "12/31/2018": {"Duration": "12/31/2018", "Operating Cash Flow": "217,811", "Investing Cash Flow": "554,891", "Financing Cash Flow": "-707,611", "End Cash Position": "177,247", "Capital Expenditure": "-15,506", "Issuance of Capital Stock": "-", "Issuance of Debt": "176,350", "Repayment of Debt": "-624,599", "Repurchase of Capital Stock": "-50,035", "Free Cash Flow": "202,305"}}}}, {"UMH": {"quote": {"05/12/2021": {"value": "20.78", "Market Cap": "938.786M", "Beta (5Y Monthly)": "1.12", "PE Ratio (TTM)": "43.66", "EPS (TTM)": "0.48", "Earnings Date": "Aug 03, 2021 - Aug 09, 2021", "Forward Dividend & Yield": "0.76 (3.49%)", "Ex-Dividend Date": "May 14, 2021", "1y Target Est": "24.83"}}, "fin": {"TTM": {"Duration": "TTM", "Total Revenue": "169,168", "Cost of Revenue": "80,291", "Gross Profit": "88,877", "Operating Expense": "59,374", "Operating Income": "29,503", "Net Non Operating Interest Income Expense": "-15,643", "Other Income Expense": "39,821", "Pretax Income": "53,681", "Net Income Common Stockholders": "19,918", "Diluted NI Available to Com Stockholders": "19,918", "Basic EPS": "-", "Diluted EPS": "-", "Basic Average Shares": "-", "Diluted Average Shares": "-", "Total Expenses": "139,665", "Net Income from Continuing & Discontinued Operation": "53,681", "Normalized Income": "30,210", "Interest Income": "3,017", "Interest Expense": "18,660", "Net Interest Income": "-15,643", "EBIT": "72,341", "EBITDA": "114,829", "Reconciled Cost of Revenue": "80,291", "Reconciled Depreciation": "42,488", "Net Income from Continuing Operation Net Minority Interest": "53,681", "Total Unusual Items Excluding Goodwill": "39,119", "Total Unusual Items": "39,119", "Normalized EBITDA": "75,710", "Tax Rate for Calcs": "0", "Tax Effect of Unusual Items": "15,648"}, "12/31/2020": {"Duration": "12/31/2020", "Total Revenue": "163,609", "Cost of Revenue": "77,592", "Gross Profit": "86,017", "Operating Expense": "57,704", "Operating Income": "28,313", "Net Non Operating Interest Income Expense": "-15,370", "Other Income Expense": "-7,888", "Pretax Income": "5,055", "Net Income Common Stockholders": "-29,759", "Diluted NI Available to Com Stockholders": "-29,759", "Basic EPS": "-", "Diluted EPS": "-", "Basic Average Shares": "-", "Diluted Average Shares": "-", "Total Expenses": "135,296", "Net Income from Continuing & Discontinued Operation": "5,055", "Normalized Income": "11,337", "Interest Income": "2,917", "Interest Expense": "18,287", "Net Interest Income": "-15,370", "EBIT": "23,342", "EBITDA": "-", "Reconciled Cost of Revenue": "77,592", "Reconciled Depreciation": "41,707", "Net Income from Continuing Operation Net Minority Interest": "5,055", "Total Unusual Items Excluding Goodwill": "-8,606", "Total Unusual Items": "-8,606", "Normalized EBITDA": "73,655", "Tax Rate for Calcs": "0", "Tax Effect of Unusual Items": "-2,324"}, "12/31/2019": {"Duration": "12/31/2019", "Total Revenue": "146,591", "Cost of Revenue": "74,646", "Gross Profit": "71,945", "Operating Expense": "51,936", "Operating Income": "20,009", "Net Non Operating Interest Income Expense": "-15,186", "Other Income Expense": "22,927", "Pretax Income": "27,750", "Net Income Common Stockholders": "2,566", "Diluted NI Available to Com Stockholders": "2,566", "Basic EPS": "0.07", "Diluted EPS": "0.06", "Basic Average Shares": "39,909", "Diluted Average Shares": "40,203", "Total Expenses": "126,582", "Net Income from Continuing & Discontinued Operation": "27,750", "Normalized Income": "11,443", "Interest Income": "2,619", "Interest Expense": "17,805", "Net Interest Income": "-15,186", "EBIT": "45,555", "EBITDA": "-", "Reconciled Cost of Revenue": "74,646", "Reconciled Depreciation": "36,811", "Net Income from Continuing Operation Net Minority Interest": "27,750", "Total Unusual Items Excluding Goodwill": "22,339", "Total Unusual Items": "22,339", "Normalized EBITDA": "60,027", "Tax Rate for Calcs": "0", "Tax Effect of Unusual Items": "6,032"}, "12/31/2018": {"Duration": "12/31/2018", "Total Revenue": "129,587", "Cost of Revenue": "64,664", "Gross Profit": "64,922", "Operating Expense": "46,345", "Operating Income": "18,577", "Net Non Operating Interest Income Expense": "-13,784", "Other Income Expense": "-41,009", "Pretax Income": "-36,216", "Net Income Common Stockholders": "-56,532", "Diluted NI Available to Com Stockholders": "-56,532", "Basic EPS": "-1.53", "Diluted EPS": "-1.53", "Basic Average Shares": "36,871", "Diluted Average Shares": "36,871", "Total Expenses": "111,010", "Net Income from Continuing & Discontinued Operation": "-36,216", "Normalized Income": "5,204", "Interest Income": "2,255", "Interest Expense": "16,039", "Net Interest Income": "-13,784", "EBIT": "-20,177", "EBITDA": "-", "Reconciled Cost of Revenue": "64,664", "Reconciled Depreciation": "31,691", "Net Income from Continuing Operation Net Minority Interest": "-36,216", "Total Unusual Items Excluding Goodwill": "-41,419", "Total Unusual Items": "-41,419", "Normalized EBITDA": "52,933", "Tax Rate for Calcs": "0", "Tax Effect of Unusual Items": "0"}}, "bs": {"12/31/2020": {"Duration": "12/31/2020", "Total Assets": "1,087,214", "Total Liabilities Net Minority Interest": "585,406", "Total Equity Gross Minority Interest": "501,808", "Total Capitalization": "1,058,096", "Preferred Stock Equity": "407,954", "Common Stock Equity": "93,854", "Net Tangible Assets": "501,808", "Working Capital": "186,472", "Invested Capital": "650,142", "Tangible Book Value": "93,854", "Total Debt": "556,288", "Net Debt": "540,952", "Share Issued": "41,919", "Ordinary Shares Number": "41,919", "Preferred Shares Number": "16,318"}, "12/31/2019": {"Duration": "12/31/2019", "Total Assets": "1,025,453", "Total Liabilities Net Minority Interest": "479,114", "Total Equity Gross Minority Interest": "546,339", "Total Capitalization": "1,003,683", "Preferred Stock Equity": "405,048", "Common Stock Equity": "141,291", "Net Tangible Assets": "546,339", "Working Capital": "194,665", "Invested Capital": "598,635", "Tangible Book Value": "141,291", "Total Debt": "457,344", "Net Debt": "444,442", "Share Issued": "41,130", "Ordinary Shares Number": "41,130", "Preferred Shares Number": "16,202"}, "12/31/2018": {"Duration": "12/31/2018", "Total Assets": "878,986", "Total Liabilities Net Minority Interest": "454,288", "Total Equity Gross Minority Interest": "424,698", "Total Capitalization": "863,776", "Preferred Stock Equity": "288,780", "Common Stock Equity": "135,918", "Net Tangible Assets": "424,698", "Working Capital": "157,138", "Invested Capital": "574,996", "Tangible Book Value": "135,918", "Total Debt": "439,078", "Net Debt": "431,645", "Share Issued": "38,320", "Ordinary Shares Number": "38,320", "Preferred Shares Number": "11,551"}}, "cf": {"TTM": {"Duration": "TTM", "Operating Cash Flow": "64,957", "Investing Cash Flow": "-102,019", "Financing Cash Flow": "54,914", "End Cash Position": "40,053", "Capital Expenditure": "-", "Issuance of Capital Stock": "80,449", "Issuance of Debt": "-", "Repayment of Debt": "20,375", "Repurchase of Capital Stock": "-95,243", "Free Cash Flow": "64,957"}, "12/31/2020": {"Duration": "12/31/2020", "Operating Cash Flow": "69,037", "Investing Cash Flow": "-103,770", "Financing Cash Flow": "44,330", "End Cash Position": "28,593", "Capital Expenditure": "-", "Issuance of Capital Stock": "103,887", "Issuance of Debt": "105,984", "Repayment of Debt": "-9,313", "Repurchase of Capital Stock": "-96,859", "Free Cash Flow": "69,037"}, "12/31/2019": {"Duration": "12/31/2019", "Operating Cash Flow": "38,516", "Investing Cash Flow": "-122,350", "Financing Cash Flow": "90,053", "End Cash Position": "18,996", "Capital Expenditure": "-", "Issuance of Capital Stock": "136,415", "Issuance of Debt": "44,850", "Repayment of Debt": "-21,624", "Repurchase of Capital Stock": "-237", "Free Cash Flow": "38,516"}, "12/31/2018": {"Duration": "12/31/2018", "Operating Cash Flow": "40,175", "Investing Cash Flow": "-137,603", "Financing Cash Flow": "82,314", "End Cash Position": "12,777", "Capital Expenditure": "-", "Issuance of Capital Stock": "78,285", "Issuance of Debt": "51,844", "Repayment of Debt": "-6,866", "Repurchase of Capital Stock": "0", "Free Cash Flow": "40,175"}}}}, {"PW": {"quote": {"05/12/2021": {"value": "37.18", "Market Cap": "122.677M", "Beta (5Y Monthly)": "N/A", "PE Ratio (TTM)": "30.80", "EPS (TTM)": "1.21", "Earnings Date": "Mar 24, 2021", "Forward Dividend & Yield": "N/A (N/A)", "Ex-Dividend Date": "Jan 10, 2013", "1y Target Est": "12.80"}}, "fin": {"TTM": {"Duration": "TTM", "Total Revenue": "5,306", "Cost of Revenue": "29.27", "Gross Profit": "5,277", "Operating Expense": "1,090", "Operating Income": "4,187", "Net Non Operating Interest Income Expense": "-1,159", "Other Income Expense": "-", "Pretax Income": "3,028", "Net Income Common Stockholders": "2,655", "Diluted NI Available to Com Stockholders": "2,655", "Basic EPS": "-", "Diluted EPS": "-", "Basic Average Shares": "-", "Diluted Average Shares": "-", "Total Operating Income as Reported": "-", "Total Expenses": "1,120", "Net Income from Continuing & Discontinued Operation": "3,028", "Normalized Income": "3,028", "Interest Expense": "1,159", "Net Interest Income": "-1,159", "EBIT": "4,187", "EBITDA": "4,735", "Reconciled Cost of Revenue": "29.27", "Reconciled Depreciation": "548.261", "Net Income from Continuing Operation Net Minority Interest": "3,028", "Total Unusual Items Excluding Goodwill": "-", "Total Unusual Items": "-", "Normalized EBITDA": "4,735", "Tax Rate for Calcs": "0", "Tax Effect of Unusual Items": "0"}, "12/31/2020": {"Duration": "12/31/2020", "Total Revenue": "4,273", "Cost of Revenue": "27.515", "Gross Profit": "4,245", "Operating Expense": "906.678", "Operating Income": "3,339", "Net Non Operating Interest Income Expense": "-1,167", "Other Income Expense": "-", "Pretax Income": "2,172", "Net Income Common Stockholders": "1,892", "Diluted NI Available to Com Stockholders": "1,892", "Basic EPS": "-", "Diluted EPS": "-", "Basic Average Shares": "-", "Diluted Average Shares": "-", "Total Operating Income as Reported": "-", "Total Expenses": "934.193", "Net Income from Continuing & Discontinued Operation": "2,172", "Normalized Income": "2,172", "Interest Expense": "1,167", "Net Interest Income": "-1,167", "EBIT": "3,339", "EBITDA": "-", "Reconciled Cost of Revenue": "27.515", "Reconciled Depreciation": "378.86", "Net Income from Continuing Operation Net Minority Interest": "2,172", "Total Unusual Items Excluding Goodwill": "-", "Total Unusual Items": "-", "Normalized EBITDA": "3,717", "Tax Rate for Calcs": "0", "Tax Effect of Unusual Items": "0"}, "12/31/2019": {"Duration": "12/31/2019", "Total Revenue": "2,181", "Cost of Revenue": "22.188", "Gross Profit": "2,159", "Operating Expense": "447.262", "Operating Income": "1,711", "Net Non Operating Interest Income Expense": "-764.554", "Other Income Expense": "-", "Pretax Income": "946.894", "Net Income Common Stockholders": "666.662", "Diluted NI Available to Com Stockholders": "666.662", "Basic EPS": "0.35", "Diluted EPS": "0.35", "Basic Average Shares": "1,943", "Diluted Average Shares": "1,943", "Total Operating Income as Reported": "-", "Total Expenses": "469.45", "Net Income from Continuing & Discontinued Operation": "946.894", "Normalized Income": "946.894", "Interest Expense": "527.412", "Net Interest Income": "-764.554", "EBIT": "1,474", "EBITDA": "-", "Reconciled Cost of Revenue": "22.188", "Reconciled Depreciation": "275.899", "Net Income from Continuing Operation Net Minority Interest": "946.894", "Total Unusual Items Excluding Goodwill": "-", "Total Unusual Items": "-", "Normalized EBITDA": "1,750", "Tax Rate for Calcs": "0", "Tax Effect of Unusual Items": "0"}, "12/31/2018": {"Duration": "12/31/2018", "Total Revenue": "1,975", "Cost of Revenue": "22.012", "Gross Profit": "1,953", "Operating Expense": "635.585", "Operating Income": "1,317", "Net Non Operating Interest Income Expense": "-478.215", "Other Income Expense": "-", "Pretax Income": "838.811", "Net Income Common Stockholders": "558.579", "Diluted NI Available to Com Stockholders": "558.579", "Basic EPS": "0.29", "Diluted EPS": "0.29", "Basic Average Shares": "1,919", "Diluted Average Shares": "1,919", "Total Operating Income as Reported": "-", "Total Expenses": "657.597", "Net Income from Continuing & Discontinued Operation": "838.811", "Normalized Income": "838.811", "Interest Expense": "478.215", "Net Interest Income": "-478.215", "EBIT": "1,317", "EBITDA": "-", "Reconciled Cost of Revenue": "22.012", "Reconciled Depreciation": "237.142", "Net Income from Continuing Operation Net Minority Interest": "838.811", "Total Unusual Items Excluding Goodwill": "0", "Total Unusual Items": "0", "Normalized EBITDA": "1,554", "Tax Rate for Calcs": "0", "Tax Effect of Unusual Items": "0"}}, "bs": {"12/31/2020": {"Duration": "12/31/2020", "Total Assets": "40,539", "Total Liabilities Net Minority Interest": "25,329", "Total Equity Gross Minority Interest": "15,210", "Total Capitalization": "38,403", "Preferred Stock Equity": "3,492", "Common Stock Equity": "11,718", "Net Tangible Assets": "11,858", "Working Capital": "6,524", "Invested Capital": "35,516", "Tangible Book Value": "8,366", "Total Debt": "23,798", "Net Debt": "18,196", "Share Issued": "1,916", "Ordinary Shares Number": "1,916", "Preferred Shares Number": "144.636"}, "12/31/2019": {"Duration": "12/31/2019", "Total Assets": "37,708", "Total Liabilities Net Minority Interest": "24,645", "Total Equity Gross Minority Interest": "13,063", "Total Capitalization": "36,860", "Preferred Stock Equity": "3,492", "Common Stock Equity": "9,571", "Net Tangible Assets": "9,473", "Working Capital": "15,585", "Invested Capital": "33,933", "Tangible Book Value": "5,981", "Total Debt": "24,362", "Net Debt": "8,519", "Share Issued": "1,944", "Ordinary Shares Number": "1,944", "Preferred Shares Number": "144.636"}, "12/31/2018": {"Duration": "12/31/2018", "Total Assets": "21,895", "Total Liabilities Net Minority Interest": "9,704", "Total Equity Gross Minority Interest": "12,191", "Total Capitalization": "21,358", "Preferred Stock Equity": "3,492", "Common Stock Equity": "8,699", "Net Tangible Assets": "8,364", "Working Capital": "1,284", "Invested Capital": "18,256", "Tangible Book Value": "4,872", "Total Debt": "9,557", "Net Debt": "7,786", "Share Issued": "1,941", "Ordinary Shares Number": "1,941", "Preferred Shares Number": "144.636"}}, "cf": {"TTM": {"Duration": "TTM", "Operating Cash Flow": "3,536", "Investing Cash Flow": "-15,721", "Financing Cash Flow": "35,620", "End Cash Position": "37,071", "Interest Paid Supplemental Data": "1,126", "Capital Expenditure": "-12,130", "Issuance of Debt": "-", "Repayment of Debt": "-604.808", "Free Cash Flow": "-8,594"}, "12/31/2020": {"Duration": "12/31/2020", "Operating Cash Flow": "2,932", "Investing Cash Flow": "-12,319", "Financing Cash Flow": "-878.07", "End Cash Position": "5,602", "Interest Paid Supplemental Data": "1,129", "Capital Expenditure": "-12,319", "Issuance of Debt": "0", "Repayment of Debt": "-597.84", "Free Cash Flow": "-9,387"}, "12/31/2019": {"Duration": "12/31/2019", "Operating Cash Flow": "1,372", "Investing Cash Flow": "-1,799", "Financing Cash Flow": "14,498", "End Cash Position": "15,843", "Interest Paid Supplemental Data": "504.883", "Capital Expenditure": "-", "Issuance of Debt": "15,500", "Repayment of Debt": "-409.309", "Free Cash Flow": "1,372"}, "12/31/2018": {"Duration": "12/31/2018", "Operating Cash Flow": "1,266", "Investing Cash Flow": "-", "Financing Cash Flow": "-641.679", "End Cash Position": "1,771", "Interest Paid Supplemental Data": "447.026", "Capital Expenditure": "-", "Issuance of Debt": "-", "Repayment of Debt": "-361.447", "Free Cash Flow": "1,266"}}}}, {"VNO": {"quote": {"05/12/2021": {"value": "44.57", "Market Cap": "8.534B", "Beta (5Y Monthly)": "1.39", "PE Ratio (TTM)": "N/A", "EPS (TTM)": "-1.84", "Earnings Date": "Aug 02, 2021", "Forward Dividend & Yield": "2.12 (4.61%)", "Ex-Dividend Date": "May 07, 2021", "1y Target Est": "44.82"}}, "fin": {"TTM": {"Duration": "TTM", "Total Revenue": "1,463,396", "Cost of Revenue": "750,038", "Gross Profit": "713,358", "Operating Expense": "581,225", "Operating Income": "132,133", "Net Non Operating Interest Income Expense": "-216,066", "Other Income Expense": "-220,615", "Pretax Income": "-304,548", "Tax Provision": "25,801", "Net Income Common Stockholders": "-349,723", "Average Dilution Earnings": "-", "Diluted NI Available to Com Stockholders": "-349,723", "Basic EPS": "-", "Diluted EPS": "-", "Basic Average Shares": "-", "Diluted Average Shares": "-", "Total Operating Income as Reported": "-", "Total Expenses": "1,331,263", "Net Income from Continuing & Discontinued Operation": "-293,949", "Normalized Income": "-311,372", "Interest Income": "4,407", "Interest Expense": "201,595", "Net Interest Income": "-216,066", "EBIT": "-102,953", "EBITDA": "318,110", "Reconciled Cost of Revenue": "731,231", "Reconciled Depreciation": "421,063", "Net Income from Continuing Operation Net Minority Interest": "-293,949", "Total Unusual Items Excluding Goodwill": "29,039", "Total Unusual Items": "29,039", "Normalized EBITDA": "289,071", "Tax Rate for Calcs": "0", "Tax Effect of Unusual Items": "11,616"}, "12/31/2020": {"Duration": "12/31/2020", "Total Revenue": "1,527,951", "Cost of Revenue": "789,066", "Gross Profit": "738,885", "Operating Expense": "594,573", "Operating Income": "144,312", "Net Non Operating Interest Income Expense": "-220,074", "Other Income Expense": "-349,453", "Pretax Income": "-425,215", "Tax Provision": "36,630", "Net Income Common Stockholders": "-348,843", "Average Dilution Earnings": "0", "Diluted NI Available to Com Stockholders": "-348,843", "Basic EPS": "-", "Diluted EPS": "-", "Basic Average Shares": "-", "Diluted Average Shares": "-", "Total Operating Income as Reported": "-", "Total Expenses": "1,383,639", "Net Income from Continuing & Discontinued Operation": "-297,005", "Normalized Income": "-230,866", "Interest Income": "9,177", "Interest Expense": "210,791", "Net Interest Income": "-220,074", "EBIT": "-214,424", "EBITDA": "-", "Reconciled Cost of Revenue": "770,819", "Reconciled Depreciation": "417,942", "Net Income from Continuing Operation Net Minority Interest": "-297,005", "Total Unusual Items Excluding Goodwill": "-90,601", "Total Unusual Items": "-90,601", "Normalized EBITDA": "294,119", "Tax Rate for Calcs": "0", "Tax Effect of Unusual Items": "-24,462"}, "12/31/2019": {"Duration": "12/31/2019", "Total Revenue": "1,924,700", "Cost of Revenue": "917,981", "Gross Profit": "1,006,719", "Operating Expense": "589,027", "Operating Income": "417,692", "Net Non Operating Interest Income Expense": "-266,917", "Other Income Expense": "3,286,956", "Pretax Income": "3,437,731", "Tax Provision": "103,439", "Net Income Common Stockholders": "3,097,497", "Average Dilution Earnings": "66", "Diluted NI Available to Com Stockholders": "3,097,563", "Basic EPS": "16.23", "Diluted EPS": "16.21", "Basic Average Shares": "190,869", "Diluted Average Shares": "191,105", "Total Operating Income as Reported": "-", "Total Expenses": "1,507,008", "Net Income from Continuing & Discontinued Operation": "3,147,937", "Normalized Income": "2,530,142", "Interest Income": "19,706", "Interest Expense": "262,816", "Net Interest Income": "-266,917", "EBIT": "3,700,547", "EBITDA": "-", "Reconciled Cost of Revenue": "898,155", "Reconciled Depreciation": "438,933", "Net Income from Continuing Operation Net Minority Interest": "3,147,967", "Total Unusual Items Excluding Goodwill": "636,992", "Total Unusual Items": "636,992", "Normalized EBITDA": "3,502,488", "Tax Rate for Calcs": "0", "Tax Effect of Unusual Items": "19,167"}, "12/31/2018": {"Duration": "12/31/2018", "Total Revenue": "2,163,720", "Cost of Revenue": "963,478", "Gross Profit": "1,200,242", "Operating Expense": "588,441", "Operating Income": "611,801", "Net Non Operating Interest Income Expense": "-321,824", "Other Income Expense": "169,621", "Pretax Income": "459,598", "Tax Provision": "37,633", "Net Income Common Stockholders": "384,832", "Average Dilution Earnings": "192", "Diluted NI Available to Com Stockholders": "385,024", "Basic EPS": "2.02", "Diluted EPS": "2.01", "Basic Average Shares": "190,511", "Diluted Average Shares": "191,459", "Total Operating Income as Reported": "582,961", "Total Expenses": "1,551,919", "Net Income from Continuing & Discontinued Operation": "449,954", "Normalized Income": "273,228", "Interest Income": "26,125", "Interest Expense": "315,970", "Net Interest Income": "-321,824", "EBIT": "775,568", "EBITDA": "-", "Reconciled Cost of Revenue": "937,263", "Reconciled Depreciation": "472,785", "Net Income from Continuing Operation Net Minority Interest": "449,316", "Total Unusual Items Excluding Goodwill": "191,792", "Total Unusual Items": "191,792", "Normalized EBITDA": "1,056,561", "Tax Rate for Calcs": "0", "Tax Effect of Unusual Items": "15,704"}}, "bs": {"12/31/2020": {"Duration": "12/31/2020", "Total Assets": "16,221,822", "Total Liabilities Net Minority Interest": "9,273,667", "Total Equity Gross Minority Interest": "6,948,155", "Total Capitalization": "13,357,194", "Preferred Stock Equity": "1,182,339", "Common Stock Equity": "5,350,859", "Capital Lease Obligations": "401,008", "Net Tangible Assets": "6,509,342", "Working Capital": "1,608,115", "Invested Capital": "12,749,855", "Tangible Book Value": "5,327,003", "Total Debt": "7,800,004", "Net Debt": "5,774,514", "Share Issued": "191,355", "Ordinary Shares Number": "191,355", "Preferred Shares Number": "903.625"}, "12/31/2019": {"Duration": "12/31/2019", "Total Assets": "18,287,013", "Total Liabilities Net Minority Interest": "10,976,035", "Total Equity Gross Minority Interest": "7,310,978", "Total Capitalization": "13,563,639", "Preferred Stock Equity": "891,214", "Common Stock Equity": "5,840,816", "Capital Lease Obligations": "498,254", "Net Tangible Assets": "6,701,065", "Working Capital": "1,440,647", "Invested Capital": "13,247,425", "Tangible Book Value": "5,809,851", "Total Debt": "7,904,863", "Net Debt": "5,891,597", "Share Issued": "190,986", "Ordinary Shares Number": "190,986", "Preferred Shares Number": "-"}, "12/31/2018": {"Duration": "12/31/2018", "Total Assets": "17,180,794", "Total Liabilities Net Minority Interest": "12,072,911", "Total Equity Gross Minority Interest": "5,107,883", "Total Capitalization": "14,221,852", "Preferred Stock Equity": "891,294", "Common Stock Equity": "3,573,937", "Capital Lease Obligations": "-", "Net Tangible Assets": "4,328,450", "Working Capital": "1,314,009", "Invested Capital": "13,410,558", "Tangible Book Value": "3,437,156", "Total Debt": "9,836,621", "Net Debt": "9,265,705", "Share Issued": "190,535", "Ordinary Shares Number": "190,535", "Preferred Shares Number": "-"}}, "cf": {"TTM": {"Duration": "TTM", "Operating Cash Flow": "596,977", "Investing Cash Flow": "-45,000", "Financing Cash Flow": "-463,675", "End Cash Position": "1,755,610", "Income Tax Paid Supplemental Data": "13,018", "Interest Paid Supplemental Data": "206,449", "Capital Expenditure": "-", "Issuance of Capital Stock": "-", "Issuance of Debt": "853,253", "Repayment of Debt": "-1,423,745", "Repurchase of Capital Stock": "-", "Free Cash Flow": "596,977"}, "12/31/2020": {"Duration": "12/31/2020", "Operating Cash Flow": "424,240", "Investing Cash Flow": "-87,800", "Financing Cash Flow": "-213,202", "End Cash Position": "1,730,369", "Income Tax Paid Supplemental Data": "15,105", "Interest Paid Supplemental Data": "210,052", "Capital Expenditure": "-", "Issuance of Capital Stock": "291,182", "Issuance of Debt": "1,056,315", "Repayment of Debt": "-1,067,564", "Repurchase of Capital Stock": "0", "Free Cash Flow": "424,240"}, "12/31/2019": {"Duration": "12/31/2019", "Operating Cash Flow": "662,539", "Investing Cash Flow": "2,463,276", "Financing Cash Flow": "-2,235,589", "End Cash Position": "1,607,131", "Income Tax Paid Supplemental Data": "59,834", "Interest Paid Supplemental Data": "283,613", "Capital Expenditure": "-", "Issuance of Capital Stock": "0", "Issuance of Debt": "1,108,156", "Repayment of Debt": "-2,718,987", "Repurchase of Capital Stock": "-893", "Free Cash Flow": "662,539"}, "12/31/2018": {"Duration": "12/31/2018", "Operating Cash Flow": "802,641", "Investing Cash Flow": "-877,722", "Financing Cash Flow": "-1,122,826", "End Cash Position": "716,905", "Income Tax Paid Supplemental Data": "62,225", "Interest Paid Supplemental Data": "311,835", "Capital Expenditure": "-", "Issuance of Capital Stock": "0", "Issuance of Debt": "526,766", "Repayment of Debt": "-685,265", "Repurchase of Capital Stock": "-470,000", "Free Cash Flow": "802,641"}}}}, {"TCI": {"quote": {"05/12/2021": {"value": "19.55", "Market Cap": "168.899M", "Beta (5Y Monthly)": "0.84", "PE Ratio (TTM)": "25.32", "EPS (TTM)": "0.77", "Earnings Date": "May 12, 2021 - May 17, 2021", "Forward Dividend & Yield": "N/A (N/A)", "Ex-Dividend Date": "Sep 15, 2000", "1y Target Est": "N/A"}}, "fin": {"TTM": {"Duration": "TTM", "Total Revenue": "57,022", "Cost of Revenue": "24,360", "Gross Profit": "32,662", "Operating Expense": "32,690", "Operating Income": "-28", "Net Non Operating Interest Income Expense": "-10,714", "Other Income Expense": "18,210", "Pretax Income": "7,468", "Tax Provision": "4", "Net Income Common Stockholders": "6,669", "Diluted NI Available to Com Stockholders": "6,669", "Basic EPS": "-", "Diluted EPS": "-", "Basic Average Shares": "-", "Diluted Average Shares": "-", "Total Operating Income as Reported": "-28", "Total Expenses": "57,050", "Net Income from Continuing & Discontinued Operation": "6,669", "Normalized Income": "-12,050", "Interest Income": "18,660", "Interest Expense": "29,374", "Net Interest Income": "-10,714", "EBIT": "36,842", "EBITDA": "55,421", "Reconciled Cost of Revenue": "20,536", "Reconciled Depreciation": "18,579", "Net Income from Continuing Operation Net Minority Interest": "6,669", "Total Unusual Items Excluding Goodwill": "18,729", "Total Unusual Items": "18,729", "Normalized EBITDA": "36,692", "Tax Rate for Calcs": "0", "Tax Effect of Unusual Items": "10.0316"}, "12/31/2020": {"Duration": "12/31/2020", "Total Revenue": "57,022", "Cost of Revenue": "24,360", "Gross Profit": "32,662", "Operating Expense": "32,690", "Operating Income": "-28", "Net Non Operating Interest Income Expense": "-10,714", "Other Income Expense": "18,210", "Pretax Income": "7,468", "Tax Provision": "4", "Net Income Common Stockholders": "6,669", "Diluted NI Available to Com Stockholders": "6,669", "Basic EPS": "-", "Diluted EPS": "-", "Basic Average Shares": "-", "Diluted Average Shares": "-", "Total Operating Income as Reported": "-28", "Total Expenses": "57,050", "Net Income from Continuing & Discontinued Operation": "6,669", "Normalized Income": "-12,050", "Interest Income": "18,660", "Interest Expense": "29,374", "Net Interest Income": "-10,714", "EBIT": "36,842", "EBITDA": "-", "Reconciled Cost of Revenue": "20,536", "Reconciled Depreciation": "18,579", "Net Income from Continuing Operation Net Minority Interest": "6,669", "Total Unusual Items Excluding Goodwill": "18,729", "Total Unusual Items": "18,729", "Normalized EBITDA": "36,692", "Tax Rate for Calcs": "0", "Tax Effect of Unusual Items": "10.0316"}, "12/31/2019": {"Duration": "12/31/2019", "Total Revenue": "47,970", "Cost of Revenue": "25,213", "Gross Profit": "22,757", "Operating Expense": "30,493", "Operating Income": "-7,736", "Net Non Operating Interest Income Expense": "-12,209", "Other Income Expense": "-8,192", "Pretax Income": "-28,137", "Tax Provision": "-2,000", "Net Income Common Stockholders": "-26,920", "Diluted NI Available to Com Stockholders": "-26,920", "Basic EPS": "-3.09", "Diluted EPS": "-3.09", "Basic Average Shares": "8,718", "Diluted Average Shares": "8,718", "Total Operating Income as Reported": "-7,736", "Total Expenses": "55,706", "Net Income from Continuing & Discontinued Operation": "-26,920", "Normalized Income": "-21,402", "Interest Income": "19,607", "Interest Expense": "31,816", "Net Interest Income": "-12,209", "EBIT": "3,679", "EBITDA": "-", "Reconciled Cost of Revenue": "25,213", "Reconciled Depreciation": "13,379", "Net Income from Continuing Operation Net Minority Interest": "-26,920", "Total Unusual Items Excluding Goodwill": "-5,518", "Total Unusual Items": "-5,518", "Normalized EBITDA": "22,576", "Tax Rate for Calcs": "0", "Tax Effect of Unusual Items": "0"}, "12/31/2018": {"Duration": "12/31/2018", "Total Revenue": "120,955", "Cost of Revenue": "59,420", "Gross Profit": "61,535", "Operating Expense": "45,414", "Operating Income": "16,121", "Net Non Operating Interest Income Expense": "-43,079", "Other Income Expense": "213,208", "Pretax Income": "186,250", "Tax Provision": "3,210", "Net Income Common Stockholders": "180,550", "Diluted NI Available to Com Stockholders": "180,550", "Basic EPS": "20.71", "Diluted EPS": "20.71", "Basic Average Shares": "8,718", "Diluted Average Shares": "8,718", "Total Operating Income as Reported": "16,121", "Total Expenses": "104,834", "Net Income from Continuing & Discontinued Operation": "181,450", "Normalized Income": "-1,375", "Interest Income": "15,793", "Interest Expense": "58,872", "Net Interest Income": "-43,079", "EBIT": "245,122", "EBITDA": "-", "Reconciled Cost of Revenue": "59,420", "Reconciled Depreciation": "22,761", "Net Income from Continuing Operation Net Minority Interest": "181,450", "Total Unusual Items Excluding Goodwill": "183,929", "Total Unusual Items": "183,929", "Normalized EBITDA": "83,954", "Tax Rate for Calcs": "0", "Tax Effect of Unusual Items": "1,104"}}, "bs": {"12/31/2020": {"Duration": "12/31/2020", "Total Assets": "879,082", "Total Liabilities Net Minority Interest": "517,551", "Total Equity Gross Minority Interest": "361,531", "Total Capitalization": "815,764", "Preferred Stock Equity": "-", "Common Stock Equity": "341,807", "Net Tangible Assets": "341,807", "Working Capital": "336,021", "Invested Capital": "815,764", "Tangible Book Value": "341,807", "Total Debt": "473,957", "Net Debt": "437,196", "Share Issued": "8,640", "Ordinary Shares Number": "8,639", "Preferred Shares Number": "-", "Treasury Shares Number": "0.2"}, "12/31/2019": {"Duration": "12/31/2019", "Total Assets": "865,918", "Total Liabilities Net Minority Interest": "511,851", "Total Equity Gross Minority Interest": "354,067", "Total Capitalization": "801,641", "Preferred Stock Equity": "-", "Common Stock Equity": "332,603", "Net Tangible Assets": "332,603", "Working Capital": "312,443", "Invested Capital": "801,641", "Tangible Book Value": "332,603", "Total Debt": "469,038", "Net Debt": "417,859", "Share Issued": "8,718", "Ordinary Shares Number": "8,718", "Preferred Shares Number": "-", "Treasury Shares Number": "0.2"}, "12/31/2018": {"Duration": "12/31/2018", "Total Assets": "862,380", "Total Liabilities Net Minority Interest": "481,979", "Total Equity Gross Minority Interest": "380,401", "Total Capitalization": "791,494", "Preferred Stock Equity": "-", "Common Stock Equity": "359,720", "Net Tangible Assets": "359,720", "Working Capital": "293,065", "Invested Capital": "791,494", "Tangible Book Value": "359,720", "Total Debt": "431,774", "Net Debt": "395,416", "Share Issued": "8,718", "Ordinary Shares Number": "8,718", "Preferred Shares Number": "-", "Treasury Shares Number": "0.2"}}, "cf": {"TTM": {"Duration": "TTM", "Operating Cash Flow": "5,631", "Investing Cash Flow": "381", "Financing Cash Flow": "-2,306", "End Cash Position": "86,967", "Income Tax Paid Supplemental Data": "-", "Interest Paid Supplemental Data": "-", "Capital Expenditure": "-", "Issuance of Capital Stock": "-", "Issuance of Debt": "30,727", "Repayment of Debt": "-31,736", "Free Cash Flow": "5,631"}, "12/31/2020": {"Duration": "12/31/2020", "Operating Cash Flow": "5,631", "Investing Cash Flow": "381", "Financing Cash Flow": "-2,306", "End Cash Position": "86,967", "Income Tax Paid Supplemental Data": "-", "Interest Paid Supplemental Data": "-", "Capital Expenditure": "-", "Issuance of Capital Stock": "-", "Issuance of Debt": "30,727", "Repayment of Debt": "-31,736", "Free Cash Flow": "5,631"}, "12/31/2019": {"Duration": "12/31/2019", "Operating Cash Flow": "-35,747", "Investing Cash Flow": "-9,598", "Financing Cash Flow": "22,041", "End Cash Position": "83,261", "Income Tax Paid Supplemental Data": "-", "Interest Paid Supplemental Data": "29,430", "Capital Expenditure": "-", "Issuance of Capital Stock": "-", "Issuance of Debt": "103,800", "Repayment of Debt": "-77,518", "Free Cash Flow": "-35,747"}, "12/31/2018": {"Duration": "12/31/2018", "Operating Cash Flow": "-181,187", "Investing Cash Flow": "147,625", "Financing Cash Flow": "51,785", "End Cash Position": "106,565", "Income Tax Paid Supplemental Data": "-", "Interest Paid Supplemental Data": "61,587", "Capital Expenditure": "-", "Issuance of Capital Stock": "-", "Issuance of Debt": "182,558", "Repayment of Debt": "-124,616", "Free Cash Flow": "-181,187"}}}}, {"STAR": {"quote": {"05/12/2021": {"value": "17.16", "Market Cap": "1.257B", "Beta (5Y Monthly)": "0.70", "PE Ratio (TTM)": "N/A", "EPS (TTM)": "-0.60", "Earnings Date": "Aug 04, 2021 - Aug 09, 2021", "Forward Dividend & Yield": "0.44 (2.37%)", "Ex-Dividend Date": "Feb 26, 2021", "1y Target Est": "21.00"}}, "fin": {"TTM": {"Duration": "TTM", "Total Revenue": "470,748", "Cost of Revenue": "362,625", "Gross Profit": "108,123", "Operating Expense": "147,230", "Operating Income": "-39,107", "Other Income Expense": "28,638", "Pretax Income": "-10,469", "Tax Provision": "-490", "Net Income Common Stockholders": "-44,892", "Average Dilution Earnings": "-", "Diluted NI Available to Com Stockholders": "-44,892", "Basic EPS": "-", "Diluted EPS": "-", "Basic Average Shares": "-", "Diluted Average Shares": "-", "Total Expenses": "509,855", "Net Income from Continuing & Discontinued Operation": "-21,396", "Normalized Income": "-12,915", "EBIT": "-39,107", "EBITDA": "19,954", "Reconciled Cost of Revenue": "362,625", "Reconciled Depreciation": "59,061", "Net Income from Continuing Operation Net Minority Interest": "-21,396", "Total Unusual Items Excluding Goodwill": "-8,897", "Total Unusual Items": "-8,897", "Normalized EBITDA": "28,851", "Tax Rate for Calcs": "0", "Tax Effect of Unusual Items": "-416.4228"}, "12/31/2020": {"Duration": "12/31/2020", "Total Revenue": "530,949", "Cost of Revenue": "419,794", "Gross Profit": "111,155", "Operating Expense": "169,783", "Operating Income": "-58,628", "Other Income Expense": "28,010", "Pretax Income": "-30,618", "Tax Provision": "235", "Net Income Common Stockholders": "-65,937", "Average Dilution Earnings": "0", "Diluted NI Available to Com Stockholders": "-65,937", "Basic EPS": "-", "Diluted EPS": "-", "Basic Average Shares": "-", "Diluted Average Shares": "-", "Total Expenses": "589,577", "Net Income from Continuing & Discontinued Operation": "-42,441", "Normalized Income": "-32,552", "EBIT": "-58,628", "EBITDA": "-", "Reconciled Cost of Revenue": "419,794", "Reconciled Depreciation": "58,092", "Net Income from Continuing Operation Net Minority Interest": "-42,441", "Total Unusual Items Excluding Goodwill": "-13,547", "Total Unusual Items": "-13,547", "Normalized EBITDA": "13,011", "Tax Rate for Calcs": "0", "Tax Effect of Unusual Items": "-3,658"}, "12/31/2019": {"Duration": "12/31/2019", "Total Revenue": "479,496", "Cost of Revenue": "386,008", "Gross Profit": "93,488", "Operating Expense": "163,350", "Operating Income": "-69,862", "Other Income Expense": "404,625", "Pretax Income": "334,763", "Tax Provision": "438", "Net Income Common Stockholders": "291,547", "Average Dilution Earnings": "9,000", "Diluted NI Available to Com Stockholders": "300,547", "Basic EPS": "4.51", "Diluted EPS": "3.73", "Basic Average Shares": "64,696", "Diluted Average Shares": "80,666", "Total Expenses": "549,358", "Net Income from Continuing & Discontinued Operation": "324,042", "Normalized Income": "-51,362", "EBIT": "-69,862", "EBITDA": "-", "Reconciled Cost of Revenue": "386,008", "Reconciled Depreciation": "58,259", "Net Income from Continuing Operation Net Minority Interest": "324,042", "Total Unusual Items Excluding Goodwill": "375,896", "Total Unusual Items": "375,896", "Normalized EBITDA": "-387,499", "Tax Rate for Calcs": "0", "Tax Effect of Unusual Items": "491.8179"}, "12/31/2018": {"Duration": "12/31/2018", "Total Revenue": "798,122", "Cost of Revenue": "673,221", "Gross Profit": "124,901", "Operating Expense": "167,771", "Operating Income": "-42,870", "Other Income Expense": "25,359", "Pretax Income": "-17,511", "Tax Provision": "815", "Net Income Common Stockholders": "-64,757", "Average Dilution Earnings": "0", "Diluted NI Available to Com Stockholders": "-64,757", "Basic EPS": "-0.95", "Diluted EPS": "-0.95", "Basic Average Shares": "67,958", "Diluted Average Shares": "67,958", "Total Expenses": "840,992", "Net Income from Continuing & Discontinued Operation": "-32,262", "Normalized Income": "-9,288", "EBIT": "-42,870", "EBITDA": "-", "Reconciled Cost of Revenue": "673,221", "Reconciled Depreciation": "58,699", "Net Income from Continuing Operation Net Minority Interest": "-32,262", "Total Unusual Items Excluding Goodwill": "-31,471", "Total Unusual Items": "-31,471", "Normalized EBITDA": "47,300", "Tax Rate for Calcs": "0", "Tax Effect of Unusual Items": "-8,497"}}, "bs": {"12/31/2020": {"Duration": "12/31/2020", "Total Assets": "4,861,808", "Total Liabilities Net Minority Interest": "3,797,425", "Total Equity Gross Minority Interest": "1,064,383", "Total Capitalization": "4,100,445", "Preferred Stock Equity": "12", "Common Stock Equity": "870,957", "Capital Lease Obligations": "200,592", "Net Tangible Assets": "714,928", "Working Capital": "1,106,635", "Invested Capital": "4,100,433", "Tangible Book Value": "714,916", "Total Debt": "3,430,068", "Net Debt": "3,130,843", "Share Issued": "73,967", "Ordinary Shares Number": "73,967", "Preferred Shares Number": "12,200"}, "12/31/2019": {"Duration": "12/31/2019", "Total Assets": "5,085,109", "Total Liabilities Net Minority Interest": "3,847,149", "Total Equity Gross Minority Interest": "1,237,960", "Total Capitalization": "4,363,140", "Preferred Stock Equity": "12", "Common Stock Equity": "1,040,410", "Capital Lease Obligations": "181,931", "Net Tangible Assets": "865,449", "Working Capital": "1,426,078", "Invested Capital": "4,363,128", "Tangible Book Value": "865,437", "Total Debt": "3,504,649", "Net Debt": "3,015,546", "Share Issued": "77,810", "Ordinary Shares Number": "77,810", "Preferred Shares Number": "16,200"}, "12/31/2018": {"Duration": "12/31/2018", "Total Assets": "5,014,277", "Total Liabilities Net Minority Interest": "3,950,162", "Total Equity Gross Minority Interest": "1,064,115", "Total Capitalization": "4,394,548", "Preferred Stock Equity": "16", "Common Stock Equity": "862,962", "Capital Lease Obligations": "-", "Net Tangible Assets": "706,697", "Working Capital": "1,879,375", "Invested Capital": "4,394,532", "Tangible Book Value": "706,681", "Total Debt": "3,531,570", "Net Debt": "2,599,819", "Share Issued": "68,085", "Ordinary Shares Number": "68,085", "Preferred Shares Number": "16,200"}}, "cf": {"TTM": {"Duration": "TTM", "Operating Cash Flow": "39,088", "Investing Cash Flow": "231,575", "Financing Cash Flow": "-440,871", "End Cash Position": "247,694", "Interest Paid Supplemental Data": "-", "Capital Expenditure": "-42,491", "Issuance of Debt": "521,733", "Repayment of Debt": "-832,175", "Repurchase of Capital Stock": "-47,187", "Free Cash Flow": "-3,403"}, "12/31/2020": {"Duration": "12/31/2020", "Operating Cash Flow": "21,886", "Investing Cash Flow": "31,179", "Financing Cash Flow": "-254,978", "End Cash Position": "150,566", "Interest Paid Supplemental Data": "142,453", "Capital Expenditure": "-56,752", "Issuance of Debt": "802,913", "Repayment of Debt": "-913,501", "Repurchase of Capital Stock": "-54,565", "Free Cash Flow": "-34,866"}, "12/31/2019": {"Duration": "12/31/2019", "Operating Cash Flow": "-45,625", "Investing Cash Flow": "-398,096", "Financing Cash Flow": "-178,629", "End Cash Position": "352,206", "Interest Paid Supplemental Data": "181,520", "Capital Expenditure": "-157,460", "Issuance of Debt": "1,486,980", "Repayment of Debt": "-1,482,558", "Repurchase of Capital Stock": "-68,289", "Free Cash Flow": "-203,085"}, "12/31/2018": {"Duration": "12/31/2018", "Operating Cash Flow": "-24,128", "Investing Cash Flow": "778,859", "Financing Cash Flow": "-457,939", "End Cash Position": "974,544", "Interest Paid Supplemental Data": "171,590", "Capital Expenditure": "-189,038", "Issuance of Debt": "704,360", "Repayment of Debt": "-944,800", "Repurchase of Capital Stock": "-8,304", "Free Cash Flow": "-213,166"}}}}, {"IRET": {"fin": {}, "bs": {}, "cf": {}}}]