[{"CMCT": {"quote": {"03/28/2021": {"value": "13.12", "Market Cap": "194.535M", "Beta (5Y Monthly)": "0.89", "PE Ratio (TTM)": "N/A", "EPS (TTM)": "-2.27", "Earnings Date": "Mar 16, 2021", "Forward Dividend & Yield": "0.30 (2.28%)", "Ex-Dividend Date": "Mar 12, 2021", "1y Target Est": "N/A"}}, "fin": {"TTM": {"Duration": "TTM", "Total Revenue": "77,208", "Cost of Revenue": "43,278", "Gross Profit": "33,930", "Operating Expense": "37,971", "Operating Income": "-4,041", "Net Non Operating Interest Income Expense": "-11,415", "Other Income Expense": "-281", "Pretax Income": "-15,737", "Tax Provision": "-722", "Net Income Common Stockholders": "-33,467", "Average Dilution Earnings": "-1", "Diluted NI Available to Com Stockholders": "-33,468", "Basic EPS": "-", "Diluted EPS": "-", "Basic Average Shares": "-", "Diluted Average Shares": "-", "Total Operating Income as Reported": "-", "Total Expenses": "81,249", "Net Income from Continuing & Discontinued Operation": "-15,016", "Normalized Income": "-14,748", "Interest Income": "16,291", "Interest Expense": "11,415", "Net Interest Income": "-11,415", "EBIT": "-4,322", "EBITDA": "17,084", "Reconciled Cost of Revenue": "43,599", "Reconciled Depreciation": "21,085", "Net Income from Continuing Operation Net Minority Interest": "-15,016", "Total Unusual Items Excluding Goodwill": "-281", "Total Unusual Items": "-281", "Normalized EBITDA": "17,365", "Tax Rate for Calcs": "0", "Tax Effect of Unusual Items": "-12.892"}, "12/31/2020": {"Duration": "12/31/2020", "Total Revenue": "77,208", "Cost of Revenue": "43,278", "Gross Profit": "33,930", "Operating Expense": "37,971", "Operating Income": "-4,041", "Net Non Operating Interest Income Expense": "-11,415", "Other Income Expense": "-281", "Pretax Income": "-15,737", "Tax Provision": "-722", "Net Income Common Stockholders": "-33,467", "Average Dilution Earnings": "-1", "Diluted NI Available to Com Stockholders": "-33,468", "Basic EPS": "-", "Diluted EPS": "-", "Basic Average Shares": "-", "Diluted Average Shares": "-", "Total Operating Income as Reported": "-", "Total Expenses": "81,249", "Net Income from Continuing & Discontinued Operation": "-15,016", "Normalized Income": "-14,748", "Interest Income": "-", "Interest Expense": "11,415", "Net Interest Income": "-11,415", "EBIT": "-4,322", "EBITDA": "-", "Reconciled Cost of Revenue": "43,599", "Reconciled Depreciation": "21,085", "Net Income from Continuing Operation Net Minority Interest": "-15,016", "Total Unusual Items Excluding Goodwill": "-281", "Total Unusual Items": "-281", "Normalized EBITDA": "17,365", "Tax Rate for Calcs": "0", "Tax Effect of Unusual Items": "-12.892"}, "12/31/2019": {"Duration": "12/31/2019", "Total Revenue": "139,989", "Cost of Revenue": "62,928", "Gross Profit": "77,061", "Operating Expense": "52,031", "Operating Income": "25,030", "Net Non Operating Interest Income Expense": "-12,175", "Other Income Expense": "333,548", "Pretax Income": "346,403", "Tax Provision": "882", "Net Income Common Stockholders": "322,696", "Average Dilution Earnings": "2,804", "Diluted NI Available to Com Stockholders": "325,500", "Basic EPS": "22.11", "Diluted EPS": "19.74", "Basic Average Shares": "14,598", "Diluted Average Shares": "16,493", "Total Operating Income as Reported": "-", "Total Expenses": "114,959", "Net Income from Continuing & Discontinued Operation": "345,673", "Normalized Income": "12,974", "Interest Income": "-", "Interest Expense": "12,175", "Net Interest Income": "-12,175", "EBIT": "358,578", "EBITDA": "-", "Reconciled Cost of Revenue": "62,928", "Reconciled Depreciation": "27,374", "Net Income from Continuing Operation Net Minority Interest": "345,673", "Total Unusual Items Excluding Goodwill": "333,548", "Total Unusual Items": "333,548", "Normalized EBITDA": "52,404", "Tax Rate for Calcs": "0", "Tax Effect of Unusual Items": "849.269"}, "12/31/2018": {"Duration": "12/31/2018", "Total Revenue": "197,724", "Cost of Revenue": "80,171", "Gross Profit": "117,553", "Operating Expense": "86,846", "Operating Income": "30,707", "Net Non Operating Interest Income Expense": "-27,702", "Other Income Expense": "-938", "Pretax Income": "2,067", "Tax Provision": "925", "Net Income Common Stockholders": "-14,298", "Average Dilution Earnings": "0", "Diluted NI Available to Com Stockholders": "-14,298", "Basic EPS": "-0.99", "Diluted EPS": "-0.99", "Basic Average Shares": "14,597", "Diluted Average Shares": "14,597", "Total Operating Income as Reported": "-", "Total Expenses": "167,017", "Net Income from Continuing & Discontinued Operation": "1,121", "Normalized Income": "1,806", "Interest Income": "-", "Interest Expense": "27,702", "Net Interest Income": "-27,702", "EBIT": "29,769", "EBITDA": "-", "Reconciled Cost of Revenue": "80,171", "Reconciled Depreciation": "53,228", "Net Income from Continuing Operation Net Minority Interest": "1,121", "Total Unusual Items Excluding Goodwill": "-938", "Total Unusual Items": "-938", "Normalized EBITDA": "83,935", "Tax Rate for Calcs": "0", "Tax Effect of Unusual Items": "-253.26"}}, "bs": {"12/31/2020": {"Duration": "12/31/2020", "Total Assets": "685,617", "Total Liabilities Net Minority Interest": "361,666", "Total Equity Gross Minority Interest": "323,951", "Total Capitalization": "647,809", "Preferred Stock Equity": "307,873", "Common Stock Equity": "15,623", "Net Tangible Assets": "317,183", "Working Capital": "137,444", "Invested Capital": "339,936", "Tangible Book Value": "9,310", "Total Debt": "324,313", "Net Debt": "290,677", "Share Issued": "14,827", "Ordinary Shares Number": "14,827", "Preferred Shares Number": "5,387"}, "12/31/2019": {"Duration": "12/31/2019", "Total Assets": "667,592", "Total Liabilities Net Minority Interest": "352,556", "Total Equity Gross Minority Interest": "315,036", "Total Capitalization": "621,952", "Preferred Stock Equity": "260,308", "Common Stock Equity": "54,223", "Net Tangible Assets": "307,271", "Working Capital": "108,663", "Invested Capital": "361,644", "Tangible Book Value": "46,963", "Total Debt": "307,421", "Net Debt": "283,620", "Share Issued": "14,602", "Ordinary Shares Number": "14,602", "Preferred Shares Number": "5,387"}, "12/31/2018": {"Duration": "12/31/2018", "Total Assets": "1,342,401", "Total Liabilities Net Minority Interest": "689,393", "Total Equity Gross Minority Interest": "653,008", "Total Capitalization": "1,240,842", "Preferred Stock Equity": "296,850", "Common Stock Equity": "355,321", "Net Tangible Assets": "642,640", "Working Capital": "192,421", "Invested Capital": "943,992", "Tangible Book Value": "345,790", "Total Debt": "588,671", "Net Debt": "533,740", "Share Issued": "14,598", "Ordinary Shares Number": "14,598", "Preferred Shares Number": "8,081"}}, "cf": {"TTM": {"Duration": "TTM", "Operating Cash Flow": "12,827", "Investing Cash Flow": "-38,320", "Financing Cash Flow": "33,195", "Other Cash Adjustment Inside Change in Cash": "0", "End Cash Position": "43,649", "Income Tax Paid Supplemental Data": "273", "Interest Paid Supplemental Data": "10,315", "Capital Expenditure": "-", "Issuance of Capital Stock": "41,958", "Issuance of Debt": "77,516", "Repayment of Debt": "-61,279", "Repurchase of Capital Stock": "-2,084", "Free Cash Flow": "12,827"}, "12/31/2020": {"Duration": "12/31/2020", "Operating Cash Flow": "12,827", "Investing Cash Flow": "-38,320", "Financing Cash Flow": "33,195", "Other Cash Adjustment Inside Change in Cash": "0", "End Cash Position": "43,649", "Income Tax Paid Supplemental Data": "273", "Interest Paid Supplemental Data": "10,315", "Capital Expenditure": "-", "Issuance of Capital Stock": "41,958", "Issuance of Debt": "77,516", "Repayment of Debt": "-61,279", "Repurchase of Capital Stock": "-2,084", "Free Cash Flow": "12,827"}, "12/31/2019": {"Duration": "12/31/2019", "Operating Cash Flow": "40,985", "Investing Cash Flow": "917,193", "Financing Cash Flow": "-1,000,157", "Other Cash Adjustment Inside Change in Cash": "755", "End Cash Position": "35,947", "Income Tax Paid Supplemental Data": "1,000", "Interest Paid Supplemental Data": "13,674", "Capital Expenditure": "-", "Issuance of Capital Stock": "37,197", "Issuance of Debt": "158,500", "Repayment of Debt": "-196,600", "Repurchase of Capital Stock": "-75,384", "Free Cash Flow": "40,985"}, "12/31/2018": {"Duration": "12/31/2018", "Operating Cash Flow": "60,149", "Investing Cash Flow": "-131,734", "Financing Cash Flow": "-6,535", "Other Cash Adjustment Inside Change in Cash": "-755", "End Cash Position": "77,443", "Income Tax Paid Supplemental Data": "622", "Interest Paid Supplemental Data": "27,473", "Capital Expenditure": "-", "Issuance of Capital Stock": "35,984", "Issuance of Debt": "218,972", "Repayment of Debt": "-230,129", "Repurchase of Capital Stock": "-113", "Free Cash Flow": "60,149"}}}}, {"MNR": {"quote": {"03/28/2021": {"value": "18.11", "Market Cap": "1.78B", "Beta (5Y Monthly)": "0.80", "PE Ratio (TTM)": "N/A", "EPS (TTM)": "-0.28", "Earnings Date": "May 04, 2021 - May 10, 2021", "Forward Dividend & Yield": "0.72 (3.98%)", "Ex-Dividend Date": "Feb 12, 2021", "1y Target Est": "19.31"}}, "fin": {"TTM": {"Duration": "TTM", "Total Revenue": "170,077", "Cost of Revenue": "20,475", "Gross Profit": "149,602", "Operating Expense": "65,918", "Operating Income": "83,684", "Net Non Operating Interest Income Expense": "-36,326", "Other Income Expense": "-45,210", "Pretax Income": "2,148", "Net Income Common Stockholders": "-26,399", "Diluted NI Available to Com Stockholders": "-26,399", "Basic EPS": "-", "Diluted EPS": "-", "Basic Average Shares": "-", "Diluted Average Shares": "-", "Total Operating Income as Reported": "-", "Total Expenses": "86,393", "Net Income from Continuing & Discontinued Operation": "2,148", "Normalized Income": "35,151", "Interest Income": "-", "Interest Expense": "36,326", "Net Interest Income": "-36,326", "EBIT": "38,474", "EBITDA": "90,333", "Reconciled Cost of Revenue": "19,167", "Reconciled Depreciation": "51,859", "Net Income from Continuing Operation Net Minority Interest": "2,148", "Total Unusual Items Excluding Goodwill": "-45,210", "Total Unusual Items": "-45,210", "Normalized EBITDA": "135,543", "Tax Rate for Calcs": "0", "Tax Effect of Unusual Items": "-12,207"}, "9/30/2020": {"Duration": "9/30/2020", "Total Revenue": "167,817", "Cost of Revenue": "20,193", "Gross Profit": "147,624", "Operating Expense": "65,670", "Operating Income": "81,954", "Net Non Operating Interest Income Expense": "-36,376", "Other Income Expense": "-67,721", "Pretax Income": "-22,143", "Net Income Common Stockholders": "-48,617", "Diluted NI Available to Com Stockholders": "-48,617", "Basic EPS": "-0.50", "Diluted EPS": "-0.50", "Basic Average Shares": "98,082", "Diluted Average Shares": "98,164", "Total Operating Income as Reported": "-22,143", "Total Expenses": "85,863", "Net Income from Continuing & Discontinued Operation": "-22,143", "Normalized Income": "45,578", "Interest Income": "-", "Interest Expense": "36,376", "Net Interest Income": "-36,376", "EBIT": "14,233", "EBITDA": "-", "Reconciled Cost of Revenue": "18,780", "Reconciled Depreciation": "51,263", "Net Income from Continuing Operation Net Minority Interest": "-22,143", "Total Unusual Items Excluding Goodwill": "-67,721", "Total Unusual Items": "-67,721", "Normalized EBITDA": "133,217", "Tax Rate for Calcs": "0", "Tax Effect of Unusual Items": "0"}, "9/30/2019": {"Duration": "9/30/2019", "Total Revenue": "158,522", "Cost of Revenue": "20,711", "Gross Profit": "137,811", "Operating Expense": "61,587", "Operating Income": "76,224", "Net Non Operating Interest Income Expense": "-36,912", "Other Income Expense": "-9,512", "Pretax Income": "29,800", "Net Income Common Stockholders": "11,026", "Diluted NI Available to Com Stockholders": "11,026", "Basic EPS": "0.12", "Diluted EPS": "0.12", "Basic Average Shares": "93,387", "Diluted Average Shares": "93,485", "Total Operating Income as Reported": "29,800", "Total Expenses": "82,298", "Net Income from Continuing & Discontinued Operation": "29,800", "Normalized Income": "36,744", "Interest Income": "-", "Interest Expense": "36,912", "Net Interest Income": "-36,912", "EBIT": "66,712", "EBITDA": "-", "Reconciled Cost of Revenue": "19,459", "Reconciled Depreciation": "47,142", "Net Income from Continuing Operation Net Minority Interest": "29,800", "Total Unusual Items Excluding Goodwill": "-9,512", "Total Unusual Items": "-9,512", "Normalized EBITDA": "123,366", "Tax Rate for Calcs": "0", "Tax Effect of Unusual Items": "-2,568"}, "9/30/2018": {"Duration": "9/30/2018", "Total Revenue": "139,372", "Cost of Revenue": "18,596", "Gross Profit": "120,776", "Operating Expense": "53,137", "Operating Income": "67,638", "Net Non Operating Interest Income Expense": "-32,350", "Other Income Expense": "20,717", "Pretax Income": "56,006", "Net Income Common Stockholders": "38,815", "Diluted NI Available to Com Stockholders": "38,815", "Basic EPS": "0.49", "Diluted EPS": "0.49", "Basic Average Shares": "78,619", "Diluted Average Shares": "78,802", "Total Operating Income as Reported": "-", "Total Expenses": "71,734", "Net Income from Continuing & Discontinued Operation": "56,006", "Normalized Income": "40,882", "Interest Income": "13,120", "Interest Expense": "32,350", "Net Interest Income": "-32,350", "EBIT": "88,356", "EBITDA": "-", "Reconciled Cost of Revenue": "17,375", "Reconciled Depreciation": "39,788", "Net Income from Continuing Operation Net Minority Interest": "56,006", "Total Unusual Items Excluding Goodwill": "20,717", "Total Unusual Items": "20,717", "Normalized EBITDA": "107,426", "Tax Rate for Calcs": "0", "Tax Effect of Unusual Items": "5,594"}}, "bs": {"9/30/2020": {"Duration": "9/30/2020", "Total Assets": "1,939,783", "Total Liabilities Net Minority Interest": "902,178", "Total Equity Gross Minority Interest": "1,037,605", "Total Capitalization": "1,912,112", "Preferred Stock Equity": "471,994", "Common Stock Equity": "565,611", "Net Tangible Assets": "1,020,773", "Working Capital": "141,336", "Invested Capital": "1,440,118", "Tangible Book Value": "548,779", "Total Debt": "874,507", "Net Debt": "850,990", "Share Issued": "98,054", "Ordinary Shares Number": "98,054", "Preferred Shares Number": "18,880"}, "9/30/2019": {"Duration": "9/30/2019", "Total Assets": "1,871,948", "Total Liabilities Net Minority Interest": "860,905", "Total Equity Gross Minority Interest": "1,011,043", "Total Capitalization": "1,850,971", "Preferred Stock Equity": "347,678", "Common Stock Equity": "663,365", "Net Tangible Assets": "996,073", "Working Capital": "209,908", "Invested Capital": "1,503,293", "Tangible Book Value": "648,395", "Total Debt": "839,928", "Net Debt": "819,749", "Share Issued": "96,399", "Ordinary Shares Number": "96,399", "Preferred Shares Number": "13,907"}, "9/30/2018": {"Duration": "9/30/2018", "Total Assets": "1,718,378", "Total Liabilities Net Minority Interest": "920,472", "Total Equity Gross Minority Interest": "797,906", "Total Capitalization": "1,696,060", "Preferred Stock Equity": "287,200", "Common Stock Equity": "510,706", "Net Tangible Assets": "783,316", "Working Capital": "165,793", "Invested Capital": "1,408,860", "Tangible Book Value": "496,116", "Total Debt": "898,154", "Net Debt": "888,830", "Share Issued": "81,503", "Ordinary Shares Number": "81,503", "Preferred Shares Number": "11,488"}}, "cf": {"TTM": {"Duration": "TTM", "Operating Cash Flow": "109,649", "Investing Cash Flow": "-265,709", "Financing Cash Flow": "168,957", "End Cash Position": "29,280", "Capital Expenditure": "-271,240", "Issuance of Capital Stock": "162,934", "Issuance of Debt": "161,810", "Repayment of Debt": "-62,422", "Repurchase of Capital Stock": "-", "Free Cash Flow": "-161,591"}, "9/30/2020": {"Duration": "9/30/2020", "Operating Cash Flow": "98,829", "Investing Cash Flow": "-180,676", "Financing Cash Flow": "85,185", "End Cash Position": "23,517", "Capital Expenditure": "-181,257", "Issuance of Capital Stock": "141,197", "Issuance of Debt": "110,310", "Repayment of Debt": "-75,855", "Repurchase of Capital Stock": "-4,276", "Free Cash Flow": "-82,428"}, "9/30/2019": {"Duration": "9/30/2019", "Operating Cash Flow": "101,622", "Investing Cash Flow": "-214,508", "Financing Cash Flow": "123,741", "End Cash Position": "20,179", "Capital Expenditure": "-153,698", "Issuance of Capital Stock": "247,616", "Issuance of Debt": "96,500", "Repayment of Debt": "-154,959", "Repurchase of Capital Stock": "0", "Free Cash Flow": "-52,076"}, "9/30/2018": {"Duration": "9/30/2018", "Operating Cash Flow": "85,529", "Investing Cash Flow": "-332,513", "Financing Cash Flow": "246,083", "End Cash Position": "9,325", "Capital Expenditure": "-292,487", "Issuance of Capital Stock": "117,194", "Issuance of Debt": "241,677", "Repayment of Debt": "-54,354", "Repurchase of Capital Stock": "0", "Free Cash Flow": "-206,958"}}}}, {"TRNO": {"quote": {"03/28/2021": {"value": "59.25", "Market Cap": "4.08B", "Beta (5Y Monthly)": "0.56", "PE Ratio (TTM)": "51.08", "EPS (TTM)": "1.16", "Earnings Date": "May 04, 2021 - May 10, 2021", "Forward Dividend & Yield": "1.16 (1.96%)", "Ex-Dividend Date": "Mar 25, 2021", "1y Target Est": "65.75"}}}}, {"DRE": {"quote": {"03/28/2021": {"value": "42.90", "Market Cap": "16.035B", "Beta (5Y Monthly)": "0.52", "PE Ratio (TTM)": "53.29", "EPS (TTM)": "0.81", "Earnings Date": "Apr 27, 2021 - May 03, 2021", "Forward Dividend & Yield": "0.98 (2.29%)", "Ex-Dividend Date": "Feb 12, 2021", "1y Target Est": "45.31"}}}}, {"CUBE": {"quote": {"03/28/2021": {"value": "38.14", "Market Cap": "7.617B", "Beta (5Y Monthly)": "0.30", "PE Ratio (TTM)": "44.87", "EPS (TTM)": "0.85", "Earnings Date": "May 05, 2021 - May 10, 2021", "Forward Dividend & Yield": "1.36 (3.57%)", "Ex-Dividend Date": "Mar 31, 2021", "1y Target Est": "39.19"}}, "fin": {"TTM": {"Duration": "TTM", "Total Revenue": "703,937", "Cost of Revenue": "229,122", "Gross Profit": "474,815", "Operating Expense": "211,519", "Operating Income": "263,296", "Net Non Operating Interest Income Expense": "-97,418", "Other Income Expense": "6,731", "Pretax Income": "172,609", "Net Income Common Stockholders": "169,457", "Diluted NI Available to Com Stockholders": "169,457", "Basic EPS": "-", "Diluted EPS": "-", "Basic Average Shares": "-", "Diluted Average Shares": "-", "Total Operating Income as Reported": "-", "Total Expenses": "440,641", "Net Income from Continuing & Discontinued Operation": "169,457", "Normalized Income": "165,431", "Interest Expense": "97,418", "Net Interest Income": "-97,418", "EBIT": "270,027", "EBITDA": "442,527", "Reconciled Cost of Revenue": "226,167", "Reconciled Depreciation": "172,500", "Net Income from Continuing Operation Net Minority Interest": "169,457", "Total Unusual Items Excluding Goodwill": "6,710", "Total Unusual Items": "6,710", "Normalized EBITDA": "435,817", "Tax Rate for Calcs": "0", "Tax Effect of Unusual Items": "2,684"}, "12/31/2020": {"Duration": "12/31/2020", "Total Revenue": "679,177", "Cost of Revenue": "223,634", "Gross Profit": "455,543", "Operating Expense": "197,996", "Operating Income": "257,547", "Net Non Operating Interest Income Expense": "-96,584", "Other Income Expense": "6,648", "Pretax Income": "167,611", "Net Income Common Stockholders": "165,621", "Diluted NI Available to Com Stockholders": "165,621", "Basic EPS": "0.85", "Diluted EPS": "0.85", "Basic Average Shares": "194,147", "Diluted Average Shares": "194,943", "Total Operating Income as Reported": "-", "Total Expenses": "421,630", "Net Income from Continuing & Discontinued Operation": "165,621", "Normalized Income": "160,723", "Interest Expense": "96,584", "Net Interest Income": "-96,584", "EBIT": "264,195", "EBITDA": "-", "Reconciled Cost of Revenue": "220,960", "Reconciled Depreciation": "159,247", "Net Income from Continuing Operation Net Minority Interest": "165,621", "Total Unusual Items Excluding Goodwill": "6,710", "Total Unusual Items": "6,710", "Normalized EBITDA": "416,732", "Tax Rate for Calcs": "0", "Tax Effect of Unusual Items": "1,812"}, "12/31/2019": {"Duration": "12/31/2019", "Total Revenue": "643,915", "Cost of Revenue": "209,739", "Gross Profit": "434,176", "Operating Expense": "202,107", "Operating Income": "232,069", "Net Non Operating Interest Income Expense": "-75,344", "Other Income Expense": "14,046", "Pretax Income": "170,771", "Net Income Common Stockholders": "169,117", "Diluted NI Available to Com Stockholders": "169,117", "Basic EPS": "0.89", "Diluted EPS": "0.88", "Basic Average Shares": "190,874", "Diluted Average Shares": "191,576", "Total Operating Income as Reported": "-", "Total Expenses": "411,846", "Net Income from Continuing & Discontinued Operation": "169,117", "Normalized Income": "168,016", "Interest Expense": "75,344", "Net Interest Income": "-75,344", "EBIT": "246,115", "EBITDA": "-", "Reconciled Cost of Revenue": "206,920", "Reconciled Depreciation": "166,366", "Net Income from Continuing Operation Net Minority Interest": "169,117", "Total Unusual Items Excluding Goodwill": "1,508", "Total Unusual Items": "1,508", "Normalized EBITDA": "410,973", "Tax Rate for Calcs": "0", "Tax Effect of Unusual Items": "407.16"}, "12/31/2018": {"Duration": "12/31/2018", "Total Revenue": "597,944", "Cost of Revenue": "196,866", "Gross Profit": "401,078", "Operating Expense": "181,062", "Operating Income": "220,016", "Net Non Operating Interest Income Expense": "-64,445", "Other Income Expense": "9,917", "Pretax Income": "165,488", "Net Income Common Stockholders": "163,889", "Diluted NI Available to Com Stockholders": "163,889", "Basic EPS": "0.89", "Diluted EPS": "0.88", "Basic Average Shares": "184,653", "Diluted Average Shares": "185,495", "Total Operating Income as Reported": "-", "Total Expenses": "377,928", "Net Income from Continuing & Discontinued Operation": "163,889", "Normalized Income": "156,169", "Interest Expense": "64,445", "Net Interest Income": "-64,445", "EBIT": "229,933", "EBITDA": "-", "Reconciled Cost of Revenue": "194,553", "Reconciled Depreciation": "145,663", "Net Income from Continuing Operation Net Minority Interest": "163,889", "Total Unusual Items Excluding Goodwill": "10,576", "Total Unusual Items": "10,576", "Normalized EBITDA": "365,020", "Tax Rate for Calcs": "0", "Tax Effect of Unusual Items": "2,856"}}, "bs": {"12/31/2020": {"Duration": "12/31/2020", "Total Assets": "4,778,142", "Total Liabilities Net Minority Interest": "2,937,294", "Total Equity Gross Minority Interest": "1,840,848", "Total Capitalization": "4,079,092", "Common Stock Equity": "1,832,216", "Capital Lease Obligations": "65,599", "Net Tangible Assets": "1,774,396", "Working Capital": "-311,093", "Invested Capital": "4,196,892", "Tangible Book Value": "1,774,396", "Total Debt": "2,430,275", "Net Debt": "2,361,084", "Share Issued": "197,406", "Ordinary Shares Number": "197,406"}, "12/31/2019": {"Duration": "12/31/2019", "Total Assets": "4,029,545", "Total Liabilities Net Minority Interest": "2,222,209", "Total Equity Gross Minority Interest": "1,807,336", "Total Capitalization": "3,731,111", "Common Stock Equity": "1,799,346", "Capital Lease Obligations": "-", "Net Tangible Assets": "1,789,063", "Working Capital": "-120,394", "Invested Capital": "3,731,111", "Tangible Book Value": "1,789,063", "Total Debt": "1,931,765", "Net Debt": "1,876,908", "Share Issued": "193,557", "Ordinary Shares Number": "193,557"}, "12/31/2018": {"Duration": "12/31/2018", "Total Assets": "3,752,972", "Total Liabilities Net Minority Interest": "2,036,523", "Total Equity Gross Minority Interest": "1,716,449", "Total Capitalization": "3,261,247", "Common Stock Equity": "1,709,678", "Capital Lease Obligations": "-", "Net Tangible Assets": "1,701,533", "Working Capital": "-377,443", "Invested Capital": "3,456,772", "Tangible Book Value": "1,701,533", "Total Debt": "1,747,094", "Net Debt": "1,743,330", "Share Issued": "187,145", "Ordinary Shares Number": "187,145"}}, "cf": {"TTM": {"Duration": "TTM", "Operating Cash Flow": "368,266", "Investing Cash Flow": "-497,189", "Financing Cash Flow": "96,436", "End Cash Position": "5,992", "Interest Paid Supplemental Data": "80,674", "Capital Expenditure": "-", "Issuance of Capital Stock": "-", "Issuance of Debt": "1,137,902", "Repayment of Debt": "-979,378", "Repurchase of Capital Stock": "-665", "Free Cash Flow": "368,266"}, "12/31/2020": {"Duration": "12/31/2020", "Operating Cash Flow": "351,033", "Investing Cash Flow": "-511,441", "Financing Cash Flow": "108,196", "End Cash Position": "6,229", "Interest Paid Supplemental Data": "80,792", "Capital Expenditure": "-", "Issuance of Capital Stock": "120,727", "Issuance of Debt": "874,918", "Repayment of Debt": "-607,378", "Repurchase of Capital Stock": "-686", "Free Cash Flow": "351,033"}, "12/31/2019": {"Duration": "12/31/2019", "Operating Cash Flow": "331,768", "Investing Cash Flow": "-375,664", "Financing Cash Flow": "95,855", "End Cash Position": "58,441", "Interest Paid Supplemental Data": "69,283", "Capital Expenditure": "-102,826", "Issuance of Capital Stock": "196,304", "Issuance of Debt": "1,544,087", "Repayment of Debt": "-1,358,776", "Repurchase of Capital Stock": "-421", "Free Cash Flow": "331,768"}, "12/31/2018": {"Duration": "12/31/2018", "Operating Cash Flow": "304,335", "Investing Cash Flow": "-322,259", "Financing Cash Flow": "15,248", "End Cash Position": "6,482", "Interest Paid Supplemental Data": "66,829", "Capital Expenditure": "-86,002", "Issuance of Capital Stock": "131,830", "Issuance of Debt": "669,719", "Repayment of Debt": "-565,710", "Repurchase of Capital Stock": "-1,461", "Free Cash Flow": "304,335"}}}}, {"DCT": {"quote": {"03/28/2021": {"value": "43.50", "Market Cap": "5.7B", "Beta (5Y Monthly)": "N/A", "PE Ratio (TTM)": "N/A", "EPS (TTM)": "-0.19", "Earnings Date": "Apr 05, 2021", "Forward Dividend & Yield": "N/A (N/A)", "Ex-Dividend Date": "N/A", "1y Target Est": "50.70"}}, "fin": {"TTM": {"Duration": "TTM", "Total Revenue": "233,833", "Cost of Revenue": "105,611", "Gross Profit": "128,222", "Operating Expense": "161,826", "Operating Income": "-33,604", "Net Non Operating Interest Income Expense": "-111", "Other Income Expense": "864", "Pretax Income": "-32,850", "Tax Provision": "1,643", "Net Income Common Stockholders": "-28,895", "Diluted NI Available to Com Stockholders": "-28,895", "Basic EPS": "-", "Diluted EPS": "-", "Basic Average Shares": "-", "Diluted Average Shares": "-", "Total Operating Income as Reported": "-33,624", "Total Expenses": "267,437", "Net Income from Continuing & Discontinued Operation": "-34,493", "Normalized Income": "-34,481", "Interest Expense": "111", "Net Interest Income": "-111", "EBIT": "-32,739", "EBITDA": "-11,173", "Reconciled Cost of Revenue": "105,611", "Reconciled Depreciation": "21,566", "Net Income from Continuing Operation Net Minority Interest": "-34,493", "Total Unusual Items Excluding Goodwill": "-20", "Total Unusual Items": "-20", "Normalized EBITDA": "-11,153", "Tax Rate for Calcs": "0", "Tax Effect of Unusual Items": "-8"}, "8/31/2020": {"Duration": "8/31/2020", "Total Revenue": "211,672", "Cost of Revenue": "97,175", "Gross Profit": "114,497", "Operating Expense": "143,019", "Operating Income": "-28,522", "Net Non Operating Interest Income Expense": "-356", "Other Income Expense": "508", "Pretax Income": "-28,370", "Tax Provision": "1,562", "Net Income Common Stockholders": "-24,334", "Diluted NI Available to Com Stockholders": "-24,334", "Basic EPS": "-0.23", "Diluted EPS": "-0.23", "Basic Average Shares": "130,714", "Diluted Average Shares": "130,714", "Total Operating Income as Reported": "-28,655", "Total Expenses": "240,194", "Net Income from Continuing & Discontinued Operation": "-29,932", "Normalized Income": "-29,835", "Interest Expense": "356", "Net Interest Income": "-356", "EBIT": "-28,014", "EBITDA": "-", "Reconciled Cost of Revenue": "97,175", "Reconciled Depreciation": "20,916", "Net Income from Continuing Operation Net Minority Interest": "-29,932", "Total Unusual Items Excluding Goodwill": "-133", "Total Unusual Items": "-133", "Normalized EBITDA": "-6,965", "Tax Rate for Calcs": "0", "Tax Effect of Unusual Items": "-35.91"}, "8/31/2019": {"Duration": "8/31/2019", "Total Revenue": "171,273", "Cost of Revenue": "72,178", "Gross Profit": "99,095", "Operating Expense": "112,618", "Operating Income": "-13,523", "Net Non Operating Interest Income Expense": "-1,030", "Other Income Expense": "-1,193", "Pretax Income": "-15,746", "Tax Provision": "1,150", "Net Income Common Stockholders": "-16,628", "Diluted NI Available to Com Stockholders": "-16,628", "Basic EPS": "-0.15", "Diluted EPS": "-0.15", "Basic Average Shares": "111,052", "Diluted Average Shares": "111,052", "Total Operating Income as Reported": "-14,151", "Total Expenses": "184,796", "Net Income from Continuing & Discontinued Operation": "-16,628", "Normalized Income": "-16,170", "Interest Expense": "1,030", "Net Interest Income": "-1,030", "EBIT": "-14,716", "EBITDA": "-", "Reconciled Cost of Revenue": "72,178", "Reconciled Depreciation": "19,992", "Net Income from Continuing Operation Net Minority Interest": "-16,628", "Total Unusual Items Excluding Goodwill": "-628", "Total Unusual Items": "-628", "Normalized EBITDA": "5,904", "Tax Rate for Calcs": "0", "Tax Effect of Unusual Items": "-169.56"}, "8/31/2018": {"Duration": "8/31/2018", "Total Revenue": "159,669", "Cost of Revenue": "64,332", "Gross Profit": "95,337", "Operating Expense": "100,884", "Operating Income": "-5,547", "Net Non Operating Interest Income Expense": "-567", "Other Income Expense": "-1,334", "Pretax Income": "-7,448", "Tax Provision": "354", "Net Income Common Stockholders": "-7,802", "Diluted NI Available to Com Stockholders": "-7,802", "Basic EPS": "-0.07", "Diluted EPS": "-0.07", "Basic Average Shares": "114,094", "Diluted Average Shares": "114,094", "Total Operating Income as Reported": "-6,348", "Total Expenses": "165,216", "Net Income from Continuing & Discontinued Operation": "-7,802", "Normalized Income": "-7,217", "Interest Expense": "567", "Net Interest Income": "-567", "EBIT": "-6,881", "EBITDA": "-", "Reconciled Cost of Revenue": "64,332", "Reconciled Depreciation": "19,592", "Net Income from Continuing Operation Net Minority Interest": "-7,802", "Total Unusual Items Excluding Goodwill": "-801", "Total Unusual Items": "-801", "Normalized EBITDA": "13,512", "Tax Rate for Calcs": "0", "Tax Effect of Unusual Items": "-216.27"}}, "bs": {"8/31/2020": {"Duration": "8/31/2020", "Total Assets": "861,100", "Total Liabilities Net Minority Interest": "127,343", "Total Equity Gross Minority Interest": "733,757", "Total Capitalization": "733,757", "Common Stock Equity": "733,757", "Capital Lease Obligations": "25,350", "Net Tangible Assets": "379,615", "Working Capital": "351,621", "Invested Capital": "733,757", "Tangible Book Value": "379,615", "Total Debt": "25,350", "Share Issued": "133,269", "Ordinary Shares Number": "130,714", "Treasury Shares Number": "2,556"}, "8/31/2019": {"Duration": "8/31/2019", "Total Assets": "467,277", "Total Liabilities Net Minority Interest": "78,211", "Total Equity Gross Minority Interest": "389,066", "Total Capitalization": "393,066", "Common Stock Equity": "389,066", "Capital Lease Obligations": "-", "Net Tangible Assets": "17,855", "Working Capital": "-1,376", "Invested Capital": "393,066", "Tangible Book Value": "17,855", "Total Debt": "4,000", "Share Issued": "128,314", "Ordinary Shares Number": "128,314", "Treasury Shares Number": "-"}}, "cf": {"TTM": {"Duration": "TTM", "Operating Cash Flow": "12,580", "Investing Cash Flow": "-291,832", "Financing Cash Flow": "349,338", "End Cash Position": "76,074", "Income Tax Paid Supplemental Data": "2,286", "Interest Paid Supplemental Data": "4", "Capital Expenditure": "-3,920", "Issuance of Capital Stock": "660,281", "Issuance of Debt": "0", "Repayment of Debt": "0", "Repurchase of Capital Stock": "-264,745", "Free Cash Flow": "8,660"}, "8/31/2020": {"Duration": "8/31/2020", "Operating Cash Flow": "25,725", "Investing Cash Flow": "-6,747", "Financing Cash Flow": "358,901", "End Cash Position": "389,878", "Income Tax Paid Supplemental Data": "2,006", "Interest Paid Supplemental Data": "269", "Capital Expenditure": "-6,747", "Issuance of Capital Stock": "872,497", "Issuance of Debt": "5,000", "Repayment of Debt": "-9,000", "Repurchase of Capital Stock": "-462,688", "Free Cash Flow": "18,978"}, "8/31/2019": {"Duration": "8/31/2019", "Operating Cash Flow": "14,833", "Investing Cash Flow": "-19,911", "Financing Cash Flow": "3,198", "End Cash Position": "11,999", "Income Tax Paid Supplemental Data": "976", "Interest Paid Supplemental Data": "527", "Capital Expenditure": "-8,270", "Issuance of Capital Stock": "0", "Issuance of Debt": "12,000", "Repayment of Debt": "-8,000", "Repurchase of Capital Stock": "-", "Free Cash Flow": "6,563"}, "8/31/2018": {"Duration": "8/31/2018", "Operating Cash Flow": "11,833", "Investing Cash Flow": "-8,594", "Financing Cash Flow": "-901", "End Cash Position": "13,879", "Income Tax Paid Supplemental Data": "1,189", "Interest Paid Supplemental Data": "198", "Capital Expenditure": "-8,594", "Issuance of Capital Stock": "0", "Issuance of Debt": "5,000", "Repayment of Debt": "-5,000", "Repurchase of Capital Stock": "0", "Free Cash Flow": "3,239"}}}}, {"EXR": {"quote": {"03/28/2021": {"value": "132.59", "Market Cap": "17.718B", "Beta (5Y Monthly)": "0.21", "PE Ratio (TTM)": "35.74", "EPS (TTM)": "3.71", "Earnings Date": "May 04, 2021 - May 10, 2021", "Forward Dividend & Yield": "4.00 (3.02%)", "Ex-Dividend Date": "Mar 12, 2021", "1y Target Est": "137.67"}}, "fin": {"TTM": {"Duration": "TTM", "Total Revenue": "1,382,617", "Cost of Revenue": "389,662", "Gross Profit": "992,955", "Operating Expense": "324,891", "Operating Income": "668,064", "Net Non Operating Interest Income Expense": "-141,607", "Other Income Expense": "106,232", "Pretax Income": "632,689", "Tax Provision": "15,768", "Net Income Common Stockholders": "575,743", "Average Dilution Earnings": "6,809", "Diluted NI Available to Com Stockholders": "581,303", "Basic EPS": "-", "Diluted EPS": "-", "Basic Average Shares": "-", "Diluted Average Shares": "-", "Total Operating Income as Reported": "750,022", "Total Expenses": "714,553", "Net Income from Continuing & Discontinued Operation": "576,598", "Normalized Income": "496,683", "Interest Income": "25,822", "Interest Expense": "167,429", "Net Interest Income": "-141,607", "EBIT": "800,118", "EBITDA": "1,027,886", "Reconciled Cost of Revenue": "389,662", "Reconciled Depreciation": "227,768", "Net Income from Continuing Operation Net Minority Interest": "576,598", "Total Unusual Items Excluding Goodwill": "81,958", "Total Unusual Items": "81,958", "Normalized EBITDA": "945,928", "Tax Rate for Calcs": "0", "Tax Effect of Unusual Items": "2,043"}, "12/31/2020": {"Duration": "12/31/2020", "Total Revenue": "1,356,212", "Cost of Revenue": "387,109", "Gross Profit": "969,103", "Operating Expense": "321,038", "Operating Income": "648,065", "Net Non Operating Interest Income Expense": "-157,109", "Other Income Expense": "40,436", "Pretax Income": "531,392", "Tax Provision": "13,810", "Net Income Common Stockholders": "481,073", "Average Dilution Earnings": "-", "Diluted NI Available to Com Stockholders": "481,073", "Basic EPS": "3.71", "Diluted EPS": "3.71", "Basic Average Shares": "129,542", "Diluted Average Shares": "129,585", "Total Operating Income as Reported": "666,140", "Total Expenses": "708,147", "Net Income from Continuing & Discontinued Operation": "481,779", "Normalized Income": "464,174", "Interest Income": "15,192", "Interest Expense": "172,301", "Net Interest Income": "-157,109", "EBIT": "703,693", "EBITDA": "-", "Reconciled Cost of Revenue": "387,109", "Reconciled Depreciation": "224,444", "Net Income from Continuing Operation Net Minority Interest": "481,779", "Total Unusual Items Excluding Goodwill": "18,075", "Total Unusual Items": "18,075", "Normalized EBITDA": "910,062", "Tax Rate for Calcs": "0", "Tax Effect of Unusual Items": "469.95"}, "12/31/2019": {"Duration": "12/31/2019", "Total Revenue": "1,308,454", "Cost of Revenue": "365,426", "Gross Profit": "943,028", "Operating Expense": "309,275", "Operating Income": "633,753", "Net Non Operating Interest Income Expense": "-183,801", "Other Income Expense": "12,479", "Pretax Income": "462,431", "Tax Provision": "11,308", "Net Income Common Stockholders": "419,287", "Average Dilution Earnings": "22,119", "Diluted NI Available to Com Stockholders": "441,406", "Basic EPS": "3.27", "Diluted EPS": "3.24", "Basic Average Shares": "128,204", "Diluted Average Shares": "136,434", "Total Operating Income as Reported": "634,958", "Total Expenses": "674,701", "Net Income from Continuing & Discontinued Operation": "419,967", "Normalized Income": "418,792", "Interest Income": "7,467", "Interest Expense": "191,268", "Net Interest Income": "-183,801", "EBIT": "653,699", "EBITDA": "-", "Reconciled Cost of Revenue": "365,426", "Reconciled Depreciation": "219,857", "Net Income from Continuing Operation Net Minority Interest": "419,967", "Total Unusual Items Excluding Goodwill": "1,205", "Total Unusual Items": "1,205", "Normalized EBITDA": "872,351", "Tax Rate for Calcs": "0", "Tax Effect of Unusual Items": "30.125"}, "12/31/2018": {"Duration": "12/31/2018", "Total Revenue": "1,196,604", "Cost of Revenue": "317,402", "Gross Profit": "879,202", "Operating Expense": "290,306", "Operating Income": "588,896", "Net Non Operating Interest Income Expense": "-177,831", "Other Income Expense": "45,259", "Pretax Income": "456,324", "Tax Provision": "9,244", "Net Income Common Stockholders": "414,566", "Average Dilution Earnings": "21,266", "Diluted NI Available to Com Stockholders": "435,832", "Basic EPS": "3.29", "Diluted EPS": "3.27", "Basic Average Shares": "126,087", "Diluted Average Shares": "133,159", "Total Operating Income as Reported": "619,703", "Total Expenses": "607,708", "Net Income from Continuing & Discontinued Operation": "415,289", "Normalized Income": "385,098", "Interest Income": "5,292", "Interest Expense": "183,123", "Net Interest Income": "-177,831", "EBIT": "639,447", "EBITDA": "-", "Reconciled Cost of Revenue": "317,402", "Reconciled Depreciation": "209,050", "Net Income from Continuing Operation Net Minority Interest": "415,289", "Total Unusual Items Excluding Goodwill": "30,807", "Total Unusual Items": "30,807", "Normalized EBITDA": "817,690", "Tax Rate for Calcs": "0", "Tax Effect of Unusual Items": "616.14"}}, "bs": {"12/31/2020": {"Duration": "12/31/2020", "Total Assets": "9,395,848", "Total Liabilities Net Minority Interest": "6,459,724", "Total Equity Gross Minority Interest": "2,936,124", "Total Capitalization": "7,345,082", "Common Stock Equity": "2,547,779", "Capital Lease Obligations": "263,485", "Net Tangible Assets": "2,410,641", "Working Capital": "-704,319", "Invested Capital": "8,294,082", "Tangible Book Value": "2,410,641", "Total Debt": "6,009,788", "Net Debt": "5,637,179", "Share Issued": "131,358", "Ordinary Shares Number": "131,358"}, "12/31/2019": {"Duration": "12/31/2019", "Total Assets": "8,532,377", "Total Liabilities Net Minority Interest": "5,610,683", "Total Equity Gross Minority Interest": "2,921,694", "Total Capitalization": "7,428,447", "Common Stock Equity": "2,539,961", "Capital Lease Obligations": "274,783", "Net Tangible Assets": "2,405,029", "Working Capital": "-243,913", "Invested Capital": "7,586,447", "Tangible Book Value": "2,405,029", "Total Debt": "5,321,269", "Net Debt": "4,980,740", "Share Issued": "129,534", "Ordinary Shares Number": "129,534"}, "12/31/2018": {"Duration": "12/31/2018", "Total Assets": "7,847,978", "Total Liabilities Net Minority Interest": "5,062,556", "Total Equity Gross Minority Interest": "2,785,422", "Total Capitalization": "7,144,239", "Common Stock Equity": "2,413,724", "Capital Lease Obligations": "-", "Net Tangible Assets": "2,281,724", "Working Capital": "-154,968", "Invested Capital": "7,225,239", "Tangible Book Value": "2,281,724", "Total Debt": "4,811,515", "Net Debt": "4,754,019", "Share Issued": "127,104", "Ordinary Shares Number": "127,104"}}, "cf": {"TTM": {"Duration": "TTM", "Operating Cash Flow": "785,856", "Investing Cash Flow": "-852,259", "Financing Cash Flow": "31,268", "End Cash Position": "62,795", "Income Tax Paid Supplemental Data": "5,252", "Interest Paid Supplemental Data": "163,471", "Capital Expenditure": "-6,695", "Issuance of Capital Stock": "377,188", "Issuance of Debt": "4,760,000", "Repayment of Debt": "-4,590,631", "Repurchase of Capital Stock": "-15,669", "Free Cash Flow": "779,161"}, "12/31/2020": {"Duration": "12/31/2020", "Operating Cash Flow": "771,232", "Investing Cash Flow": "-955,427", "Financing Cash Flow": "241,471", "End Cash Position": "128,009", "Income Tax Paid Supplemental Data": "5,181", "Interest Paid Supplemental Data": "159,597", "Capital Expenditure": "-7,093", "Issuance of Capital Stock": "103,468", "Issuance of Debt": "3,281,000", "Repayment of Debt": "-2,589,730", "Repurchase of Capital Stock": "-67,873", "Free Cash Flow": "764,139"}, "12/31/2019": {"Duration": "12/31/2019", "Operating Cash Flow": "707,686", "Investing Cash Flow": "-621,630", "Financing Cash Flow": "-88,013", "End Cash Position": "70,733", "Income Tax Paid Supplemental Data": "10,359", "Interest Paid Supplemental Data": "174,155", "Capital Expenditure": "-7,764", "Issuance of Capital Stock": "198,827", "Issuance of Debt": "2,214,000", "Repayment of Debt": "-2,008,733", "Repurchase of Capital Stock": "-", "Free Cash Flow": "699,922"}, "12/31/2018": {"Duration": "12/31/2018", "Operating Cash Flow": "677,795", "Investing Cash Flow": "-443,898", "Financing Cash Flow": "-247,251", "End Cash Position": "72,690", "Income Tax Paid Supplemental Data": "730", "Interest Paid Supplemental Data": "159,474", "Capital Expenditure": "-4,297", "Issuance of Capital Stock": "90,231", "Issuance of Debt": "1,413,030", "Repayment of Debt": "-1,278,786", "Repurchase of Capital Stock": "-", "Free Cash Flow": "673,498"}}}}, {"EGP": {"quote": {"03/28/2021": {"value": "146.85", "Market Cap": "5.824B", "Beta (5Y Monthly)": "0.73", "PE Ratio (TTM)": "53.21", "EPS (TTM)": "2.76", "Earnings Date": "Apr 28, 2021 - May 03, 2021", "Forward Dividend & Yield": "3.16 (2.15%)", "Ex-Dividend Date": "Mar 30, 2021", "1y Target Est": "147.54"}}, "fin": {"TTM": {"Duration": "TTM", "Total Revenue": "372,326", "Cost of Revenue": "105,359", "Gross Profit": "266,967", "Operating Expense": "134,822", "Operating Income": "132,145", "Net Non Operating Interest Income Expense": "-33,746", "Other Income Expense": "14,051", "Pretax Income": "112,450", "Net Income Common Stockholders": "112,405", "Diluted NI Available to Com Stockholders": "112,405", "Basic EPS": "-", "Diluted EPS": "-", "Basic Average Shares": "-", "Diluted Average Shares": "-", "Total Operating Income as Reported": "-", "Rent Expense Supplemental": "883", "Total Expenses": "240,181", "Net Income from Continuing & Discontinued Operation": "112,405", "Normalized Income": "104,518", "Interest Expense": "31,535", "Net Interest Income": "-33,746", "EBIT": "143,985", "EBITDA": "262,765", "Reconciled Cost of Revenue": "105,359", "Reconciled Depreciation": "118,780", "Net Income from Continuing Operation Net Minority Interest": "112,405", "Total Unusual Items Excluding Goodwill": "13,145", "Total Unusual Items": "13,145", "Normalized EBITDA": "249,620", "Tax Rate for Calcs": "0", "Tax Effect of Unusual Items": "5,258"}, "12/31/2020": {"Duration": "12/31/2020", "Total Revenue": "363,023", "Cost of Revenue": "103,368", "Gross Profit": "259,655", "Operating Expense": "131,424", "Operating Income": "128,231", "Net Non Operating Interest Income Expense": "-33,927", "Other Income Expense": "14,087", "Pretax Income": "108,391", "Net Income Common Stockholders": "108,363", "Diluted NI Available to Com Stockholders": "108,363", "Basic EPS": "2.77", "Diluted EPS": "2.76", "Basic Average Shares": "39,185", "Diluted Average Shares": "39,296", "Total Operating Income as Reported": "-", "Rent Expense Supplemental": "661", "Total Expenses": "234,792", "Net Income from Continuing & Discontinued Operation": "108,363", "Normalized Income": "98,767", "Interest Expense": "31,719", "Net Interest Income": "-33,927", "EBIT": "140,110", "EBITDA": "-", "Reconciled Cost of Revenue": "103,368", "Reconciled Depreciation": "116,359", "Net Income from Continuing Operation Net Minority Interest": "108,363", "Total Unusual Items Excluding Goodwill": "13,145", "Total Unusual Items": "13,145", "Normalized EBITDA": "243,324", "Tax Rate for Calcs": "0", "Tax Effect of Unusual Items": "3,549"}, "12/31/2019": {"Duration": "12/31/2019", "Total Revenue": "331,387", "Cost of Revenue": "93,274", "Gross Profit": "238,113", "Operating Expense": "121,541", "Operating Income": "116,572", "Net Non Operating Interest Income Expense": "-34,463", "Other Income Expense": "41,231", "Pretax Income": "123,340", "Net Income Common Stockholders": "121,662", "Diluted NI Available to Com Stockholders": "121,662", "Basic EPS": "3.25", "Diluted EPS": "3.24", "Basic Average Shares": "37,442", "Diluted Average Shares": "37,527", "Total Operating Income as Reported": "-", "Rent Expense Supplemental": "411", "Total Expenses": "214,815", "Net Income from Continuing & Discontinued Operation": "121,662", "Normalized Income": "91,682", "Interest Expense": "32,329", "Net Interest Income": "-34,463", "EBIT": "155,669", "EBITDA": "-", "Reconciled Cost of Revenue": "93,274", "Reconciled Depreciation": "104,724", "Net Income from Continuing Operation Net Minority Interest": "121,662", "Total Unusual Items Excluding Goodwill": "41,068", "Total Unusual Items": "41,068", "Normalized EBITDA": "219,325", "Tax Rate for Calcs": "0", "Tax Effect of Unusual Items": "11,088"}, "12/31/2018": {"Duration": "12/31/2018", "Total Revenue": "300,392", "Cost of Revenue": "86,394", "Gross Profit": "213,998", "Operating Expense": "105,442", "Operating Income": "108,556", "Net Non Operating Interest Income Expense": "-35,106", "Other Income Expense": "15,186", "Pretax Income": "88,636", "Net Income Common Stockholders": "88,506", "Diluted NI Available to Com Stockholders": "88,506", "Basic EPS": "2.50", "Diluted EPS": "2.49", "Basic Average Shares": "35,439", "Diluted Average Shares": "35,506", "Total Operating Income as Reported": "108,556", "Rent Expense Supplemental": "-", "Total Expenses": "191,836", "Net Income from Continuing & Discontinued Operation": "88,506", "Normalized Income": "78,087", "Interest Expense": "33,018", "Net Interest Income": "-35,106", "EBIT": "121,654", "EBITDA": "-", "Reconciled Cost of Revenue": "86,394", "Reconciled Depreciation": "91,704", "Net Income from Continuing Operation Net Minority Interest": "88,506", "Total Unusual Items Excluding Goodwill": "14,273", "Total Unusual Items": "14,273", "Normalized EBITDA": "199,085", "Tax Rate for Calcs": "0", "Tax Effect of Unusual Items": "3,854"}}, "bs": {"12/31/2020": {"Duration": "12/31/2020", "Total Assets": "2,720,803", "Total Liabilities Net Minority Interest": "1,450,285", "Total Equity Gross Minority Interest": "1,270,518", "Total Capitalization": "2,580,533", "Common Stock Equity": "1,269,638", "Capital Lease Obligations": "13,366", "Net Tangible Assets": "1,253,501", "Working Capital": "-10,478", "Invested Capital": "2,585,709", "Tangible Book Value": "1,253,501", "Total Debt": "1,329,437", "Net Debt": "1,316,050", "Share Issued": "39,677", "Ordinary Shares Number": "39,677"}, "12/31/2019": {"Duration": "12/31/2019", "Total Assets": "2,546,078", "Total Liabilities Net Minority Interest": "1,343,749", "Total Equity Gross Minority Interest": "1,202,329", "Total Capitalization": "2,383,166", "Common Stock Equity": "1,200,564", "Capital Lease Obligations": "14,189", "Net Tangible Assets": "1,181,944", "Working Capital": "-41,160", "Invested Capital": "2,408,937", "Tangible Book Value": "1,181,944", "Total Debt": "1,222,562", "Net Debt": "1,208,149", "Share Issued": "38,926", "Ordinary Shares Number": "38,926"}, "12/31/2018": {"Duration": "12/31/2018", "Total Assets": "2,131,705", "Total Liabilities Net Minority Interest": "1,227,002", "Total Equity Gross Minority Interest": "904,703", "Total Capitalization": "2,008,846", "Common Stock Equity": "903,059", "Capital Lease Obligations": "2,863", "Net Tangible Assets": "889,643", "Working Capital": "-49,197", "Invested Capital": "2,023,894", "Tangible Book Value": "889,643", "Total Debt": "1,120,835", "Net Debt": "1,120,461", "Share Issued": "36,501", "Ordinary Shares Number": "36,501"}}, "cf": {"TTM": {"Duration": "TTM", "Operating Cash Flow": "223,668", "Investing Cash Flow": "-253,551", "Financing Cash Flow": "29,280", "End Cash Position": "68", "Interest Paid Supplemental Data": "30,684", "Issuance of Capital Stock": "122,414", "Issuance of Debt": "725,408", "Repayment of Debt": "-690,402", "Free Cash Flow": "223,668"}, "12/31/2020": {"Duration": "12/31/2020", "Operating Cash Flow": "196,285", "Investing Cash Flow": "-288,256", "Financing Cash Flow": "91,768", "End Cash Position": "21", "Interest Paid Supplemental Data": "32,362", "Issuance of Capital Stock": "90,721", "Issuance of Debt": "900,387", "Repayment of Debt": "-772,403", "Free Cash Flow": "196,285"}, "12/31/2019": {"Duration": "12/31/2019", "Operating Cash Flow": "195,912", "Investing Cash Flow": "-443,337", "Financing Cash Flow": "247,275", "End Cash Position": "224", "Interest Paid Supplemental Data": "30,839", "Issuance of Capital Stock": "284,710", "Issuance of Debt": "1,222,658", "Repayment of Debt": "-1,146,271", "Free Cash Flow": "195,912"}, "12/31/2018": {"Duration": "12/31/2018", "Operating Cash Flow": "164,731", "Investing Cash Flow": "-241,435", "Financing Cash Flow": "77,062", "End Cash Position": "374", "Interest Paid Supplemental Data": "33,458", "Issuance of Capital Stock": "157,319", "Issuance of Debt": "508,100", "Repayment of Debt": "-509,998", "Free Cash Flow": "164,731"}}}}, {"FR": {"quote": {"03/28/2021": {"value": "47.39", "Market Cap": "6.119B", "Beta (5Y Monthly)": "0.85", "PE Ratio (TTM)": "30.97", "EPS (TTM)": "1.53", "Earnings Date": "Apr 20, 2021 - Apr 26, 2021", "Forward Dividend & Yield": "1.08 (2.28%)", "Ex-Dividend Date": "Mar 30, 2021", "1y Target Est": "46.82"}}, "fin": {"TTM": {"Duration": "TTM", "Total Revenue": "453,944", "Cost of Revenue": "123,356", "Gross Profit": "330,588", "Operating Expense": "162,843", "Operating Income": "167,745", "Net Non Operating Interest Income Expense": "-54,751", "Other Income Expense": "107,403", "Pretax Income": "220,397", "Tax Provision": "2,330", "Earnings from Equity Interest Net of Tax": "4,156", "Net Income Common Stockholders": "217,237", "Diluted NI Available to Com Stockholders": "217,237", "Basic EPS": "-", "Diluted EPS": "-", "Basic Average Shares": "-", "Diluted Average Shares": "-", "Total Expenses": "286,199", "Net Income from Continuing & Discontinued Operation": "217,553", "Normalized Income": "111,285", "Interest Expense": "51,162", "Net Interest Income": "-54,751", "EBIT": "271,559", "EBITDA": "402,241", "Reconciled Cost of Revenue": "150,157", "Reconciled Depreciation": "103,881", "Net Income from Continuing Operation Net Minority Interest": "217,553", "Total Unusual Items Excluding Goodwill": "107,403", "Total Unusual Items": "107,403", "Normalized EBITDA": "294,838", "Tax Rate for Calcs": "0", "Tax Effect of Unusual Items": "1,135"}, "12/31/2020": {"Duration": "12/31/2020", "Total Revenue": "448,028", "Cost of Revenue": "119,195", "Gross Profit": "328,833", "Operating Expense": "162,486", "Operating Income": "166,347", "Net Non Operating Interest Income Expense": "-54,721", "Other Income Expense": "86,751", "Pretax Income": "198,377", "Tax Provision": "2,408", "Earnings from Equity Interest Net of Tax": "4,200", "Net Income Common Stockholders": "195,675", "Diluted NI Available to Com Stockholders": "195,675", "Basic EPS": "1.53", "Diluted EPS": "1.53", "Basic Average Shares": "127,711", "Diluted Average Shares": "127,904", "Total Expenses": "281,681", "Net Income from Continuing & Discontinued Operation": "195,989", "Normalized Income": "110,291", "Interest Expense": "51,293", "Net Interest Income": "-54,721", "EBIT": "249,670", "EBITDA": "-", "Reconciled Cost of Revenue": "146,300", "Reconciled Depreciation": "102,533", "Net Income from Continuing Operation Net Minority Interest": "195,989", "Total Unusual Items Excluding Goodwill": "86,751", "Total Unusual Items": "86,751", "Normalized EBITDA": "292,557", "Tax Rate for Calcs": "0", "Tax Effect of Unusual Items": "1,053"}, "12/31/2019": {"Duration": "12/31/2019", "Total Revenue": "425,984", "Cost of Revenue": "116,585", "Gross Profit": "309,399", "Operating Expense": "149,798", "Operating Income": "159,601", "Net Non Operating Interest Income Expense": "-53,491", "Other Income Expense": "124,942", "Pretax Income": "231,052", "Tax Provision": "3,406", "Earnings from Equity Interest Net of Tax": "16,235", "Net Income Common Stockholders": "238,775", "Diluted NI Available to Com Stockholders": "238,775", "Basic EPS": "1.89", "Diluted EPS": "1.88", "Basic Average Shares": "126,392", "Diluted Average Shares": "126,691", "Total Expenses": "266,383", "Net Income from Continuing & Discontinued Operation": "238,775", "Normalized Income": "115,675", "Interest Expense": "50,273", "Net Interest Income": "-53,491", "EBIT": "281,325", "EBITDA": "-", "Reconciled Cost of Revenue": "139,481", "Reconciled Depreciation": "98,333", "Net Income from Continuing Operation Net Minority Interest": "238,775", "Total Unusual Items Excluding Goodwill": "124,942", "Total Unusual Items": "124,942", "Normalized EBITDA": "277,612", "Tax Rate for Calcs": "0", "Tax Effect of Unusual Items": "1,842"}, "12/31/2018": {"Duration": "12/31/2018", "Total Revenue": "403,954", "Cost of Revenue": "116,854", "Gross Profit": "287,100", "Operating Expense": "144,208", "Operating Income": "142,892", "Net Non Operating Interest Income Expense": "-54,179", "Other Income Expense": "78,805", "Pretax Income": "167,518", "Tax Provision": "-92", "Earnings from Equity Interest Net of Tax": "-276", "Net Income Common Stockholders": "163,239", "Diluted NI Available to Com Stockholders": "163,239", "Basic EPS": "1.31", "Diluted EPS": "1.31", "Basic Average Shares": "123,804", "Diluted Average Shares": "124,191", "Total Expenses": "261,062", "Net Income from Continuing & Discontinued Operation": "163,239", "Normalized Income": "105,711", "Interest Expense": "50,775", "Net Interest Income": "-54,179", "EBIT": "218,293", "EBITDA": "-", "Reconciled Cost of Revenue": "138,687", "Reconciled Depreciation": "94,626", "Net Income from Continuing Operation Net Minority Interest": "163,239", "Total Unusual Items Excluding Goodwill": "78,805", "Total Unusual Items": "78,805", "Normalized EBITDA": "255,947", "Tax Rate for Calcs": "0", "Tax Effect of Unusual Items": "21,277"}}, "bs": {"12/31/2020": {"Duration": "12/31/2020", "Total Assets": "3,791,938", "Total Liabilities Net Minority Interest": "1,844,618", "Total Equity Gross Minority Interest": "1,947,320", "Total Capitalization": "3,497,375", "Common Stock Equity": "1,902,734", "Capital Lease Obligations": "22,826", "Net Tangible Assets": "1,902,734", "Working Capital": "270,927", "Invested Capital": "3,497,375", "Tangible Book Value": "1,902,734", "Total Debt": "1,617,467", "Net Debt": "1,432,551", "Share Issued": "129,051", "Ordinary Shares Number": "129,051"}, "12/31/2019": {"Duration": "12/31/2019", "Total Assets": "3,518,828", "Total Liabilities Net Minority Interest": "1,720,565", "Total Equity Gross Minority Interest": "1,798,263", "Total Capitalization": "3,247,964", "Common Stock Equity": "1,764,399", "Capital Lease Obligations": "22,369", "Net Tangible Assets": "1,764,399", "Working Capital": "276,577", "Invested Capital": "3,247,964", "Tangible Book Value": "1,764,399", "Total Debt": "1,505,934", "Net Debt": "1,462,445", "Share Issued": "126,994", "Ordinary Shares Number": "126,994"}, "12/31/2018": {"Duration": "12/31/2018", "Total Assets": "3,142,691", "Total Liabilities Net Minority Interest": "1,462,780", "Total Equity Gross Minority Interest": "1,679,911", "Total Capitalization": "2,943,297", "Common Stock Equity": "1,645,514", "Capital Lease Obligations": "-", "Net Tangible Assets": "1,645,514", "Working Capital": "120,317", "Invested Capital": "2,943,297", "Tangible Book Value": "1,645,514", "Total Debt": "1,297,783", "Net Debt": "1,254,681", "Share Issued": "126,307", "Ordinary Shares Number": "126,307"}}, "cf": {"TTM": {"Duration": "TTM", "Operating Cash Flow": "242,217", "Investing Cash Flow": "-90,748", "Financing Cash Flow": "-106,775", "End Cash Position": "179,698", "Income Tax Paid Supplemental Data": "-", "Interest Paid Supplemental Data": "-", "Issuance of Capital Stock": "-", "Issuance of Debt": "315,000", "Repayment of Debt": "-365,162", "Repurchase of Capital Stock": "-", "Free Cash Flow": "242,217"}, "12/31/2020": {"Duration": "12/31/2020", "Operating Cash Flow": "241,081", "Investing Cash Flow": "-251,738", "Financing Cash Flow": "57,597", "End Cash Position": "199,658", "Income Tax Paid Supplemental Data": "1,573", "Interest Paid Supplemental Data": "48,849", "Issuance of Capital Stock": "78,718", "Issuance of Debt": "547,000", "Repayment of Debt": "-435,146", "Repurchase of Capital Stock": "-", "Free Cash Flow": "241,081"}, "12/31/2019": {"Duration": "12/31/2019", "Operating Cash Flow": "245,620", "Investing Cash Flow": "-205,386", "Financing Cash Flow": "62,111", "End Cash Position": "152,718", "Income Tax Paid Supplemental Data": "3,583", "Interest Paid Supplemental Data": "47,801", "Issuance of Capital Stock": "0", "Issuance of Debt": "565,000", "Repayment of Debt": "-380,250", "Repurchase of Capital Stock": "-", "Free Cash Flow": "245,620"}, "12/31/2018": {"Duration": "12/31/2018", "Operating Cash Flow": "210,505", "Investing Cash Flow": "-223,398", "Financing Cash Flow": "16,784", "End Cash Position": "50,373", "Income Tax Paid Supplemental Data": "457", "Interest Paid Supplemental Data": "47,408", "Issuance of Capital Stock": "145,584", "Issuance of Debt": "537,000", "Repayment of Debt": "-547,146", "Repurchase of Capital Stock": "-6,020", "Free Cash Flow": "210,505"}}}}, {"STAG": {"quote": {"03/28/2021": {"value": "34.20", "Market Cap": "5.441B", "Beta (5Y Monthly)": "0.92", "PE Ratio (TTM)": "25.91", "EPS (TTM)": "1.32", "Earnings Date": "Apr 28, 2021 - May 03, 2021", "Forward Dividend & Yield": "1.45 (4.24%)", "Ex-Dividend Date": "Mar 30, 2021", "1y Target Est": "35.50"}}, "fin": {"TTM": {"Duration": "TTM", "Total Revenue": "483,411", "Cost of Revenue": "89,359", "Gross Profit": "394,052", "Operating Expense": "254,810", "Operating Income": "139,242", "Net Non Operating Interest Income Expense": "-61,897", "Other Income Expense": "129,450", "Pretax Income": "206,795", "Net Income Common Stockholders": "196,720", "Diluted NI Available to Com Stockholders": "196,720", "Basic EPS": "-", "Diluted EPS": "-", "Basic Average Shares": "-", "Diluted Average Shares": "-", "Total Expenses": "344,169", "Net Income from Continuing & Discontinued Operation": "202,147", "Normalized Income": "107,742", "Interest Income": "446", "Interest Expense": "62,343", "Net Interest Income": "-61,897", "EBIT": "269,138", "EBITDA": "488,217", "Reconciled Cost of Revenue": "85,018", "Reconciled Depreciation": "219,079", "Net Income from Continuing Operation Net Minority Interest": "202,147", "Total Unusual Items Excluding Goodwill": "129,322", "Total Unusual Items": "129,322", "Normalized EBITDA": "358,895", "Tax Rate for Calcs": "0", "Tax Effect of Unusual Items": "34,917"}, "12/31/2020": {"Duration": "12/31/2020", "Total Revenue": "483,411", "Cost of Revenue": "89,359", "Gross Profit": "394,052", "Operating Expense": "254,810", "Operating Income": "139,242", "Net Non Operating Interest Income Expense": "-61,897", "Other Income Expense": "129,450", "Pretax Income": "206,795", "Net Income Common Stockholders": "196,720", "Diluted NI Available to Com Stockholders": "196,720", "Basic EPS": "1.32", "Diluted EPS": "1.32", "Basic Average Shares": "148,791", "Diluted Average Shares": "149,215", "Total Expenses": "344,169", "Net Income from Continuing & Discontinued Operation": "202,147", "Normalized Income": "107,742", "Interest Income": "446", "Interest Expense": "62,343", "Net Interest Income": "-61,897", "EBIT": "269,138", "EBITDA": "-", "Reconciled Cost of Revenue": "85,018", "Reconciled Depreciation": "219,079", "Net Income from Continuing Operation Net Minority Interest": "202,147", "Total Unusual Items Excluding Goodwill": "129,322", "Total Unusual Items": "129,322", "Normalized EBITDA": "358,895", "Tax Rate for Calcs": "0", "Tax Effect of Unusual Items": "34,917"}, "12/31/2019": {"Duration": "12/31/2019", "Total Revenue": "405,950", "Cost of Revenue": "75,179", "Gross Profit": "330,771", "Operating Expense": "221,396", "Operating Income": "109,375", "Net Non Operating Interest Income Expense": "-54,560", "Other Income Expense": "-4,150", "Pretax Income": "50,665", "Net Income Common Stockholders": "43,811", "Diluted NI Available to Com Stockholders": "43,811", "Basic EPS": "0.35", "Diluted EPS": "0.35", "Basic Average Shares": "125,389", "Diluted Average Shares": "125,678", "Total Expenses": "296,575", "Net Income from Continuing & Discontinued Operation": "49,281", "Normalized Income": "51,007", "Interest Income": "87", "Interest Expense": "54,647", "Net Interest Income": "-54,560", "EBIT": "105,312", "EBITDA": "-", "Reconciled Cost of Revenue": "70,317", "Reconciled Depreciation": "190,312", "Net Income from Continuing Operation Net Minority Interest": "49,281", "Total Unusual Items Excluding Goodwill": "-2,365", "Total Unusual Items": "-2,365", "Normalized EBITDA": "297,989", "Tax Rate for Calcs": "0", "Tax Effect of Unusual Items": "-638.55"}, "12/31/2018": {"Duration": "12/31/2018", "Total Revenue": "350,993", "Cost of Revenue": "69,021", "Gross Profit": "281,972", "Operating Expense": "201,669", "Operating Income": "80,303", "Net Non Operating Interest Income Expense": "-48,797", "Other Income Expense": "64,739", "Pretax Income": "96,245", "Net Income Common Stockholders": "82,385", "Diluted NI Available to Com Stockholders": "82,385", "Basic EPS": "0.80", "Diluted EPS": "0.79", "Basic Average Shares": "103,401", "Diluted Average Shares": "103,807", "Total Expenses": "270,690", "Net Income from Continuing & Discontinued Operation": "92,926", "Normalized Income": "44,734", "Interest Income": "20", "Interest Expense": "48,817", "Net Interest Income": "-48,797", "EBIT": "145,062", "EBITDA": "-", "Reconciled Cost of Revenue": "69,021", "Reconciled Depreciation": "167,617", "Net Income from Continuing Operation Net Minority Interest": "92,926", "Total Unusual Items Excluding Goodwill": "66,016", "Total Unusual Items": "66,016", "Normalized EBITDA": "246,663", "Tax Rate for Calcs": "0", "Tax Effect of Unusual Items": "17,824"}}, "bs": {"12/31/2020": {"Duration": "12/31/2020", "Total Assets": "4,692,646", "Total Liabilities Net Minority Interest": "1,921,594", "Total Equity Gross Minority Interest": "2,771,052", "Total Capitalization": "4,312,497", "Preferred Stock Equity": "75,000", "Common Stock Equity": "2,641,207", "Capital Lease Obligations": "27,898", "Net Tangible Assets": "2,216,405", "Working Capital": "-54,094", "Invested Capital": "4,344,497", "Tangible Book Value": "2,141,405", "Total Debt": "1,731,188", "Net Debt": "1,687,624", "Share Issued": "158,210", "Ordinary Shares Number": "158,210", "Preferred Shares Number": "3,000"}, "12/31/2019": {"Duration": "12/31/2019", "Total Assets": "4,164,645", "Total Liabilities Net Minority Interest": "1,800,754", "Total Equity Gross Minority Interest": "2,363,891", "Total Capitalization": "3,804,541", "Preferred Stock Equity": "75,000", "Common Stock Equity": "2,230,528", "Capital Lease Obligations": "16,989", "Net Tangible Assets": "1,830,379", "Working Capital": "-66,496", "Invested Capital": "3,875,541", "Tangible Book Value": "1,755,379", "Total Debt": "1,662,002", "Net Debt": "1,635,972", "Share Issued": "142,816", "Ordinary Shares Number": "142,816", "Preferred Shares Number": "3,000"}, "12/31/2018": {"Duration": "12/31/2018", "Total Assets": "3,102,532", "Total Liabilities Net Minority Interest": "1,432,900", "Total Equity Gross Minority Interest": "1,669,632", "Total Capitalization": "2,839,211", "Preferred Stock Equity": "75,000", "Common Stock Equity": "1,538,803", "Capital Lease Obligations": "-", "Net Tangible Assets": "1,271,788", "Working Capital": "-58,081", "Invested Capital": "2,864,711", "Tangible Book Value": "1,196,788", "Total Debt": "1,325,908", "Net Debt": "1,317,940", "Share Issued": "112,166", "Ordinary Shares Number": "112,166", "Preferred Shares Number": "5,800"}}, "cf": {"TTM": {"Duration": "TTM", "Operating Cash Flow": "293,922", "Investing Cash Flow": "-554,623", "Financing Cash Flow": "269,176", "End Cash Position": "20,339", "Interest Paid Supplemental Data": "58,704", "Capital Expenditure": "-110,840", "Issuance of Capital Stock": "438,499", "Issuance of Debt": "1,314,000", "Repayment of Debt": "-1,255,983", "Repurchase of Capital Stock": "-", "Free Cash Flow": "183,082"}, "12/31/2020": {"Duration": "12/31/2020", "Operating Cash Flow": "293,922", "Investing Cash Flow": "-554,623", "Financing Cash Flow": "269,176", "End Cash Position": "20,339", "Interest Paid Supplemental Data": "58,704", "Capital Expenditure": "-110,840", "Issuance of Capital Stock": "438,499", "Issuance of Debt": "1,314,000", "Repayment of Debt": "-1,255,983", "Repurchase of Capital Stock": "-", "Free Cash Flow": "183,082"}, "12/31/2019": {"Duration": "12/31/2019", "Operating Cash Flow": "233,357", "Investing Cash Flow": "-1,222,574", "Financing Cash Flow": "978,539", "End Cash Position": "11,864", "Interest Paid Supplemental Data": "51,490", "Capital Expenditure": "-205,621", "Issuance of Capital Stock": "852,375", "Issuance of Debt": "1,843,000", "Repayment of Debt": "-1,524,426", "Repurchase of Capital Stock": "0", "Free Cash Flow": "27,736"}, "12/31/2018": {"Duration": "12/31/2018", "Operating Cash Flow": "197,769", "Investing Cash Flow": "-507,201", "Financing Cash Flow": "303,845", "End Cash Position": "22,542", "Interest Paid Supplemental Data": "46,364", "Capital Expenditure": "-110,287", "Issuance of Capital Stock": "390,447", "Issuance of Debt": "1,219,500", "Repayment of Debt": "-1,066,843", "Repurchase of Capital Stock": "-70,000", "Free Cash Flow": "87,482"}}}}, {"PLD": {"quote": {"03/28/2021": {"value": "106.78", "Market Cap": "78.99B", "Beta (5Y Monthly)": "0.77", "PE Ratio (TTM)": "53.18", "EPS (TTM)": "2.01", "Earnings Date": "Apr 19, 2021 - Apr 23, 2021", "Forward Dividend & Yield": "2.52 (2.36%)", "Ex-Dividend Date": "Mar 18, 2021", "1y Target Est": "118.81"}}, "fin": {"TTM": {"Duration": "TTM", "Total Revenue": "4,608,810", "Cost of Revenue": "1,223,246", "Gross Profit": "3,385,564", "Operating Expense": "1,915,642", "Operating Income": "1,469,922", "Net Non Operating Interest Income Expense": "-304,087", "Other Income Expense": "455,225", "Pretax Income": "1,620,421", "Tax Provision": "125,262", "Net Income Common Stockholders": "1,349,519", "Average Dilution Earnings": "38,209", "Diluted NI Available to Com Stockholders": "1,387,728", "Basic EPS": "-", "Diluted EPS": "-", "Basic Average Shares": "-", "Diluted Average Shares": "-", "Total Operating Income as Reported": "2,183,084", "Total Expenses": "3,138,888", "Net Income from Continuing & Discontinued Operation": "1,358,108", "Normalized Income": "1,192,451", "Interest Income": "5,420", "Interest Expense": "294,907", "Net Interest Income": "-304,087", "EBIT": "1,915,328", "EBITDA": "3,528,902", "Reconciled Cost of Revenue": "1,223,246", "Reconciled Depreciation": "1,613,574", "Net Income from Continuing Operation Net Minority Interest": "1,358,108", "Total Unusual Items Excluding Goodwill": "179,536", "Total Unusual Items": "179,536", "Normalized EBITDA": "3,349,366", "Tax Rate for Calcs": "0", "Tax Effect of Unusual Items": "13,879"}, "12/31/2020": {"Duration": "12/31/2020", "Total Revenue": "4,438,735", "Cost of Revenue": "1,170,104", "Gross Profit": "3,268,631", "Operating Expense": "1,866,824", "Operating Income": "1,401,807", "Net Non Operating Interest Income Expense": "-313,463", "Other Income Expense": "658,744", "Pretax Income": "1,747,088", "Tax Provision": "130,458", "Net Income Common Stockholders": "1,473,122", "Average Dilution Earnings": "41,938", "Diluted NI Available to Com Stockholders": "1,515,060", "Basic EPS": "2.02", "Diluted EPS": "2.01", "Basic Average Shares": "728,323", "Diluted Average Shares": "754,414", "Total Operating Income as Reported": "2,118,944", "Total Expenses": "3,036,928", "Net Income from Continuing & Discontinued Operation": "1,481,814", "Normalized Income": "1,147,424", "Interest Income": "1,044", "Interest Expense": "299,907", "Net Interest Income": "-313,463", "EBIT": "2,046,995", "EBITDA": "-", "Reconciled Cost of Revenue": "1,170,104", "Reconciled Depreciation": "1,561,969", "Net Income from Continuing Operation Net Minority Interest": "1,481,814", "Total Unusual Items Excluding Goodwill": "361,374", "Total Unusual Items": "361,374", "Normalized EBITDA": "3,247,590", "Tax Rate for Calcs": "0", "Tax Effect of Unusual Items": "26,984"}, "12/31/2019": {"Duration": "12/31/2019", "Total Revenue": "3,330,621", "Cost of Revenue": "918,927", "Gross Profit": "2,411,694", "Operating Expense": "1,419,746", "Operating Income": "991,948", "Net Non Operating Interest Income Expense": "-215,740", "Other Income Expense": "1,000,155", "Pretax Income": "1,776,363", "Tax Provision": "74,517", "Net Income Common Stockholders": "1,566,950", "Average Dilution Earnings": "46,986", "Diluted NI Available to Com Stockholders": "1,613,936", "Basic EPS": "2.48", "Diluted EPS": "2.46", "Basic Average Shares": "630,580", "Diluted Average Shares": "654,903", "Total Operating Income as Reported": "1,849,766", "Total Expenses": "2,338,673", "Net Income from Continuing & Discontinued Operation": "1,572,959", "Normalized Income": "806,540", "Interest Income": "24,213", "Interest Expense": "226,660", "Net Interest Income": "-215,740", "EBIT": "2,003,023", "EBITDA": "-", "Reconciled Cost of Revenue": "918,927", "Reconciled Depreciation": "1,139,879", "Net Income from Continuing Operation Net Minority Interest": "1,572,959", "Total Unusual Items Excluding Goodwill": "799,977", "Total Unusual Items": "799,977", "Normalized EBITDA": "2,342,925", "Tax Rate for Calcs": "0", "Tax Effect of Unusual Items": "33,558"}, "12/31/2018": {"Duration": "12/31/2018", "Total Revenue": "2,804,449", "Cost of Revenue": "757,688", "Gross Profit": "2,046,761", "Operating Expense": "1,199,759", "Operating Income": "847,002", "Net Non Operating Interest Income Expense": "-214,478", "Other Income Expense": "1,253,766", "Pretax Income": "1,886,290", "Tax Provision": "63,330", "Net Income Common Stockholders": "1,643,426", "Average Dilution Earnings": "49,743", "Diluted NI Available to Com Stockholders": "1,693,169", "Basic EPS": "2.90", "Diluted EPS": "2.87", "Basic Average Shares": "567,367", "Diluted Average Shares": "590,239", "Total Operating Income as Reported": "847,002", "Total Expenses": "1,957,447", "Net Income from Continuing & Discontinued Operation": "1,649,361", "Normalized Income": "725,935", "Interest Income": "14,663", "Interest Expense": "215,898", "Net Interest Income": "-214,478", "EBIT": "2,102,188", "EBITDA": "-", "Reconciled Cost of Revenue": "757,688", "Reconciled Depreciation": "947,214", "Net Income from Continuing Operation Net Minority Interest": "1,649,361", "Total Unusual Items Excluding Goodwill": "955,506", "Total Unusual Items": "955,506", "Normalized EBITDA": "2,093,896", "Tax Rate for Calcs": "0", "Tax Effect of Unusual Items": "32,080"}}, "bs": {"12/31/2020": {"Duration": "12/31/2020", "Total Assets": "56,065,005", "Total Liabilities Net Minority Interest": "19,740,425", "Total Equity Gross Minority Interest": "36,324,580", "Total Capitalization": "48,648,829", "Preferred Stock Equity": "63,948", "Common Stock Equity": "31,907,599", "Capital Lease Obligations": "486,972", "Net Tangible Assets": "31,244,726", "Working Capital": "746,364", "Invested Capital": "48,756,675", "Tangible Book Value": "31,180,778", "Total Debt": "17,336,048", "Net Debt": "16,250,990", "Share Issued": "739,381", "Ordinary Shares Number": "739,381", "Preferred Shares Number": "1,279"}, "12/31/2019": {"Duration": "12/31/2019", "Total Assets": "40,031,850", "Total Liabilities Net Minority Interest": "13,960,066", "Total Equity Gross Minority Interest": "26,071,784", "Total Capitalization": "34,374,749", "Preferred Stock Equity": "68,948", "Common Stock Equity": "22,584,179", "Capital Lease Obligations": "471,634", "Net Tangible Assets": "22,338,948", "Working Capital": "1,154,391", "Invested Capital": "34,490,056", "Tangible Book Value": "22,270,000", "Total Debt": "12,377,511", "Net Debt": "10,817,022", "Share Issued": "631,797", "Ordinary Shares Number": "631,797", "Preferred Shares Number": "1,379"}, "12/31/2018": {"Duration": "12/31/2018", "Total Assets": "38,417,664", "Total Liabilities Net Minority Interest": "12,616,776", "Total Equity Gross Minority Interest": "25,800,888", "Total Capitalization": "33,337,408", "Preferred Stock Equity": "68,948", "Common Stock Equity": "22,229,145", "Capital Lease Obligations": "-", "Net Tangible Assets": "21,847,403", "Working Capital": "432,433", "Invested Capital": "33,318,960", "Tangible Book Value": "21,778,455", "Total Debt": "11,089,815", "Net Debt": "10,745,959", "Share Issued": "629,616", "Ordinary Shares Number": "629,616", "Preferred Shares Number": "1,379"}}, "cf": {"TTM": {"Duration": "TTM", "Operating Cash Flow": "3,074,606", "Investing Cash Flow": "-1,172,251", "Financing Cash Flow": "-2,014,886", "End Cash Position": "695,340", "Capital Expenditure": "-", "Issuance of Capital Stock": "2,076", "Issuance of Debt": "4,863,221", "Repayment of Debt": "-4,650,281", "Repurchase of Capital Stock": "-7,200", "Free Cash Flow": "3,074,606"}, "12/31/2020": {"Duration": "12/31/2020", "Operating Cash Flow": "2,937,005", "Investing Cash Flow": "-3,074,330", "Financing Cash Flow": "-372,162", "End Cash Position": "598,086", "Capital Expenditure": "-", "Issuance of Capital Stock": "2,217", "Issuance of Debt": "7,824,517", "Repayment of Debt": "-6,793,265", "Repurchase of Capital Stock": "-42,029", "Free Cash Flow": "2,937,005"}, "12/31/2019": {"Duration": "12/31/2019", "Operating Cash Flow": "2,264,034", "Investing Cash Flow": "-685,350", "Financing Cash Flow": "-839,599", "End Cash Position": "1,088,855", "Capital Expenditure": "-", "Issuance of Capital Stock": "6,082", "Issuance of Debt": "4,104,522", "Repayment of Debt": "-3,301,827", "Repurchase of Capital Stock": "0", "Free Cash Flow": "2,264,034"}, "12/31/2018": {"Duration": "12/31/2018", "Operating Cash Flow": "1,803,559", "Investing Cash Flow": "-663,796", "Financing Cash Flow": "-1,232,101", "End Cash Position": "343,856", "Capital Expenditure": "-", "Issuance of Capital Stock": "6,891", "Issuance of Debt": "4,225,121", "Repayment of Debt": "-4,166,088", "Repurchase of Capital Stock": "0", "Free Cash Flow": "1,803,559"}}}}, {"REXR": {"quote": {"03/28/2021": {"value": "51.44", "Market Cap": "6.761B", "Beta (5Y Monthly)": "0.61", "PE Ratio (TTM)": "101.26", "EPS (TTM)": "0.51", "Earnings Date": "May 03, 2021 - May 07, 2021", "Forward Dividend & Yield": "0.96 (1.87%)", "Ex-Dividend Date": "Mar 30, 2021", "1y Target Est": "55.43"}}, "fin": {"TTM": {"Duration": "TTM", "Total Revenue": "351,963", "Cost of Revenue": "85,177", "Gross Profit": "266,786", "Operating Expense": "161,848", "Operating Income": "104,938", "Net Non Operating Interest Income Expense": "-32,897", "Other Income Expense": "24,225", "Pretax Income": "96,266", "Net Income Common Stockholders": "75,458", "Diluted NI Available to Com Stockholders": "75,458", "Basic EPS": "-", "Diluted EPS": "-", "Basic Average Shares": "-", "Diluted Average Shares": "-", "Total Expenses": "247,025", "Net Income from Continuing & Discontinued Operation": "90,522", "Normalized Income": "75,987", "Interest Income": "255", "Interest Expense": "33,152", "Net Interest Income": "-32,897", "EBIT": "129,418", "EBITDA": "252,308", "Reconciled Cost of Revenue": "85,177", "Reconciled Depreciation": "122,890", "Net Income from Continuing Operation Net Minority Interest": "90,522", "Total Unusual Items Excluding Goodwill": "24,225", "Total Unusual Items": "24,225", "Normalized EBITDA": "228,083", "Tax Rate for Calcs": "0", "Tax Effect of Unusual Items": "9,690"}, "12/31/2020": {"Duration": "12/31/2020", "Total Revenue": "329,797", "Cost of Revenue": "79,716", "Gross Profit": "250,081", "Operating Expense": "152,064", "Operating Income": "98,017", "Net Non Operating Interest Income Expense": "-30,511", "Other Income Expense": "13,389", "Pretax Income": "80,895", "Net Income Common Stockholders": "61,349", "Diluted NI Available to Com Stockholders": "61,349", "Basic EPS": "0.51", "Diluted EPS": "0.51", "Basic Average Shares": "120,874", "Diluted Average Shares": "121,178", "Total Expenses": "231,780", "Net Income from Continuing & Discontinued Operation": "76,403", "Normalized Income": "66,629", "Interest Income": "338", "Interest Expense": "30,849", "Net Interest Income": "-30,511", "EBIT": "111,744", "EBITDA": "-", "Reconciled Cost of Revenue": "79,716", "Reconciled Depreciation": "115,269", "Net Income from Continuing Operation Net Minority Interest": "76,403", "Total Unusual Items Excluding Goodwill": "13,389", "Total Unusual Items": "13,389", "Normalized EBITDA": "213,624", "Tax Rate for Calcs": "0", "Tax Effect of Unusual Items": "3,615"}, "12/31/2019": {"Duration": "12/31/2019", "Total Revenue": "264,658", "Cost of Revenue": "63,272", "Gross Profit": "201,386", "Operating Expense": "129,191", "Operating Income": "72,195", "Net Non Operating Interest Income Expense": "-24,320", "Other Income Expense": "16,126", "Pretax Income": "64,001", "Net Income Common Stockholders": "50,477", "Diluted NI Available to Com Stockholders": "50,477", "Basic EPS": "0.47", "Diluted EPS": "0.47", "Basic Average Shares": "106,407", "Diluted Average Shares": "106,799", "Total Expenses": "192,463", "Net Income from Continuing & Discontinued Operation": "61,979", "Normalized Income": "50,207", "Interest Income": "2,555", "Interest Expense": "26,875", "Net Interest Income": "-24,320", "EBIT": "90,876", "EBITDA": "-", "Reconciled Cost of Revenue": "63,272", "Reconciled Depreciation": "98,891", "Net Income from Continuing Operation Net Minority Interest": "61,979", "Total Unusual Items Excluding Goodwill": "16,126", "Total Unusual Items": "16,126", "Normalized EBITDA": "173,641", "Tax Rate for Calcs": "0", "Tax Effect of Unusual Items": "4,354"}, "12/31/2018": {"Duration": "12/31/2018", "Total Revenue": "211,116", "Cost of Revenue": "51,671", "Gross Profit": "159,445", "Operating Expense": "105,236", "Operating Income": "54,209", "Net Non Operating Interest Income Expense": "-24,038", "Other Income Expense": "16,904", "Pretax Income": "47,075", "Net Income Common Stockholders": "36,138", "Diluted NI Available to Com Stockholders": "36,138", "Basic EPS": "0.39", "Diluted EPS": "0.39", "Basic Average Shares": "96,811", "Diluted Average Shares": "96,811", "Total Expenses": "156,907", "Net Income from Continuing & Discontinued Operation": "46,210", "Normalized Income": "33,870", "Interest Income": "1,378", "Interest Expense": "25,416", "Net Interest Income": "-24,038", "EBIT": "72,491", "EBITDA": "-", "Reconciled Cost of Revenue": "51,671", "Reconciled Depreciation": "80,042", "Net Income from Continuing Operation Net Minority Interest": "46,210", "Total Unusual Items Excluding Goodwill": "16,904", "Total Unusual Items": "16,904", "Normalized EBITDA": "135,629", "Tax Rate for Calcs": "0", "Tax Effect of Unusual Items": "4,564"}}, "bs": {"12/31/2020": {"Duration": "12/31/2020", "Total Assets": "4,951,174", "Total Liabilities Net Minority Interest": "1,420,582", "Total Equity Gross Minority Interest": "3,530,592", "Total Capitalization": "4,461,301", "Preferred Stock Equity": "242,327", "Common Stock Equity": "3,002,814", "Capital Lease Obligations": "-", "Net Tangible Assets": "3,147,813", "Working Capital": "162,145", "Invested Capital": "4,218,974", "Tangible Book Value": "2,905,486", "Total Debt": "1,216,160", "Net Debt": "1,039,867", "Share Issued": "131,426", "Ordinary Shares Number": "131,426", "Preferred Shares Number": "10,050"}, "12/31/2019": {"Duration": "12/31/2019", "Total Assets": "3,638,622", "Total Liabilities Net Minority Interest": "1,016,173", "Total Equity Gross Minority Interest": "2,622,449", "Total Capitalization": "3,414,019", "Preferred Stock Equity": "242,327", "Common Stock Equity": "2,313,850", "Capital Lease Obligations": "59,340", "Net Tangible Assets": "2,477,931", "Working Capital": "61,681", "Invested Capital": "3,171,692", "Tangible Book Value": "2,235,604", "Total Debt": "857,842", "Net Debt": "778,985", "Share Issued": "113,793", "Ordinary Shares Number": "113,793", "Preferred Shares Number": "10,050"}, "12/31/2018": {"Duration": "12/31/2018", "Total Assets": "2,787,685", "Total Liabilities Net Minority Interest": "879,262", "Total Equity Gross Minority Interest": "1,908,423", "Total Capitalization": "2,633,465", "Preferred Stock Equity": "159,094", "Common Stock Equity": "1,717,000", "Capital Lease Obligations": "52,727", "Net Tangible Assets": "1,815,255", "Working Capital": "170,761", "Invested Capital": "2,474,371", "Tangible Book Value": "1,656,161", "Total Debt": "757,371", "Net Debt": "576,770", "Share Issued": "96,811", "Ordinary Shares Number": "96,811", "Preferred Shares Number": "6,600"}}, "cf": {"TTM": {"Duration": "TTM", "Operating Cash Flow": "172,877", "Investing Cash Flow": "-1,096,786", "Financing Cash Flow": "935,411", "End Cash Position": "123,980", "Interest Paid Supplemental Data": "28,115", "Capital Expenditure": "-86,305", "Issuance of Capital Stock": "772,912", "Issuance of Debt": "-", "Repayment of Debt": "-175,940", "Repurchase of Capital Stock": "-1,426", "Free Cash Flow": "86,572"}, "12/31/2020": {"Duration": "12/31/2020", "Operating Cash Flow": "182,994", "Investing Cash Flow": "-987,523", "Financing Cash Flow": "903,195", "End Cash Position": "177,523", "Interest Paid Supplemental Data": "27,924", "Capital Expenditure": "-78,765", "Issuance of Capital Stock": "734,096", "Issuance of Debt": "471,844", "Repayment of Debt": "-175,671", "Repurchase of Capital Stock": "-1,278", "Free Cash Flow": "104,229"}, "12/31/2019": {"Duration": "12/31/2019", "Operating Cash Flow": "139,514", "Investing Cash Flow": "-972,742", "Financing Cash Flow": "731,484", "End Cash Position": "78,857", "Interest Paid Supplemental Data": "23,494", "Capital Expenditure": "-47,169", "Issuance of Capital Stock": "722,133", "Issuance of Debt": "135,000", "Repayment of Debt": "-35,158", "Repurchase of Capital Stock": "-854", "Free Cash Flow": "92,345"}, "12/31/2018": {"Duration": "12/31/2018", "Operating Cash Flow": "102,775", "Investing Cash Flow": "-507,213", "Financing Cash Flow": "578,169", "End Cash Position": "180,601", "Interest Paid Supplemental Data": "23,791", "Capital Expenditure": "-57,951", "Issuance of Capital Stock": "556,520", "Issuance of Debt": "401,000", "Repayment of Debt": "-311,541", "Repurchase of Capital Stock": "-594", "Free Cash Flow": "44,824"}}}}, {"QTS": {"quote": {"03/28/2021": {"value": "63.42", "Market Cap": "4.121B", "Beta (5Y Monthly)": "0.54", "PE Ratio (TTM)": "N/A", "EPS (TTM)": "-0.47", "Earnings Date": "Apr 26, 2021 - Apr 30, 2021", "Forward Dividend & Yield": "2.00 (3.24%)", "Ex-Dividend Date": "Mar 18, 2021", "1y Target Est": "74.95"}}, "fin": {"TTM": {"Duration": "TTM", "Total Revenue": "561,808", "Cost of Revenue": "191,131", "Gross Profit": "370,677", "Operating Expense": "298,248", "Operating Income": "72,429", "Net Non Operating Interest Income Expense": "-31,708", "Other Income Expense": "-25,602", "Pretax Income": "15,119", "Tax Provision": "745", "Net Income Common Stockholders": "-32,494", "Diluted NI Available to Com Stockholders": "-32,494", "Basic EPS": "-", "Diluted EPS": "-", "Basic Average Shares": "-", "Diluted Average Shares": "-", "Total Operating Income as Reported": "66,789", "Total Expenses": "489,379", "Net Income from Continuing & Discontinued Operation": "15,735", "Normalized Income": "38,244", "Interest Income": "-", "Interest Expense": "31,710", "Net Interest Income": "-31,708", "EBIT": "46,829", "EBITDA": "257,154", "Reconciled Cost of Revenue": "197,413", "Reconciled Depreciation": "204,043", "Net Income from Continuing Operation Net Minority Interest": "15,735", "Total Unusual Items Excluding Goodwill": "-23,676", "Total Unusual Items": "-23,676", "Normalized EBITDA": "280,830", "Tax Rate for Calcs": "0", "Tax Effect of Unusual Items": "-1,167"}, "12/31/2020": {"Duration": "12/31/2020", "Total Revenue": "539,368", "Cost of Revenue": "184,517", "Gross Profit": "354,851", "Operating Expense": "284,854", "Operating Income": "69,997", "Net Non Operating Interest Income Expense": "-30,722", "Other Income Expense": "-24,261", "Pretax Income": "15,014", "Tax Provision": "438", "Net Income Common Stockholders": "-28,634", "Diluted NI Available to Com Stockholders": "-28,634", "Basic EPS": "-0.47", "Diluted EPS": "-0.47", "Basic Average Shares": "64,580", "Diluted Average Shares": "64,580", "Total Operating Income as Reported": "65,657", "Total Expenses": "469,371", "Net Income from Continuing & Discontinued Operation": "15,906", "Normalized Income": "36,783", "Interest Income": "2", "Interest Expense": "30,724", "Net Interest Income": "-30,722", "EBIT": "45,738", "EBITDA": "-", "Reconciled Cost of Revenue": "190,735", "Reconciled Depreciation": "193,671", "Net Income from Continuing Operation Net Minority Interest": "15,906", "Total Unusual Items Excluding Goodwill": "-22,376", "Total Unusual Items": "-22,376", "Normalized EBITDA": "268,003", "Tax Rate for Calcs": "0", "Tax Effect of Unusual Items": "-1,499"}, "12/31/2019": {"Duration": "12/31/2019", "Total Revenue": "480,818", "Cost of Revenue": "170,551", "Gross Profit": "310,267", "Operating Expense": "248,690", "Operating Income": "61,577", "Net Non Operating Interest Income Expense": "-26,482", "Other Income Expense": "-3,467", "Pretax Income": "31,628", "Tax Provision": "-37", "Net Income Common Stockholders": "-4,717", "Diluted NI Available to Com Stockholders": "-4,717", "Basic EPS": "-0.13", "Diluted EPS": "-0.13", "Basic Average Shares": "58,228", "Diluted Average Shares": "58,228", "Total Operating Income as Reported": "61,156", "Total Expenses": "419,241", "Net Income from Continuing & Discontinued Operation": "31,291", "Normalized Income": "33,233", "Interest Income": "111", "Interest Expense": "26,593", "Net Interest Income": "-26,482", "EBIT": "58,221", "EBITDA": "-", "Reconciled Cost of Revenue": "178,141", "Reconciled Depreciation": "160,715", "Net Income from Continuing Operation Net Minority Interest": "31,291", "Total Unusual Items Excluding Goodwill": "-1,944", "Total Unusual Items": "-1,944", "Normalized EBITDA": "228,470", "Tax Rate for Calcs": "0", "Tax Effect of Unusual Items": "-1.944"}, "12/31/2018": {"Duration": "12/31/2018", "Total Revenue": "450,524", "Cost of Revenue": "160,429", "Gross Profit": "290,095", "Operating Expense": "230,748", "Operating Income": "59,347", "Net Non Operating Interest Income Expense": "-28,599", "Other Income Expense": "-41,291", "Pretax Income": "-10,543", "Tax Provision": "-3,368", "Net Income Common Stockholders": "-22,073", "Diluted NI Available to Com Stockholders": "-22,073", "Basic EPS": "-0.44", "Diluted EPS": "-0.44", "Basic Average Shares": "51,075", "Diluted Average Shares": "58,105", "Total Operating Income as Reported": "18,661", "Total Expenses": "391,177", "Net Income from Continuing & Discontinued Operation": "-4,460", "Normalized Income": "33,817", "Interest Income": "150", "Interest Expense": "28,749", "Net Interest Income": "-28,599", "EBIT": "18,206", "EBITDA": "-", "Reconciled Cost of Revenue": "166,501", "Reconciled Depreciation": "143,819", "Net Income from Continuing Operation Net Minority Interest": "-4,460", "Total Unusual Items Excluding Goodwill": "-41,291", "Total Unusual Items": "-41,291", "Normalized EBITDA": "209,388", "Tax Rate for Calcs": "0", "Tax Effect of Unusual Items": "-3,014"}}, "bs": {"12/31/2020": {"Duration": "12/31/2020", "Total Assets": "3,898,572", "Total Liabilities Net Minority Interest": "2,313,874", "Total Equity Gross Minority Interest": "1,584,698", "Total Capitalization": "3,303,949", "Preferred Stock Equity": "407,435", "Common Stock Equity": "1,068,739", "Capital Lease Obligations": "99,723", "Net Tangible Assets": "1,234,241", "Working Capital": "-86,052", "Invested Capital": "2,896,514", "Tangible Book Value": "826,806", "Total Debt": "1,927,498", "Net Debt": "1,805,000", "Share Issued": "64,580", "Ordinary Shares Number": "64,580", "Preferred Shares Number": "7,443"}, "12/31/2019": {"Duration": "12/31/2019", "Total Assets": "3,223,533", "Total Liabilities Net Minority Interest": "1,779,082", "Total Equity Gross Minority Interest": "1,444,451", "Total Capitalization": "2,744,006", "Preferred Stock Equity": "407,435", "Common Stock Equity": "930,382", "Capital Lease Obligations": "111,292", "Net Tangible Assets": "1,082,295", "Working Capital": "-69,627", "Invested Capital": "2,336,571", "Tangible Book Value": "674,860", "Total Debt": "1,517,481", "Net Debt": "1,390,536", "Share Issued": "58,228", "Ordinary Shares Number": "58,228", "Preferred Shares Number": "7,443"}, "12/31/2018": {"Duration": "12/31/2018", "Total Assets": "2,861,969", "Total Liabilities Net Minority Interest": "1,565,282", "Total Equity Gross Minority Interest": "1,296,687", "Total Capitalization": "2,534,429", "Preferred Stock Equity": "407,477", "Common Stock Equity": "786,509", "Capital Lease Obligations": "4,674", "Net Tangible Assets": "924,692", "Working Capital": "-7,674", "Invested Capital": "2,126,952", "Tangible Book Value": "517,215", "Total Debt": "1,345,117", "Net Debt": "1,328,684", "Share Issued": "51,123", "Ordinary Shares Number": "51,123", "Preferred Shares Number": "7,443"}}, "cf": {"TTM": {"Duration": "TTM", "Operating Cash Flow": "288,748", "Investing Cash Flow": "-859,410", "Financing Cash Flow": "411,045", "End Cash Position": "12,340", "Interest Paid Supplemental Data": "54,027", "Capital Expenditure": "-816,873", "Issuance of Capital Stock": "418,015", "Issuance of Debt": "1,617,665", "Repayment of Debt": "-1,443,345", "Free Cash Flow": "-528,125"}, "12/31/2020": {"Duration": "12/31/2020", "Operating Cash Flow": "299,715", "Investing Cash Flow": "-817,745", "Financing Cash Flow": "521,168", "End Cash Position": "22,775", "Interest Paid Supplemental Data": "54,596", "Capital Expenditure": "-773,812", "Issuance of Capital Stock": "285,352", "Issuance of Debt": "1,577,582", "Repayment of Debt": "-1,163,315", "Free Cash Flow": "-474,097"}, "12/31/2019": {"Duration": "12/31/2019", "Operating Cash Flow": "199,490", "Investing Cash Flow": "-387,260", "Financing Cash Flow": "191,396", "End Cash Position": "15,653", "Interest Paid Supplemental Data": "56,023", "Capital Expenditure": "-361,160", "Issuance of Capital Stock": "268,259", "Issuance of Debt": "399,028", "Repayment of Debt": "-336,920", "Free Cash Flow": "-161,670"}, "12/31/2018": {"Duration": "12/31/2018", "Operating Cash Flow": "191,273", "Investing Cash Flow": "-598,553", "Financing Cash Flow": "410,796", "End Cash Position": "11,759", "Interest Paid Supplemental Data": "24,532", "Capital Expenditure": "-484,303", "Issuance of Capital Stock": "407,477", "Issuance of Debt": "483,000", "Repayment of Debt": "-369,692", "Free Cash Flow": "-293,030"}}}}, {"PSA": {"quote": {"03/28/2021": {"value": "244.77", "Market Cap": "42.783B", "Beta (5Y Monthly)": "0.10", "PE Ratio (TTM)": "38.91", "EPS (TTM)": "6.29", "Earnings Date": "Apr 28, 2021 - May 03, 2021", "Forward Dividend & Yield": "8.00 (3.27%)", "Ex-Dividend Date": "Mar 15, 2021", "1y Target Est": "250.60"}}, "fin": {"TTM": {"Duration": "TTM", "Total Revenue": "2,963,286", "Cost of Revenue": "871,217", "Gross Profit": "2,092,069", "Operating Expense": "649,121", "Operating Income": "1,442,948", "Net Non Operating Interest Income Expense": "-38,856", "Other Income Expense": "24,261", "Pretax Income": "1,428,353", "Net Income Common Stockholders": "1,171,011", "Diluted NI Available to Com Stockholders": "1,171,011", "Basic EPS": "-", "Diluted EPS": "-", "Basic Average Shares": "-", "Diluted Average Shares": "-", "Total Operating Income as Reported": "-", "Total Expenses": "1,520,338", "Net Income from Continuing & Discontinued Operation": "1,424,093", "Normalized Income": "1,455,127", "Interest Income": "19,056", "Interest Expense": "57,912", "Net Interest Income": "-38,856", "EBIT": "1,486,265", "EBITDA": "2,050,481", "Reconciled Cost of Revenue": "871,217", "Reconciled Depreciation": "564,216", "Net Income from Continuing Operation Net Minority Interest": "1,424,093", "Total Unusual Items Excluding Goodwill": "-51,724", "Total Unusual Items": "-51,724", "Normalized EBITDA": "2,102,205", "Tax Rate for Calcs": "0", "Tax Effect of Unusual Items": "-20,690"}, "12/31/2020": {"Duration": "12/31/2020", "Total Revenue": "2,915,068", "Cost of Revenue": "867,462", "Gross Profit": "2,047,606", "Operating Expense": "636,456", "Operating Income": "1,411,150", "Net Non Operating Interest Income Expense": "-33,960", "Other Income Expense": "-15,963", "Pretax Income": "1,361,227", "Net Income Common Stockholders": "1,098,335", "Diluted NI Available to Com Stockholders": "1,098,335", "Basic EPS": "6.29", "Diluted EPS": "6.29", "Basic Average Shares": "174,494", "Diluted Average Shares": "174,642", "Total Operating Income as Reported": "-", "Total Expenses": "1,503,918", "Net Income from Continuing & Discontinued Operation": "1,357,213", "Normalized Income": "1,427,629", "Interest Income": "22,323", "Interest Expense": "56,283", "Net Interest Income": "-33,960", "EBIT": "1,417,510", "EBITDA": "-", "Reconciled Cost of Revenue": "867,462", "Reconciled Depreciation": "553,257", "Net Income from Continuing Operation Net Minority Interest": "1,357,213", "Total Unusual Items Excluding Goodwill": "-96,460", "Total Unusual Items": "-96,460", "Normalized EBITDA": "2,067,227", "Tax Rate for Calcs": "0", "Tax Effect of Unusual Items": "-26,044"}, "12/31/2019": {"Duration": "12/31/2019", "Total Revenue": "2,846,823", "Cost of Revenue": "796,783", "Gross Profit": "2,050,040", "Operating Expense": "584,901", "Operating Income": "1,465,139", "Net Non Operating Interest Income Expense": "-17,205", "Other Income Expense": "77,717", "Pretax Income": "1,525,651", "Net Income Common Stockholders": "1,272,767", "Diluted NI Available to Com Stockholders": "1,272,767", "Basic EPS": "7.30", "Diluted EPS": "7.29", "Basic Average Shares": "174,287", "Diluted Average Shares": "174,530", "Total Operating Income as Reported": "-", "Total Expenses": "1,381,684", "Net Income from Continuing & Discontinued Operation": "1,520,534", "Normalized Income": "1,514,570", "Interest Income": "28,436", "Interest Expense": "45,641", "Net Interest Income": "-17,205", "EBIT": "1,571,292", "EBITDA": "-", "Reconciled Cost of Revenue": "796,783", "Reconciled Depreciation": "512,918", "Net Income from Continuing Operation Net Minority Interest": "1,520,534", "Total Unusual Items Excluding Goodwill": "8,170", "Total Unusual Items": "8,170", "Normalized EBITDA": "2,076,040", "Tax Rate for Calcs": "0", "Tax Effect of Unusual Items": "2,206"}, "12/31/2018": {"Duration": "12/31/2018", "Total Revenue": "2,754,280", "Cost of Revenue": "739,722", "Gross Profit": "2,014,558", "Operating Expense": "602,366", "Operating Income": "1,412,192", "Net Non Operating Interest Income Expense": "-6,058", "Other Income Expense": "311,131", "Pretax Income": "1,717,265", "Net Income Common Stockholders": "1,488,900", "Diluted NI Available to Com Stockholders": "1,488,900", "Basic EPS": "8.56", "Diluted EPS": "8.54", "Basic Average Shares": "173,969", "Diluted Average Shares": "174,297", "Total Operating Income as Reported": "-", "Total Expenses": "1,342,088", "Net Income from Continuing & Discontinued Operation": "1,711,031", "Normalized Income": "1,670,136", "Interest Income": "26,442", "Interest Expense": "32,500", "Net Interest Income": "-6,058", "EBIT": "1,749,765", "EBITDA": "-", "Reconciled Cost of Revenue": "739,722", "Reconciled Depreciation": "483,646", "Net Income from Continuing Operation Net Minority Interest": "1,711,031", "Total Unusual Items Excluding Goodwill": "56,020", "Total Unusual Items": "56,020", "Normalized EBITDA": "2,177,391", "Tax Rate for Calcs": "0", "Tax Effect of Unusual Items": "15,125"}}, "bs": {"12/31/2020": {"Duration": "12/31/2020", "Total Assets": "11,816,546", "Total Liabilities Net Minority Interest": "3,239,647", "Total Equity Gross Minority Interest": "8,576,899", "Total Capitalization": "11,103,859", "Preferred Stock Equity": "3,792,500", "Common Stock Equity": "4,766,367", "Net Tangible Assets": "8,354,213", "Working Capital": "-137,095", "Invested Capital": "7,311,359", "Tangible Book Value": "4,561,713", "Total Debt": "2,544,992", "Net Debt": "2,287,432", "Share Issued": "174,582", "Ordinary Shares Number": "174,582", "Preferred Shares Number": "151,700"}, "12/31/2019": {"Duration": "12/31/2019", "Total Assets": "11,365,444", "Total Liabilities Net Minority Interest": "2,285,777", "Total Equity Gross Minority Interest": "9,079,667", "Total Capitalization": "10,965,404", "Preferred Stock Equity": "4,065,000", "Common Stock Equity": "4,997,911", "Net Tangible Assets": "8,856,975", "Working Capital": "26,459", "Invested Capital": "6,900,404", "Tangible Book Value": "4,791,975", "Total Debt": "1,902,493", "Net Debt": "1,492,750", "Share Issued": "174,419", "Ordinary Shares Number": "174,419", "Preferred Shares Number": "162,600"}, "12/31/2018": {"Duration": "12/31/2018", "Total Assets": "10,928,270", "Total Liabilities Net Minority Interest": "1,783,542", "Total Equity Gross Minority Interest": "9,144,728", "Total Capitalization": "10,531,761", "Preferred Stock Equity": "4,025,000", "Common Stock Equity": "5,094,478", "Net Tangible Assets": "8,909,622", "Working Capital": "-10,041", "Invested Capital": "6,506,761", "Tangible Book Value": "4,884,622", "Total Debt": "1,412,283", "Net Debt": "1,051,065", "Share Issued": "174,131", "Ordinary Shares Number": "174,131", "Preferred Shares Number": "161,000"}}, "cf": {"TTM": {"Duration": "TTM", "Operating Cash Flow": "2,089,114", "Investing Cash Flow": "-1,231,535", "Financing Cash Flow": "-1,414,184", "End Cash Position": "185,523", "Capital Expenditure": "-149,045", "Issuance of Capital Stock": "1,223,810", "Issuance of Debt": "496,235", "Repayment of Debt": "-2,050", "Repurchase of Capital Stock": "-1,529,295", "Free Cash Flow": "1,940,069"}, "12/31/2020": {"Duration": "12/31/2020", "Operating Cash Flow": "2,042,902", "Investing Cash Flow": "-1,117,714", "Financing Cash Flow": "-1,075,716", "End Cash Position": "282,600", "Capital Expenditure": "-169,998", "Issuance of Capital Stock": "1,220,870", "Issuance of Debt": "545,151", "Repayment of Debt": "-2,020", "Repurchase of Capital Stock": "-1,230,518", "Free Cash Flow": "1,872,904"}, "12/31/2019": {"Duration": "12/31/2019", "Operating Cash Flow": "2,067,643", "Investing Cash Flow": "-897,360", "Financing Cash Flow": "-1,120,735", "End Cash Position": "433,554", "Capital Expenditure": "-187,312", "Issuance of Capital Stock": "1,092,720", "Issuance of Debt": "496,900", "Repayment of Debt": "-1,920", "Repurchase of Capital Stock": "-1,062,162", "Free Cash Flow": "1,880,331"}, "12/31/2018": {"Duration": "12/31/2018", "Operating Cash Flow": "2,061,503", "Investing Cash Flow": "-513,778", "Financing Cash Flow": "-1,619,588", "End Cash Position": "384,019", "Capital Expenditure": "-478,869", "Issuance of Capital Stock": "12,525", "Issuance of Debt": "0", "Repayment of Debt": "-1,784", "Repurchase of Capital Stock": "-12,347", "Free Cash Flow": "1,582,634"}}}}, {"JCAP": {"fin": {}, "bs": {}, "cf": {}}}]