[{"AVHI": {"quote": {"05/12/2021": {"value": "", "Net Assets": "N/A", "Beta (5Y Monthly)": "N/A", "Yield": "N/A", "5y Average Return": "N/A", "Holdings Turnover": "N/A", "Last Dividend": "N/A", "Average for Category": "N/A", "Inception Date": "N/A"}}, "fin": {}, "bs": {}, "cf": {}}}, {"ASCK": {"quote": {"05/12/2021": {"value": "0.1275", "Market Cap": "445,933", "Beta (5Y Monthly)": "1.33", "PE Ratio (TTM)": "N/A", "EPS (TTM)": "-0.6990", "Earnings Date": "Nov 23, 2020", "Forward Dividend & Yield": "N/A (N/A)", "Ex-Dividend Date": "N/A", "1y Target Est": "N/A"}}, "fin": {"TTM": {"Duration": "TTM", "Total Revenue": "13", "Cost of Revenue": "9.744", "Gross Profit": "3.256", "Operating Expense": "1,502", "Operating Income": "-1,499", "Net Non Operating Interest Income Expense": "-382.522", "Other Income Expense": "284.644", "Pretax Income": "-1,597", "Tax Provision": "0", "Net Income Common Stockholders": "-1,597", "Diluted NI Available to Com Stockholders": "-1,597", "Basic EPS": "-", "Diluted EPS": "-", "Basic Average Shares": "-", "Diluted Average Shares": "-", "Total Operating Income as Reported": "-1,499", "Rent Expense Supplemental": "24", "Total Expenses": "1,512", "Net Income from Continuing & Discontinued Operation": "-1,597", "Normalized Income": "-1,881", "Interest Expense": "193.237", "Net Interest Income": "-382.522", "EBIT": "-1,404", "EBITDA": "-1,392", "Reconciled Cost of Revenue": "9.744", "Reconciled Depreciation": "11.693", "Net Income from Continuing Operation Net Minority Interest": "-1,597", "Total Unusual Items Excluding Goodwill": "284.644", "Total Unusual Items": "284.644", "Normalized EBITDA": "-1,676", "Tax Rate for Calcs": "0", "Tax Effect of Unusual Items": "0"}, "12/31/2020": {"Duration": "12/31/2020", "Total Revenue": "13", "Cost of Revenue": "9.744", "Gross Profit": "3.256", "Operating Expense": "1,502", "Operating Income": "-1,499", "Net Non Operating Interest Income Expense": "-382.522", "Other Income Expense": "284.644", "Pretax Income": "-1,597", "Tax Provision": "0", "Net Income Common Stockholders": "-1,597", "Diluted NI Available to Com Stockholders": "-1,597", "Basic EPS": "-", "Diluted EPS": "-", "Basic Average Shares": "-", "Diluted Average Shares": "-", "Total Operating Income as Reported": "-1,499", "Rent Expense Supplemental": "24", "Total Expenses": "1,512", "Net Income from Continuing & Discontinued Operation": "-1,597", "Normalized Income": "-1,881", "Interest Expense": "193.237", "Net Interest Income": "-382.522", "EBIT": "-1,404", "EBITDA": "-", "Reconciled Cost of Revenue": "9.744", "Reconciled Depreciation": "11.693", "Net Income from Continuing Operation Net Minority Interest": "-1,597", "Total Unusual Items Excluding Goodwill": "284.644", "Total Unusual Items": "284.644", "Normalized EBITDA": "-1,676", "Tax Rate for Calcs": "0", "Tax Effect of Unusual Items": "0"}, "12/31/2019": {"Duration": "12/31/2019", "Total Revenue": "0", "Cost of Revenue": "-", "Gross Profit": "-", "Operating Expense": "497.535", "Operating Income": "-497.535", "Net Non Operating Interest Income Expense": "-775.145", "Other Income Expense": "-455.768", "Pretax Income": "-1,728", "Tax Provision": "-", "Net Income Common Stockholders": "-1,728", "Diluted NI Available to Com Stockholders": "-1,728", "Basic EPS": "-20.40", "Diluted EPS": "-20.40", "Basic Average Shares": "83.978", "Diluted Average Shares": "83.978", "Total Operating Income as Reported": "-", "Rent Expense Supplemental": "-", "Total Expenses": "497.535", "Net Income from Continuing & Discontinued Operation": "-1,728", "Normalized Income": "-1,273", "Interest Expense": "231.604", "Net Interest Income": "-775.145", "EBIT": "-1,497", "EBITDA": "-", "Reconciled Cost of Revenue": "-", "Reconciled Depreciation": "5.228", "Net Income from Continuing Operation Net Minority Interest": "-1,728", "Total Unusual Items Excluding Goodwill": "-455.768", "Total Unusual Items": "-455.768", "Normalized EBITDA": "-1,036", "Tax Rate for Calcs": "0", "Tax Effect of Unusual Items": "0"}, "12/31/2018": {"Duration": "12/31/2018", "Total Revenue": "0", "Cost of Revenue": "-", "Gross Profit": "-", "Operating Expense": "2,789", "Operating Income": "-2,789", "Net Non Operating Interest Income Expense": "-414.021", "Other Income Expense": "-314.182", "Pretax Income": "-3,517", "Tax Provision": "0", "Net Income Common Stockholders": "-3,517", "Diluted NI Available to Com Stockholders": "-3,517", "Basic EPS": "-1.20k", "Diluted EPS": "-1.20k", "Basic Average Shares": "2.87", "Diluted Average Shares": "2.87", "Total Operating Income as Reported": "-", "Rent Expense Supplemental": "-", "Total Expenses": "2,789", "Net Income from Continuing & Discontinued Operation": "-3,517", "Normalized Income": "-3,203", "Interest Expense": "116.773", "Net Interest Income": "-414.021", "EBIT": "-3,400", "EBITDA": "-", "Reconciled Cost of Revenue": "-", "Reconciled Depreciation": "5.228", "Net Income from Continuing Operation Net Minority Interest": "-3,517", "Total Unusual Items Excluding Goodwill": "-314.182", "Total Unusual Items": "-314.182", "Normalized EBITDA": "-3,081", "Tax Rate for Calcs": "0", "Tax Effect of Unusual Items": "0"}}, "bs": {"12/31/2020": {"Duration": "12/31/2020", "Total Assets": "84.018", "Total Liabilities Net Minority Interest": "1,232", "Total Equity Gross Minority Interest": "-1,148", "Total Capitalization": "-1,148", "Common Stock Equity": "-1,148", "Net Tangible Assets": "-1,148", "Working Capital": "-1,199", "Invested Capital": "-540.113", "Tangible Book Value": "-1,148", "Total Debt": "607.62", "Net Debt": "593.029", "Share Issued": "3,429", "Ordinary Shares Number": "3,429"}, "12/31/2019": {"Duration": "12/31/2019", "Total Assets": "83.06", "Total Liabilities Net Minority Interest": "1,254", "Total Equity Gross Minority Interest": "-1,171", "Total Capitalization": "-1,171", "Common Stock Equity": "-1,171", "Net Tangible Assets": "-1,171", "Working Capital": "-1,230", "Invested Capital": "-800.359", "Tangible Book Value": "-1,171", "Total Debt": "370.786", "Net Debt": "355.152", "Share Issued": "389.948", "Ordinary Shares Number": "389.948"}, "12/31/2018": {"Duration": "12/31/2018", "Total Assets": "186.2", "Total Liabilities Net Minority Interest": "908.345", "Total Equity Gross Minority Interest": "-722.145", "Total Capitalization": "-722.145", "Common Stock Equity": "-722.145", "Net Tangible Assets": "-722.145", "Working Capital": "-844.18", "Invested Capital": "-311.074", "Tangible Book Value": "-722.145", "Total Debt": "411.071", "Net Debt": "395.123", "Share Issued": "7.153", "Ordinary Shares Number": "7.153"}}, "cf": {"TTM": {"Duration": "TTM", "Operating Cash Flow": "-301.353", "Investing Cash Flow": "-3.69", "Financing Cash Flow": "304", "End Cash Position": "14.591", "Income Tax Paid Supplemental Data": "0", "Interest Paid Supplemental Data": "0", "Capital Expenditure": "-3.69", "Issuance of Debt": "304", "Repayment of Debt": "-", "Free Cash Flow": "-305.043"}, "12/31/2020": {"Duration": "12/31/2020", "Operating Cash Flow": "-301.353", "Investing Cash Flow": "-3.69", "Financing Cash Flow": "304", "End Cash Position": "14.591", "Income Tax Paid Supplemental Data": "0", "Interest Paid Supplemental Data": "0", "Capital Expenditure": "-3.69", "Issuance of Debt": "304", "Repayment of Debt": "-", "Free Cash Flow": "-305.043"}, "12/31/2019": {"Duration": "12/31/2019", "Operating Cash Flow": "-258.56", "Investing Cash Flow": "47.746", "Financing Cash Flow": "210.5", "End Cash Position": "15.634", "Income Tax Paid Supplemental Data": "0", "Interest Paid Supplemental Data": "0", "Capital Expenditure": "-42.254", "Issuance of Debt": "210.5", "Repayment of Debt": "-", "Free Cash Flow": "-300.814"}, "12/31/2018": {"Duration": "12/31/2018", "Operating Cash Flow": "-242.663", "Investing Cash Flow": "-105.364", "Financing Cash Flow": "349", "End Cash Position": "15.948", "Income Tax Paid Supplemental Data": "0", "Interest Paid Supplemental Data": "0", "Capital Expenditure": "-105.364", "Issuance of Debt": "394", "Repayment of Debt": "-45", "Free Cash Flow": "-348.027"}}}}, {"TOL": {"quote": {"05/12/2021": {"value": "59.42", "Market Cap": "7.316B", "Beta (5Y Monthly)": "1.55", "PE Ratio (TTM)": "15.67", "EPS (TTM)": "3.79", "Earnings Date": "May 25, 2021", "Forward Dividend & Yield": "0.68 (1.02%)", "Ex-Dividend Date": "Apr 08, 2021", "1y Target Est": "63.08"}}, "fin": {"TTM": {"Duration": "TTM", "Total Revenue": "7,309,604", "Cost of Revenue": "5,828,080", "Gross Profit": "1,481,524", "Operating Expense": "859,650", "Operating Income": "621,874", "Net Non Operating Interest Income Expense": "4,122", "Other Income Expense": "22,378", "Pretax Income": "648,374", "Tax Provision": "162,127", "Net Income Common Stockholders": "486,247", "Average Dilution Earnings": "-", "Diluted NI Available to Com Stockholders": "486,247", "Basic EPS": "-", "Diluted EPS": "-", "Basic Average Shares": "-", "Diluted Average Shares": "-", "Total Operating Income as Reported": "621,874", "Total Expenses": "6,687,730", "Net Income from Continuing & Discontinued Operation": "486,247", "Normalized Income": "486,247", "Interest Income": "6,562", "Interest Expense": "-", "Net Interest Income": "4,122", "EBIT": "660,955", "EBITDA": "732,037", "Reconciled Cost of Revenue": "5,828,080", "Reconciled Depreciation": "71,082", "Net Income from Continuing Operation Net Minority Interest": "486,247", "Total Unusual Items Excluding Goodwill": "-", "Total Unusual Items": "-", "Normalized EBITDA": "732,037", "Tax Rate for Calcs": "0", "Tax Effect of Unusual Items": "0"}, "10/31/2020": {"Duration": "10/31/2020", "Total Revenue": "7,077,659", "Cost of Revenue": "5,659,957", "Gross Profit": "1,417,702", "Operating Expense": "867,442", "Operating Income": "550,260", "Net Non Operating Interest Income Expense": "7,569", "Other Income Expense": "29,072", "Pretax Income": "586,901", "Tax Provision": "140,277", "Net Income Common Stockholders": "446,624", "Average Dilution Earnings": "-", "Diluted NI Available to Com Stockholders": "446,624", "Basic EPS": "3.43", "Diluted EPS": "3.40", "Basic Average Shares": "130,095", "Diluted Average Shares": "131,247", "Total Operating Income as Reported": "550,260", "Total Expenses": "6,527,399", "Net Income from Continuing & Discontinued Operation": "446,624", "Normalized Income": "446,624", "Interest Income": "10,009", "Interest Expense": "2,440", "Net Interest Income": "7,569", "EBIT": "589,341", "EBITDA": "-", "Reconciled Cost of Revenue": "5,659,957", "Reconciled Depreciation": "68,873", "Net Income from Continuing Operation Net Minority Interest": "446,624", "Total Unusual Items Excluding Goodwill": "0", "Total Unusual Items": "0", "Normalized EBITDA": "658,214", "Tax Rate for Calcs": "0", "Tax Effect of Unusual Items": "0"}, "10/31/2019": {"Duration": "10/31/2019", "Total Revenue": "7,223,966", "Cost of Revenue": "5,808,618", "Gross Profit": "1,415,348", "Operating Expense": "734,548", "Operating Income": "680,800", "Net Non Operating Interest Income Expense": "19,017", "Other Income Expense": "87,353", "Pretax Income": "787,170", "Tax Provision": "197,163", "Net Income Common Stockholders": "590,007", "Average Dilution Earnings": "-", "Diluted NI Available to Com Stockholders": "590,007", "Basic EPS": "4.07", "Diluted EPS": "4.03", "Basic Average Shares": "145,008", "Diluted Average Shares": "146,501", "Total Operating Income as Reported": "680,800", "Total Expenses": "6,543,166", "Net Income from Continuing & Discontinued Operation": "590,007", "Normalized Income": "590,007", "Interest Income": "19,017", "Interest Expense": "-", "Net Interest Income": "19,017", "EBIT": "680,800", "EBITDA": "-", "Reconciled Cost of Revenue": "5,808,618", "Reconciled Depreciation": "72,149", "Net Income from Continuing Operation Net Minority Interest": "590,007", "Total Unusual Items Excluding Goodwill": "0", "Total Unusual Items": "0", "Normalized EBITDA": "752,949", "Tax Rate for Calcs": "0", "Tax Effect of Unusual Items": "0"}, "10/31/2018": {"Duration": "10/31/2018", "Total Revenue": "7,143,258", "Cost of Revenue": "5,673,007", "Gross Profit": "1,470,251", "Operating Expense": "675,098", "Operating Income": "795,153", "Net Non Operating Interest Income Expense": "8,570", "Other Income Expense": "130,193", "Pretax Income": "933,916", "Tax Provision": "185,765", "Net Income Common Stockholders": "748,151", "Average Dilution Earnings": "-", "Diluted NI Available to Com Stockholders": "748,151", "Basic EPS": "4.92", "Diluted EPS": "4.85", "Basic Average Shares": "151,984", "Diluted Average Shares": "154,201", "Total Operating Income as Reported": "786,216", "Total Expenses": "6,348,105", "Net Income from Continuing & Discontinued Operation": "748,151", "Normalized Income": "743,080", "Interest Income": "8,570", "Interest Expense": "-", "Net Interest Income": "8,570", "EBIT": "795,153", "EBITDA": "-", "Reconciled Cost of Revenue": "5,673,007", "Reconciled Depreciation": "25,259", "Net Income from Continuing Operation Net Minority Interest": "748,151", "Total Unusual Items Excluding Goodwill": "6,331", "Total Unusual Items": "6,331", "Normalized EBITDA": "814,081", "Tax Rate for Calcs": "0", "Tax Effect of Unusual Items": "1,260"}}, "bs": {"10/31/2020": {"Duration": "10/31/2020", "Total Assets": "11,065,733", "Total Liabilities Net Minority Interest": "6,138,257", "Total Equity Gross Minority Interest": "4,927,476", "Total Capitalization": "8,833,519", "Common Stock Equity": "4,875,235", "Capital Lease Obligations": "124,756", "Net Tangible Assets": "4,875,235", "Working Capital": "8,159,795", "Invested Capital": "8,833,519", "Tangible Book Value": "4,875,235", "Total Debt": "4,083,040", "Net Debt": "2,587,340", "Share Issued": "152,937", "Ordinary Shares Number": "126,527", "Treasury Shares Number": "26,410"}, "10/31/2019": {"Duration": "10/31/2019", "Total Assets": "10,828,138", "Total Liabilities Net Minority Interest": "5,709,445", "Total Equity Gross Minority Interest": "5,118,693", "Total Capitalization": "8,993,163", "Common Stock Equity": "5,071,816", "Capital Lease Obligations": "-", "Net Tangible Assets": "5,071,816", "Working Capital": "8,465,569", "Invested Capital": "8,993,163", "Tangible Book Value": "5,071,816", "Total Debt": "3,921,347", "Net Debt": "2,635,333", "Share Issued": "152,937", "Ordinary Shares Number": "140,938", "Treasury Shares Number": "11,999"}, "10/31/2018": {"Duration": "10/31/2018", "Total Assets": "10,244,590", "Total Liabilities Net Minority Interest": "5,475,678", "Total Equity Gross Minority Interest": "4,768,912", "Total Capitalization": "8,458,375", "Common Stock Equity": "4,760,199", "Capital Lease Obligations": "-", "Net Tangible Assets": "4,760,199", "Working Capital": "8,057,106", "Invested Capital": "8,458,375", "Tangible Book Value": "4,760,199", "Total Debt": "3,698,176", "Net Debt": "2,515,981", "Share Issued": "177,937", "Ordinary Shares Number": "146,163", "Treasury Shares Number": "31,774"}}, "cf": {"TTM": {"Duration": "TTM", "Operating Cash Flow": "1,429,856", "Investing Cash Flow": "-185,510", "Financing Cash Flow": "-823,125", "End Cash Position": "979,879", "Capital Expenditure": "-97,221", "Issuance of Debt": "3,922,396", "Repayment of Debt": "-4,361,910", "Repurchase of Capital Stock": "-337,428", "Free Cash Flow": "1,332,635"}, "10/31/2020": {"Duration": "10/31/2020", "Operating Cash Flow": "1,008,117", "Investing Cash Flow": "-177,845", "Financing Cash Flow": "-753,311", "End Cash Position": "1,396,604", "Capital Expenditure": "-109,564", "Issuance of Debt": "4,027,152", "Repayment of Debt": "-4,112,956", "Repurchase of Capital Stock": "-634,057", "Free Cash Flow": "898,553"}, "10/31/2019": {"Duration": "10/31/2019", "Operating Cash Flow": "437,661", "Investing Cash Flow": "-75,914", "Financing Cash Flow": "-258,514", "End Cash Position": "1,319,643", "Capital Expenditure": "-86,971", "Issuance of Debt": "3,099,028", "Repayment of Debt": "-3,071,616", "Repurchase of Capital Stock": "-233,523", "Free Cash Flow": "350,690"}, "10/31/2018": {"Duration": "10/31/2018", "Operating Cash Flow": "602,401", "Investing Cash Flow": "81,266", "Financing Cash Flow": "-214,301", "End Cash Position": "1,182,195", "Capital Expenditure": "-28,232", "Issuance of Debt": "3,030,835", "Repayment of Debt": "-2,690,164", "Repurchase of Capital Stock": "-503,159", "Free Cash Flow": "574,169"}}}}, {"BZH": {"quote": {"05/12/2021": {"value": "21.13", "Market Cap": "661.244M", "Beta (5Y Monthly)": "2.13", "PE Ratio (TTM)": "8.40", "EPS (TTM)": "2.51", "Earnings Date": "Jul 28, 2021 - Aug 02, 2021", "Forward Dividend & Yield": "N/A (N/A)", "Ex-Dividend Date": "Sep 06, 2007", "1y Target Est": "26.00"}}, "fin": {"TTM": {"Duration": "TTM", "Total Revenue": "2,198,288", "Cost of Revenue": "1,819,411", "Gross Profit": "378,877", "Operating Expense": "268,834", "Operating Income": "110,043", "Other Income Expense": "-7,624", "Pretax Income": "102,419", "Tax Provision": "25,843", "Net Income Common Stockholders": "75,391", "Diluted NI Available to Com Stockholders": "75,391", "Basic EPS": "-", "Diluted EPS": "-", "Basic Average Shares": "-", "Diluted Average Shares": "-", "Total Operating Income as Reported": "110,043", "Total Expenses": "2,088,245", "Net Income from Continuing & Discontinued Operation": "75,391", "Normalized Income": "76,997", "EBIT": "110,043", "EBITDA": "125,434", "Reconciled Cost of Revenue": "1,819,411", "Reconciled Depreciation": "15,391", "Net Income from Continuing Operation Net Minority Interest": "76,576", "Total Unusual Items Excluding Goodwill": "0", "Total Unusual Items": "0", "Normalized EBITDA": "125,997", "Tax Rate for Calcs": "0", "Tax Effect of Unusual Items": "-142.0597"}, "9/30/2020": {"Duration": "9/30/2020", "Total Revenue": "2,127,077", "Cost of Revenue": "1,779,437", "Gross Profit": "347,640", "Operating Expense": "268,533", "Operating Income": "79,107", "Other Income Expense": "-7,818", "Pretax Income": "71,289", "Tax Provision": "17,973", "Net Income Common Stockholders": "52,226", "Diluted NI Available to Com Stockholders": "52,226", "Basic EPS": "1.76", "Diluted EPS": "1.74", "Basic Average Shares": "29,704", "Diluted Average Shares": "29,948", "Total Operating Income as Reported": "79,107", "Total Expenses": "2,047,970", "Net Income from Continuing & Discontinued Operation": "52,226", "Normalized Income": "53,316", "EBIT": "79,107", "EBITDA": "-", "Reconciled Cost of Revenue": "1,779,437", "Reconciled Depreciation": "15,640", "Net Income from Continuing Operation Net Minority Interest": "53,316", "Total Unusual Items Excluding Goodwill": "0", "Total Unusual Items": "0", "Normalized EBITDA": "94,747", "Tax Rate for Calcs": "0", "Tax Effect of Unusual Items": "0"}, "9/30/2019": {"Duration": "9/30/2019", "Total Revenue": "2,087,739", "Cost of Revenue": "1,921,703", "Gross Profit": "166,036", "Operating Expense": "255,932", "Operating Income": "-89,896", "Other Income Expense": "-26,742", "Pretax Income": "-116,638", "Tax Provision": "-37,217", "Net Income Common Stockholders": "-79,520", "Diluted NI Available to Com Stockholders": "-79,520", "Basic EPS": "-2.60", "Diluted EPS": "-2.60", "Basic Average Shares": "30,617", "Diluted Average Shares": "30,617", "Total Operating Income as Reported": "-89,896", "Total Expenses": "2,177,635", "Net Income from Continuing & Discontinued Operation": "-79,520", "Normalized Income": "-62,450", "EBIT": "-89,896", "EBITDA": "-", "Reconciled Cost of Revenue": "1,921,703", "Reconciled Depreciation": "14,759", "Net Income from Continuing Operation Net Minority Interest": "-79,421", "Total Unusual Items Excluding Goodwill": "-24,920", "Total Unusual Items": "-24,920", "Normalized EBITDA": "-50,217", "Tax Rate for Calcs": "0", "Tax Effect of Unusual Items": "-7,949"}, "9/30/2018": {"Duration": "9/30/2018", "Total Revenue": "2,107,133", "Cost of Revenue": "1,762,118", "Gross Profit": "345,015", "Operating Expense": "263,467", "Operating Income": "81,548", "Other Income Expense": "-32,110", "Pretax Income": "49,438", "Tax Provision": "94,484", "Net Income Common Stockholders": "-45,375", "Diluted NI Available to Com Stockholders": "-45,375", "Basic EPS": "-1.41", "Diluted EPS": "-1.41", "Basic Average Shares": "32,141", "Diluted Average Shares": "32,141", "Total Operating Income as Reported": "81,548", "Total Expenses": "2,025,585", "Net Income from Continuing & Discontinued Operation": "-45,375", "Normalized Income": "-24,724", "EBIT": "81,548", "EBITDA": "-", "Reconciled Cost of Revenue": "1,762,118", "Reconciled Depreciation": "13,807", "Net Income from Continuing Operation Net Minority Interest": "-45,046", "Total Unusual Items Excluding Goodwill": "-27,839", "Total Unusual Items": "-27,839", "Normalized EBITDA": "123,194", "Tax Rate for Calcs": "0", "Tax Effect of Unusual Items": "-7,517"}}, "bs": {"9/30/2020": {"Duration": "9/30/2020", "Total Assets": "2,007,480", "Total Liabilities Net Minority Interest": "1,414,309", "Total Equity Gross Minority Interest": "593,171", "Total Capitalization": "1,723,972", "Common Stock Equity": "593,171", "Capital Lease Obligations": "15,333", "Net Tangible Assets": "581,795", "Working Capital": "1,528,719", "Invested Capital": "1,723,972", "Tangible Book Value": "581,795", "Total Debt": "1,146,134", "Net Debt": "803,108", "Share Issued": "31,012", "Ordinary Shares Number": "31,012"}, "9/30/2019": {"Duration": "9/30/2019", "Total Assets": "1,957,644", "Total Liabilities Net Minority Interest": "1,418,890", "Total Equity Gross Minority Interest": "538,754", "Total Capitalization": "1,717,063", "Common Stock Equity": "538,754", "Capital Lease Obligations": "-", "Net Tangible Assets": "527,378", "Working Capital": "1,449,221", "Invested Capital": "1,717,063", "Tangible Book Value": "527,378", "Total Debt": "1,178,309", "Net Debt": "1,071,568", "Share Issued": "30,933", "Ordinary Shares Number": "30,933"}, "9/30/2018": {"Duration": "9/30/2018", "Total Assets": "2,128,102", "Total Liabilities Net Minority Interest": "1,484,075", "Total Equity Gross Minority Interest": "644,027", "Total Capitalization": "1,875,281", "Common Stock Equity": "644,027", "Capital Lease Obligations": "-", "Net Tangible Assets": "634,276", "Working Capital": "1,653,238", "Invested Capital": "1,875,281", "Tangible Book Value": "634,276", "Total Debt": "1,231,254", "Net Debt": "1,091,449", "Share Issued": "33,522", "Ordinary Shares Number": "33,522"}}, "cf": {"TTM": {"Duration": "TTM", "Operating Cash Flow": "385,147", "Investing Cash Flow": "-11,166", "Financing Cash Flow": "-312,833", "End Cash Position": "373,695", "Income Tax Paid Supplemental Data": "-", "Interest Paid Supplemental Data": "-", "Capital Expenditure": "-11,678", "Issuance of Debt": "45,000", "Repayment of Debt": "-355,212", "Repurchase of Capital Stock": "-3,327", "Free Cash Flow": "373,469"}, "9/30/2020": {"Duration": "9/30/2020", "Operating Cash Flow": "289,095", "Investing Cash Flow": "-10,164", "Financing Cash Flow": "-59,197", "End Cash Position": "342,528", "Income Tax Paid Supplemental Data": "-", "Interest Paid Supplemental Data": "-", "Capital Expenditure": "-10,642", "Issuance of Debt": "390,000", "Repayment of Debt": "-441,150", "Repurchase of Capital Stock": "-3,327", "Free Cash Flow": "278,453"}, "9/30/2019": {"Duration": "9/30/2019", "Operating Cash Flow": "113,635", "Investing Cash Flow": "-25,125", "Financing Cash Flow": "-118,964", "End Cash Position": "122,794", "Income Tax Paid Supplemental Data": "-", "Interest Paid Supplemental Data": "-", "Capital Expenditure": "-21,356", "Issuance of Debt": "925,000", "Repayment of Debt": "-1,001,548", "Repurchase of Capital Stock": "-34,624", "Free Cash Flow": "92,279"}, "9/30/2018": {"Duration": "9/30/2018", "Operating Cash Flow": "30,288", "Investing Cash Flow": "-74,148", "Financing Cash Flow": "-107,501", "End Cash Position": "153,248", "Income Tax Paid Supplemental Data": "-", "Interest Paid Supplemental Data": "-", "Capital Expenditure": "-17,020", "Issuance of Debt": "625,000", "Repayment of Debt": "-722,915", "Repurchase of Capital Stock": "-", "Free Cash Flow": "13,268"}}}}, {"LEN": {"quote": {"05/12/2021": {"value": "96.13", "Market Cap": "29.359B", "Beta (5Y Monthly)": "1.49", "PE Ratio (TTM)": "9.83", "EPS (TTM)": "9.78", "Earnings Date": "Jun 14, 2021 - Jun 18, 2021", "Forward Dividend & Yield": "1.00 (0.97%)", "Ex-Dividend Date": "Apr 20, 2021", "1y Target Est": "109.15"}}, "fin": {"TTM": {"Duration": "TTM", "Total Revenue": "23,308,985", "Cost of Revenue": "19,377,123", "Gross Profit": "3,931,862", "Operating Expense": "363,974", "Operating Income": "3,567,888", "Net Non Operating Interest Income Expense": "-", "Other Income Expense": "481,763", "Pretax Income": "4,027,250", "Tax Provision": "934,011", "Net Income Common Stockholders": "3,031,736", "Average Dilution Earnings": "-9,524", "Diluted NI Available to Com Stockholders": "3,022,212", "Basic EPS": "-", "Diluted EPS": "-", "Basic Average Shares": "-", "Diluted Average Shares": "-", "Total Operating Income as Reported": "-", "Total Expenses": "19,741,097", "Net Income from Continuing & Discontinued Operation": "3,067,953", "Normalized Income": "2,666,201", "Interest Expense": "-", "Net Interest Income": "-", "EBIT": "3,598,387", "EBITDA": "3,694,851", "Reconciled Cost of Revenue": "19,377,123", "Reconciled Depreciation": "96,464", "Net Income from Continuing Operation Net Minority Interest": "3,067,953", "Total Unusual Items Excluding Goodwill": "523,062", "Total Unusual Items": "523,062", "Normalized EBITDA": "3,171,789", "Tax Rate for Calcs": "0", "Tax Effect of Unusual Items": "121,310"}, "11/30/2020": {"Duration": "11/30/2020", "Total Revenue": "22,488,854", "Cost of Revenue": "19,014,746", "Gross Profit": "3,474,108", "Operating Expense": "358,418", "Operating Income": "3,115,690", "Net Non Operating Interest Income Expense": "-22,401", "Other Income Expense": "30,499", "Pretax Income": "3,123,788", "Tax Provision": "656,235", "Net Income Common Stockholders": "2,436,647", "Average Dilution Earnings": "-8,971", "Diluted NI Available to Com Stockholders": "2,427,676", "Basic EPS": "7.88", "Diluted EPS": "7.85", "Basic Average Shares": "309,406", "Diluted Average Shares": "309,407", "Total Operating Income as Reported": "-", "Total Expenses": "19,373,164", "Net Income from Continuing & Discontinued Operation": "2,465,036", "Normalized Income": "2,416,528", "Interest Expense": "22,401", "Net Interest Income": "-22,401", "EBIT": "3,146,189", "EBITDA": "-", "Reconciled Cost of Revenue": "19,014,746", "Reconciled Depreciation": "94,553", "Net Income from Continuing Operation Net Minority Interest": "2,465,036", "Total Unusual Items Excluding Goodwill": "61,418", "Total Unusual Items": "61,418", "Normalized EBITDA": "3,179,324", "Tax Rate for Calcs": "0", "Tax Effect of Unusual Items": "12,910"}, "11/30/2019": {"Duration": "11/30/2019", "Total Revenue": "22,259,561", "Cost of Revenue": "19,457,266", "Gross Profit": "2,802,295", "Operating Expense": "341,114", "Operating Income": "2,461,181", "Net Non Operating Interest Income Expense": "-17,620", "Other Income Expense": "-26,889", "Pretax Income": "2,434,292", "Tax Provision": "592,173", "Net Income Common Stockholders": "1,832,910", "Average Dilution Earnings": "-4,204", "Diluted NI Available to Com Stockholders": "1,828,706", "Basic EPS": "5.76", "Diluted EPS": "5.74", "Basic Average Shares": "318,419", "Diluted Average Shares": "318,422", "Total Operating Income as Reported": "-", "Total Expenses": "19,798,380", "Net Income from Continuing & Discontinued Operation": "1,849,052", "Normalized Income": "1,849,052", "Interest Expense": "17,620", "Net Interest Income": "-17,620", "EBIT": "2,461,181", "EBITDA": "-", "Reconciled Cost of Revenue": "19,457,266", "Reconciled Depreciation": "92,200", "Net Income from Continuing Operation Net Minority Interest": "1,849,052", "Total Unusual Items Excluding Goodwill": "0", "Total Unusual Items": "0", "Normalized EBITDA": "2,553,381", "Tax Rate for Calcs": "0", "Tax Effect of Unusual Items": "0"}, "11/30/2018": {"Duration": "11/30/2018", "Total Revenue": "20,571,631", "Cost of Revenue": "18,237,446", "Gross Profit": "2,334,185", "Operating Expense": "343,934", "Operating Income": "1,990,251", "Net Non Operating Interest Income Expense": "-11,258", "Other Income Expense": "283,691", "Pretax Income": "2,262,684", "Tax Provision": "545,171", "Net Income Common Stockholders": "1,680,964", "Average Dilution Earnings": "-3,235", "Diluted NI Available to Com Stockholders": "1,677,729", "Basic EPS": "5.46", "Diluted EPS": "5.44", "Basic Average Shares": "307,968", "Diluted Average Shares": "308,565", "Total Operating Income as Reported": "-", "Total Expenses": "18,581,380", "Net Income from Continuing & Discontinued Operation": "1,695,831", "Normalized Income": "1,609,520", "Interest Expense": "11,258", "Net Interest Income": "-11,258", "EBIT": "2,273,942", "EBITDA": "-", "Reconciled Cost of Revenue": "18,237,446", "Reconciled Depreciation": "91,181", "Net Income from Continuing Operation Net Minority Interest": "1,695,831", "Total Unusual Items Excluding Goodwill": "114,062", "Total Unusual Items": "114,062", "Normalized EBITDA": "2,251,061", "Tax Rate for Calcs": "0", "Tax Effect of Unusual Items": "27,751"}}, "bs": {"11/30/2020": {"Duration": "11/30/2020", "Total Assets": "29,935,177", "Total Liabilities Net Minority Interest": "11,835,776", "Total Equity Gross Minority Interest": "18,099,401", "Total Capitalization": "25,416,439", "Common Stock Equity": "17,994,856", "Net Tangible Assets": "14,362,798", "Working Capital": "21,552,221", "Invested Capital": "25,416,439", "Tangible Book Value": "14,362,798", "Total Debt": "7,421,583", "Net Debt": "4,558,545", "Share Issued": "338,386", "Ordinary Shares Number": "312,699", "Treasury Shares Number": "25,687"}, "11/30/2019": {"Duration": "11/30/2019", "Total Assets": "29,359,511", "Total Liabilities Net Minority Interest": "13,325,681", "Total Equity Gross Minority Interest": "16,033,830", "Total Capitalization": "25,523,213", "Common Stock Equity": "15,949,517", "Net Tangible Assets": "12,291,642", "Working Capital": "21,096,913", "Invested Capital": "25,523,213", "Tangible Book Value": "12,291,642", "Total Debt": "9,573,696", "Net Debt": "8,127,700", "Share Issued": "336,562", "Ordinary Shares Number": "315,893", "Treasury Shares Number": "20,670"}, "11/30/2018": {"Duration": "11/30/2018", "Total Assets": "28,566,181", "Total Liabilities Net Minority Interest": "13,883,224", "Total Equity Gross Minority Interest": "14,682,957", "Total Capitalization": "24,698,593", "Common Stock Equity": "14,581,535", "Net Tangible Assets": "10,901,488", "Working Capital": "19,599,171", "Invested Capital": "24,698,593", "Tangible Book Value": "10,901,488", "Total Debt": "10,117,058", "Net Debt": "8,558,600", "Share Issued": "334,435", "Ordinary Shares Number": "324,238", "Treasury Shares Number": "10,197"}}, "cf": {"TTM": {"Duration": "TTM", "Operating Cash Flow": "4,193,351", "Investing Cash Flow": "-386,736", "Financing Cash Flow": "-2,286,459", "End Cash Position": "2,595,198", "Income Tax Paid Supplemental Data": "-", "Interest Paid Supplemental Data": "-", "Capital Expenditure": "-64,088", "Issuance of Capital Stock": "-", "Issuance of Debt": "-225,986", "Repayment of Debt": "-2,094,176", "Repurchase of Capital Stock": "-95,016", "Free Cash Flow": "4,129,263"}, "11/30/2020": {"Duration": "11/30/2020", "Operating Cash Flow": "4,190,819", "Investing Cash Flow": "-280,205", "Financing Cash Flow": "-2,446,575", "End Cash Position": "2,932,730", "Income Tax Paid Supplemental Data": "402,180", "Interest Paid Supplemental Data": "97,336", "Capital Expenditure": "-72,752", "Issuance of Capital Stock": "0", "Issuance of Debt": "92,688", "Repayment of Debt": "-2,386,829", "Repurchase of Capital Stock": "-321,524", "Free Cash Flow": "4,118,067"}, "11/30/2019": {"Duration": "11/30/2019", "Operating Cash Flow": "1,482,343", "Investing Cash Flow": "19,596", "Financing Cash Flow": "-1,629,224", "End Cash Position": "1,468,691", "Income Tax Paid Supplemental Data": "261,445", "Interest Paid Supplemental Data": "49,870", "Capital Expenditure": "-86,497", "Issuance of Capital Stock": "493", "Issuance of Debt": "88,751", "Repayment of Debt": "-1,122,902", "Repurchase of Capital Stock": "-523,074", "Free Cash Flow": "1,395,846"}, "11/30/2018": {"Duration": "11/30/2018", "Operating Cash Flow": "1,711,609", "Investing Cash Flow": "-608,122", "Financing Cash Flow": "-2,195,901", "End Cash Position": "1,558,458", "Income Tax Paid Supplemental Data": "376,609", "Interest Paid Supplemental Data": "128,877", "Capital Expenditure": "-130,439", "Issuance of Capital Stock": "3,061", "Issuance of Debt": "351,018", "Repayment of Debt": "-2,052,191", "Repurchase of Capital Stock": "-299,833", "Free Cash Flow": "1,581,170"}}}}, {"CHCI": {"quote": {"05/12/2021": {"value": "6.17", "Market Cap": "50.743M", "Beta (5Y Monthly)": "1.10", "PE Ratio (TTM)": "25.71", "EPS (TTM)": "0.24", "Earnings Date": "May 26, 2021 - May 31, 2021", "Forward Dividend & Yield": "N/A (N/A)", "Ex-Dividend Date": "N/A", "1y Target Est": "7.00"}}, "fin": {"TTM": {"Duration": "TTM", "Total Revenue": "28,726", "Cost of Revenue": "22,542", "Gross Profit": "6,184", "Operating Expense": "3,617", "Operating Income": "2,567", "Net Non Operating Interest Income Expense": "-379", "Other Income Expense": "112", "Pretax Income": "2,300", "Tax Provision": "25", "Earnings from Equity Interest Net of Tax": "-193", "Net Income Common Stockholders": "2,082", "Diluted NI Available to Com Stockholders": "2,082", "Basic EPS": "-", "Diluted EPS": "-", "Basic Average Shares": "-", "Diluted Average Shares": "-", "Total Operating Income as Reported": "2,567", "Total Expenses": "26,159", "Net Income from Continuing & Discontinued Operation": "2,082", "Normalized Income": "2,082", "Interest Expense": "379", "Net Interest Income": "-379", "EBIT": "2,679", "EBITDA": "2,905", "Reconciled Cost of Revenue": "22,542", "Reconciled Depreciation": "226", "Net Income from Continuing Operation Net Minority Interest": "2,082", "Total Unusual Items Excluding Goodwill": "-", "Total Unusual Items": "-", "Normalized EBITDA": "2,905", "Tax Rate for Calcs": "0", "Tax Effect of Unusual Items": "0"}, "12/31/2020": {"Duration": "12/31/2020", "Total Revenue": "28,726", "Cost of Revenue": "22,542", "Gross Profit": "6,184", "Operating Expense": "3,617", "Operating Income": "2,567", "Net Non Operating Interest Income Expense": "-379", "Other Income Expense": "112", "Pretax Income": "2,300", "Tax Provision": "25", "Earnings from Equity Interest Net of Tax": "-193", "Net Income Common Stockholders": "2,082", "Diluted NI Available to Com Stockholders": "2,082", "Basic EPS": "-", "Diluted EPS": "-", "Basic Average Shares": "-", "Diluted Average Shares": "-", "Total Operating Income as Reported": "2,567", "Total Expenses": "26,159", "Net Income from Continuing & Discontinued Operation": "2,082", "Normalized Income": "2,082", "Interest Expense": "379", "Net Interest Income": "-379", "EBIT": "2,679", "EBITDA": "-", "Reconciled Cost of Revenue": "22,542", "Reconciled Depreciation": "226", "Net Income from Continuing Operation Net Minority Interest": "2,082", "Total Unusual Items Excluding Goodwill": "-", "Total Unusual Items": "-", "Normalized EBITDA": "2,905", "Tax Rate for Calcs": "0", "Tax Effect of Unusual Items": "0"}, "12/31/2019": {"Duration": "12/31/2019", "Total Revenue": "25,317", "Cost of Revenue": "21,172", "Gross Profit": "4,145", "Operating Expense": "1,870", "Operating Income": "2,275", "Net Non Operating Interest Income Expense": "-474", "Other Income Expense": "-335", "Pretax Income": "1,466", "Tax Provision": "2", "Earnings from Equity Interest Net of Tax": "-", "Net Income Common Stockholders": "893", "Diluted NI Available to Com Stockholders": "893", "Basic EPS": "0.13", "Diluted EPS": "0.13", "Basic Average Shares": "6,617", "Diluted Average Shares": "6,799", "Total Operating Income as Reported": "2,275", "Total Expenses": "23,042", "Net Income from Continuing & Discontinued Operation": "893", "Normalized Income": "1,464", "Interest Expense": "474", "Net Interest Income": "-474", "EBIT": "1,940", "EBITDA": "-", "Reconciled Cost of Revenue": "21,172", "Reconciled Depreciation": "217", "Net Income from Continuing Operation Net Minority Interest": "1,464", "Total Unusual Items Excluding Goodwill": "-", "Total Unusual Items": "-", "Normalized EBITDA": "2,157", "Tax Rate for Calcs": "0", "Tax Effect of Unusual Items": "0"}, "12/31/2018": {"Duration": "12/31/2018", "Total Revenue": "56,749", "Cost of Revenue": "57,180", "Gross Profit": "-431", "Operating Expense": "2,267", "Operating Income": "-2,698", "Net Non Operating Interest Income Expense": "-171", "Other Income Expense": "-2,097", "Pretax Income": "-4,966", "Tax Provision": "-920", "Earnings from Equity Interest Net of Tax": "-", "Net Income Common Stockholders": "-4,516", "Diluted NI Available to Com Stockholders": "-4,516", "Basic EPS": "-1.22", "Diluted EPS": "-1.22", "Basic Average Shares": "3,705", "Diluted Average Shares": "3,705", "Total Operating Income as Reported": "-5,101", "Total Expenses": "59,447", "Net Income from Continuing & Discontinued Operation": "-4,516", "Normalized Income": "-2,697", "Interest Expense": "171", "Net Interest Income": "-171", "EBIT": "-4,795", "EBITDA": "-", "Reconciled Cost of Revenue": "57,180", "Reconciled Depreciation": "168", "Net Income from Continuing Operation Net Minority Interest": "-4,516", "Total Unusual Items Excluding Goodwill": "-2,232", "Total Unusual Items": "-2,232", "Normalized EBITDA": "-2,395", "Tax Rate for Calcs": "0", "Tax Effect of Unusual Items": "-413.4998"}}, "bs": {"12/31/2020": {"Duration": "12/31/2020", "Total Assets": "28,579", "Total Liabilities Net Minority Interest": "17,364", "Total Equity Gross Minority Interest": "11,215", "Total Capitalization": "16,715", "Preferred Stock Equity": "6,765", "Common Stock Equity": "4,450", "Capital Lease Obligations": "7,930", "Net Tangible Assets": "9,477", "Working Capital": "7,851", "Invested Capital": "9,955", "Tangible Book Value": "2,712", "Total Debt": "13,435", "Net Debt": "-", "Share Issued": "8,174", "Ordinary Shares Number": "8,088", "Treasury Shares Number": "85.57"}, "12/31/2019": {"Duration": "12/31/2019", "Total Assets": "19,933", "Total Liabilities Net Minority Interest": "11,576", "Total Equity Gross Minority Interest": "8,357", "Total Capitalization": "9,569", "Preferred Stock Equity": "6,765", "Common Stock Equity": "1,592", "Capital Lease Obligations": "61", "Net Tangible Assets": "6,552", "Working Capital": "-988", "Invested Capital": "8,587", "Tangible Book Value": "-213", "Total Debt": "7,056", "Net Debt": "3,484", "Share Issued": "8,070", "Ordinary Shares Number": "7,984", "Treasury Shares Number": "85.57"}, "12/31/2018": {"Duration": "12/31/2018", "Total Assets": "35,100", "Total Liabilities Net Minority Interest": "28,470", "Total Equity Gross Minority Interest": "6,630", "Total Capitalization": "9,854", "Preferred Stock Equity": "7,193", "Common Stock Equity": "-16,269", "Capital Lease Obligations": "-", "Net Tangible Assets": "-10,948", "Working Capital": "25,038", "Invested Capital": "2,661", "Tangible Book Value": "-18,141", "Total Debt": "18,930", "Net Debt": "13,150", "Share Issued": "3,924", "Ordinary Shares Number": "3,838", "Treasury Shares Number": "85.57"}}, "cf": {"TTM": {"Duration": "TTM", "Operating Cash Flow": "3,436", "Investing Cash Flow": "1,671", "Financing Cash Flow": "-1,586", "End Cash Position": "7,032", "Income Tax Paid Supplemental Data": "0", "Interest Paid Supplemental Data": "397", "Capital Expenditure": "-147", "Issuance of Debt": "5,554", "Repayment of Debt": "-7,071", "Repurchase of Capital Stock": "-", "Free Cash Flow": "3,289"}, "12/31/2020": {"Duration": "12/31/2020", "Operating Cash Flow": "3,436", "Investing Cash Flow": "1,671", "Financing Cash Flow": "-1,586", "End Cash Position": "7,032", "Income Tax Paid Supplemental Data": "0", "Interest Paid Supplemental Data": "397", "Capital Expenditure": "-147", "Issuance of Debt": "5,554", "Repayment of Debt": "-7,071", "Repurchase of Capital Stock": "-", "Free Cash Flow": "3,289"}, "12/31/2019": {"Duration": "12/31/2019", "Operating Cash Flow": "8,394", "Investing Cash Flow": "145", "Financing Cash Flow": "-5,882", "End Cash Position": "3,511", "Income Tax Paid Supplemental Data": "0", "Interest Paid Supplemental Data": "420", "Capital Expenditure": "-207", "Issuance of Debt": "-", "Repayment of Debt": "-228", "Repurchase of Capital Stock": "-", "Free Cash Flow": "8,187"}, "12/31/2018": {"Duration": "12/31/2018", "Operating Cash Flow": "16,252", "Investing Cash Flow": "-41", "Financing Cash Flow": "-12,147", "End Cash Position": "7,011", "Income Tax Paid Supplemental Data": "8", "Interest Paid Supplemental Data": "190", "Capital Expenditure": "-80", "Issuance of Debt": "19,030", "Repayment of Debt": "-29,191", "Repurchase of Capital Stock": "0", "Free Cash Flow": "16,172"}}}}, {"CCS": {"quote": {"05/12/2021": {"value": "69.46", "Market Cap": "2.342B", "Beta (5Y Monthly)": "1.97", "PE Ratio (TTM)": "8.32", "EPS (TTM)": "8.35", "Earnings Date": "Jul 26, 2021 - Jul 30, 2021", "Forward Dividend & Yield": "N/A (N/A)", "Ex-Dividend Date": "N/A", "1y Target Est": "92.67"}}, "fin": {"TTM": {"Duration": "TTM", "Total Revenue": "3,567,152", "Cost of Revenue": "2,835,408", "Gross Profit": "731,744", "Operating Expense": "360,242", "Operating Income": "371,502", "Other Income Expense": "-4,301", "Pretax Income": "367,201", "Tax Provision": "85,518", "Net Income Common Stockholders": "281,683", "Diluted NI Available to Com Stockholders": "281,683", "Basic EPS": "-", "Diluted EPS": "-", "Basic Average Shares": "-", "Diluted Average Shares": "-", "Total Expenses": "3,195,650", "Net Income from Continuing & Discontinued Operation": "281,683", "Normalized Income": "282,750", "EBIT": "371,502", "EBITDA": "384,034", "Reconciled Cost of Revenue": "2,835,408", "Reconciled Depreciation": "12,532", "Net Income from Continuing Operation Net Minority Interest": "281,683", "Total Unusual Items Excluding Goodwill": "-1,391", "Total Unusual Items": "-1,391", "Normalized EBITDA": "385,425", "Tax Rate for Calcs": "0", "Tax Effect of Unusual Items": "-323.9521"}, "12/31/2020": {"Duration": "12/31/2020", "Total Revenue": "3,161,192", "Cost of Revenue": "2,544,859", "Gross Profit": "616,333", "Operating Expense": "341,710", "Operating Income": "274,623", "Other Income Expense": "-4,383", "Pretax Income": "270,240", "Tax Provision": "64,083", "Net Income Common Stockholders": "206,157", "Diluted NI Available to Com Stockholders": "206,157", "Basic EPS": "6.19", "Diluted EPS": "6.13", "Basic Average Shares": "33,313", "Diluted Average Shares": "33,610", "Total Expenses": "2,886,569", "Net Income from Continuing & Discontinued Operation": "206,157", "Normalized Income": "207,814", "EBIT": "274,623", "EBITDA": "-", "Reconciled Cost of Revenue": "2,544,859", "Reconciled Depreciation": "13,141", "Net Income from Continuing Operation Net Minority Interest": "206,157", "Total Unusual Items Excluding Goodwill": "-2,172", "Total Unusual Items": "-2,172", "Normalized EBITDA": "289,936", "Tax Rate for Calcs": "0", "Tax Effect of Unusual Items": "-514.764"}, "12/31/2019": {"Duration": "12/31/2019", "Total Revenue": "2,535,911", "Cost of Revenue": "2,080,946", "Gross Profit": "454,965", "Operating Expense": "301,525", "Operating Income": "153,440", "Other Income Expense": "-20,805", "Pretax Income": "132,635", "Tax Provision": "19,641", "Net Income Common Stockholders": "112,994", "Diluted NI Available to Com Stockholders": "112,994", "Basic EPS": "3.66", "Diluted EPS": "3.62", "Basic Average Shares": "30,886", "Diluted Average Shares": "31,187", "Total Expenses": "2,382,471", "Net Income from Continuing & Discontinued Operation": "112,994", "Normalized Income": "126,298", "EBIT": "153,440", "EBITDA": "-", "Reconciled Cost of Revenue": "2,080,946", "Reconciled Depreciation": "13,382", "Net Income from Continuing Operation Net Minority Interest": "112,994", "Total Unusual Items Excluding Goodwill": "-15,615", "Total Unusual Items": "-15,615", "Normalized EBITDA": "182,437", "Tax Rate for Calcs": "0", "Tax Effect of Unusual Items": "-2,311"}, "12/31/2018": {"Duration": "12/31/2018", "Total Revenue": "2,147,413", "Cost of Revenue": "1,768,409", "Gross Profit": "379,004", "Operating Expense": "263,981", "Operating Income": "115,023", "Other Income Expense": "13,507", "Pretax Income": "128,530", "Tax Provision": "32,075", "Net Income Common Stockholders": "96,396", "Diluted NI Available to Com Stockholders": "96,396", "Basic EPS": "3.20", "Diluted EPS": "3.17", "Basic Average Shares": "30,085", "Diluted Average Shares": "30,391", "Total Expenses": "2,032,390", "Net Income from Continuing & Discontinued Operation": "96,455", "Normalized Income": "96,783", "EBIT": "115,023", "EBITDA": "-", "Reconciled Cost of Revenue": "1,768,409", "Reconciled Depreciation": "12,031", "Net Income from Continuing Operation Net Minority Interest": "96,455", "Total Unusual Items Excluding Goodwill": "-437", "Total Unusual Items": "-437", "Normalized EBITDA": "127,491", "Tax Rate for Calcs": "0", "Tax Effect of Unusual Items": "-109.25"}}, "bs": {"12/31/2020": {"Duration": "12/31/2020", "Total Assets": "2,845,093", "Total Liabilities Net Minority Interest": "1,564,388", "Total Equity Gross Minority Interest": "1,280,705", "Total Capitalization": "2,175,580", "Common Stock Equity": "1,280,705", "Capital Lease Obligations": "16,801", "Net Tangible Assets": "1,250,310", "Working Capital": "2,212,819", "Invested Capital": "2,434,630", "Tangible Book Value": "1,250,310", "Total Debt": "1,170,726", "Net Debt": "759,924", "Share Issued": "33,351", "Ordinary Shares Number": "33,351"}, "12/31/2019": {"Duration": "12/31/2019", "Total Assets": "2,499,967", "Total Liabilities Net Minority Interest": "1,438,268", "Total Equity Gross Minority Interest": "1,061,699", "Total Capitalization": "1,958,403", "Common Stock Equity": "1,061,699", "Capital Lease Obligations": "19,306", "Net Tangible Assets": "1,031,096", "Working Capital": "1,897,775", "Invested Capital": "2,201,198", "Tangible Book Value": "1,031,096", "Total Debt": "1,158,805", "Net Debt": "1,084,063", "Share Issued": "33,067", "Ordinary Shares Number": "33,067"}, "12/31/2018": {"Duration": "12/31/2018", "Total Assets": "2,254,255", "Total Liabilities Net Minority Interest": "1,394,896", "Total Equity Gross Minority Interest": "859,359", "Total Capitalization": "1,644,136", "Common Stock Equity": "859,359", "Capital Lease Obligations": "-", "Net Tangible Assets": "823,869", "Working Capital": "1,626,205", "Invested Capital": "1,951,191", "Tangible Book Value": "823,869", "Total Debt": "1,091,832", "Net Debt": "1,058,930", "Share Issued": "30,155", "Ordinary Shares Number": "30,155"}}, "cf": {"TTM": {"Duration": "TTM", "Operating Cash Flow": "449,074", "Investing Cash Flow": "-8,665", "Financing Cash Flow": "-386,313", "End Cash Position": "507,630", "Income Tax Paid Supplemental Data": "48,799", "Capital Expenditure": "-8,749", "Issuance of Capital Stock": "-", "Issuance of Debt": "116,720", "Repayment of Debt": "-489,926", "Repurchase of Capital Stock": "-12,300", "Free Cash Flow": "440,325"}, "12/31/2020": {"Duration": "12/31/2020", "Operating Cash Flow": "340,578", "Investing Cash Flow": "-8,405", "Financing Cash Flow": "7,387", "End Cash Position": "398,081", "Income Tax Paid Supplemental Data": "48,789", "Capital Expenditure": "-8,522", "Issuance of Capital Stock": "0", "Issuance of Debt": "768,733", "Repayment of Debt": "-755,469", "Repurchase of Capital Stock": "-5,100", "Free Cash Flow": "332,056"}, "12/31/2019": {"Duration": "12/31/2019", "Operating Cash Flow": "-68,807", "Investing Cash Flow": "-14,283", "Financing Cash Flow": "105,170", "End Cash Position": "58,521", "Income Tax Paid Supplemental Data": "26,936", "Capital Expenditure": "-16,117", "Issuance of Capital Stock": "79,052", "Issuance of Debt": "2,131,759", "Repayment of Debt": "-2,094,479", "Repurchase of Capital Stock": "-1,439", "Free Cash Flow": "-84,924"}, "12/31/2018": {"Duration": "12/31/2018", "Operating Cash Flow": "-195,578", "Investing Cash Flow": "-43,536", "Financing Cash Flow": "181,842", "End Cash Position": "36,441", "Income Tax Paid Supplemental Data": "39,656", "Capital Expenditure": "-15,803", "Issuance of Capital Stock": "30,947", "Issuance of Debt": "789,075", "Repayment of Debt": "-618,102", "Repurchase of Capital Stock": "-10,952", "Free Cash Flow": "-211,381"}}}}, {"CVCO": {"quote": {"05/12/2021": {"value": "196.47", "Market Cap": "1.806B", "Beta (5Y Monthly)": "1.13", "PE Ratio (TTM)": "28.76", "EPS (TTM)": "6.83", "Earnings Date": "May 24, 2021 - May 28, 2021", "Forward Dividend & Yield": "N/A (N/A)", "Ex-Dividend Date": "N/A", "1y Target Est": "234.00"}}, "fin": {"TTM": {"Duration": "TTM", "Total Revenue": "1,056,884", "Cost of Revenue": "836,884", "Gross Profit": "220,000", "Operating Expense": "143,610", "Operating Income": "76,390", "Net Non Operating Interest Income Expense": "-784", "Other Income Expense": "5,190", "Pretax Income": "80,796", "Tax Provision": "17,371", "Net Income Common Stockholders": "63,425", "Diluted NI Available to Com Stockholders": "63,425", "Basic EPS": "-", "Diluted EPS": "-", "Basic Average Shares": "-", "Diluted Average Shares": "-", "Total Operating Income as Reported": "76,390", "Total Expenses": "980,494", "Net Income from Continuing & Discontinued Operation": "63,425", "Normalized Income": "63,425", "Interest Expense": "784", "Net Interest Income": "-784", "EBIT": "81,580", "EBITDA": "87,890", "Reconciled Cost of Revenue": "836,884", "Reconciled Depreciation": "6,310", "Net Income from Continuing Operation Net Minority Interest": "63,425", "Normalized EBITDA": "87,890", "Tax Rate for Calcs": "0", "Tax Effect of Unusual Items": "0"}, "3/31/2020": {"Duration": "3/31/2020", "Total Revenue": "1,061,774", "Cost of Revenue": "831,256", "Gross Profit": "230,518", "Operating Expense": "145,611", "Operating Income": "84,907", "Net Non Operating Interest Income Expense": "-1,495", "Other Income Expense": "9,567", "Pretax Income": "92,979", "Tax Provision": "17,913", "Net Income Common Stockholders": "75,066", "Diluted NI Available to Com Stockholders": "75,066", "Basic EPS": "8.22", "Diluted EPS": "8.10", "Basic Average Shares": "9,130", "Diluted Average Shares": "9,269", "Total Operating Income as Reported": "84,907", "Total Expenses": "976,867", "Net Income from Continuing & Discontinued Operation": "75,066", "Normalized Income": "75,066", "Interest Expense": "1,495", "Net Interest Income": "-1,495", "EBIT": "94,474", "EBITDA": "-", "Reconciled Cost of Revenue": "831,256", "Reconciled Depreciation": "5,783", "Net Income from Continuing Operation Net Minority Interest": "75,066", "Normalized EBITDA": "100,257", "Tax Rate for Calcs": "0", "Tax Effect of Unusual Items": "0"}, "3/31/2019": {"Duration": "3/31/2019", "Total Revenue": "962,746", "Cost of Revenue": "757,040", "Gross Profit": "205,706", "Operating Expense": "121,568", "Operating Income": "84,138", "Net Non Operating Interest Income Expense": "-3,444", "Other Income Expense": "5,982", "Pretax Income": "86,676", "Tax Provision": "18,054", "Net Income Common Stockholders": "68,622", "Diluted NI Available to Com Stockholders": "68,622", "Basic EPS": "7.56", "Diluted EPS": "7.40", "Basic Average Shares": "9,081", "Diluted Average Shares": "9,269", "Total Operating Income as Reported": "84,138", "Total Expenses": "878,608", "Net Income from Continuing & Discontinued Operation": "68,622", "Normalized Income": "68,622", "Interest Expense": "3,444", "Net Interest Income": "-3,444", "EBIT": "90,120", "EBITDA": "-", "Reconciled Cost of Revenue": "757,040", "Reconciled Depreciation": "4,698", "Net Income from Continuing Operation Net Minority Interest": "68,622", "Normalized EBITDA": "94,818", "Tax Rate for Calcs": "0", "Tax Effect of Unusual Items": "0"}}, "bs": {"3/31/2020": {"Duration": "3/31/2020", "Total Assets": "810,431", "Total Liabilities Net Minority Interest": "202,845", "Total Equity Gross Minority Interest": "607,586", "Total Capitalization": "620,291", "Common Stock Equity": "607,586", "Capital Lease Obligations": "14,913", "Net Tangible Assets": "517,386", "Working Capital": "344,083", "Invested Capital": "622,539", "Tangible Book Value": "517,386", "Total Debt": "29,866", "Share Issued": "9,173", "Ordinary Shares Number": "9,173"}, "3/31/2019": {"Duration": "3/31/2019", "Total Assets": "725,216", "Total Liabilities Net Minority Interest": "195,628", "Total Equity Gross Minority Interest": "529,588", "Total Capitalization": "544,206", "Common Stock Equity": "529,588", "Capital Lease Obligations": "1,075", "Net Tangible Assets": "446,892", "Working Capital": "288,041", "Invested Capital": "563,728", "Tangible Book Value": "446,892", "Total Debt": "35,215", "Share Issued": "9,098", "Ordinary Shares Number": "9,098"}}, "cf": {"TTM": {"Duration": "TTM", "Operating Cash Flow": "124,983", "Investing Cash Flow": "-11,468", "Financing Cash Flow": "-3,149", "End Cash Position": "340,624", "Income Tax Paid Supplemental Data": "16,049", "Interest Paid Supplemental Data": "503", "Capital Expenditure": "-13,669", "Issuance of Debt": "215", "Repayment of Debt": "-2,540", "Free Cash Flow": "111,314"}, "3/31/2020": {"Duration": "3/31/2020", "Operating Cash Flow": "101,737", "Investing Cash Flow": "-25,243", "Financing Cash Flow": "-20,756", "End Cash Position": "255,607", "Income Tax Paid Supplemental Data": "18,839", "Interest Paid Supplemental Data": "736", "Capital Expenditure": "-14,340", "Issuance of Debt": "227", "Repayment of Debt": "-19,916", "Free Cash Flow": "87,397"}, "3/31/2019": {"Duration": "3/31/2019", "Operating Cash Flow": "32,836", "Investing Cash Flow": "-5,815", "Financing Cash Flow": "-26,410", "End Cash Position": "199,869", "Income Tax Paid Supplemental Data": "19,912", "Interest Paid Supplemental Data": "2,302", "Capital Expenditure": "-7,636", "Issuance of Debt": "392", "Repayment of Debt": "-26,688", "Free Cash Flow": "25,200"}}}}, {"TMHC": {"quote": {"05/12/2021": {"value": "28.08", "Market Cap": "3.621B", "Beta (5Y Monthly)": "1.77", "PE Ratio (TTM)": "9.90", "EPS (TTM)": "2.84", "Earnings Date": "Jul 28, 2021 - Aug 02, 2021", "Forward Dividend & Yield": "N/A (N/A)", "Ex-Dividend Date": "N/A", "1y Target Est": "37.29"}}, "fin": {"TTM": {"Duration": "TTM", "Total Revenue": "6,201,433", "Cost of Revenue": "5,080,529", "Gross Profit": "1,120,904", "Operating Expense": "583,027", "Operating Income": "537,877", "Net Non Operating Interest Income Expense": "1,165", "Other Income Expense": "-54,409", "Pretax Income": "484,633", "Tax Provision": "103,107", "Net Income Common Stockholders": "372,891", "Diluted NI Available to Com Stockholders": "372,891", "Basic EPS": "-", "Diluted EPS": "-", "Basic Average Shares": "-", "Diluted Average Shares": "-", "Total Expenses": "5,663,556", "Net Income from Continuing & Discontinued Operation": "372,891", "Normalized Income": "413,074", "Interest Income": "1,165", "Net Interest Income": "1,165", "EBIT": "537,877", "EBITDA": "576,248", "Reconciled Cost of Revenue": "5,080,529", "Reconciled Depreciation": "38,371", "Net Income from Continuing Operation Net Minority Interest": "372,891", "Total Unusual Items Excluding Goodwill": "-51,043", "Total Unusual Items": "-51,043", "Normalized EBITDA": "627,291", "Tax Rate for Calcs": "0", "Tax Effect of Unusual Items": "-10,860"}, "12/31/2020": {"Duration": "12/31/2020", "Total Revenue": "6,129,320", "Cost of Revenue": "5,085,101", "Gross Profit": "1,044,219", "Operating Expense": "572,375", "Operating Income": "471,844", "Net Non Operating Interest Income Expense": "1,606", "Other Income Expense": "-149,333", "Pretax Income": "324,117", "Tax Provision": "74,590", "Net Income Common Stockholders": "243,439", "Diluted NI Available to Com Stockholders": "243,439", "Basic EPS": "1.90", "Diluted EPS": "1.88", "Basic Average Shares": "127,812", "Diluted Average Shares": "129,170", "Total Expenses": "5,657,476", "Net Income from Continuing & Discontinued Operation": "243,439", "Normalized Income": "349,250", "Interest Income": "1,606", "Net Interest Income": "1,606", "EBIT": "471,844", "EBITDA": "-", "Reconciled Cost of Revenue": "5,085,101", "Reconciled Depreciation": "37,336", "Net Income from Continuing Operation Net Minority Interest": "243,439", "Total Unusual Items Excluding Goodwill": "-137,417", "Total Unusual Items": "-137,417", "Normalized EBITDA": "646,597", "Tax Rate for Calcs": "0", "Tax Effect of Unusual Items": "-31,606"}, "12/31/2019": {"Duration": "12/31/2019", "Total Revenue": "4,762,059", "Cost of Revenue": "3,937,969", "Gross Profit": "824,090", "Operating Expense": "490,271", "Operating Income": "333,819", "Net Non Operating Interest Income Expense": "2,673", "Other Income Expense": "-14,220", "Pretax Income": "322,272", "Tax Provision": "67,358", "Net Income Common Stockholders": "254,652", "Diluted NI Available to Com Stockholders": "254,652", "Basic EPS": "2.38", "Diluted EPS": "2.35", "Basic Average Shares": "106,997", "Diluted Average Shares": "108,289", "Total Expenses": "4,428,240", "Net Income from Continuing & Discontinued Operation": "254,652", "Normalized Income": "267,706", "Interest Income": "2,673", "Net Interest Income": "2,673", "EBIT": "333,819", "EBITDA": "-", "Reconciled Cost of Revenue": "3,937,969", "Reconciled Depreciation": "31,424", "Net Income from Continuing Operation Net Minority Interest": "254,652", "Total Unusual Items Excluding Goodwill": "-16,503", "Total Unusual Items": "-16,503", "Normalized EBITDA": "381,746", "Tax Rate for Calcs": "0", "Tax Effect of Unusual Items": "-3,449"}, "12/31/2018": {"Duration": "12/31/2018", "Total Revenue": "4,227,393", "Cost of Revenue": "3,489,200", "Gross Profit": "738,193", "Operating Expense": "416,943", "Operating Income": "321,250", "Net Non Operating Interest Income Expense": "1,639", "Other Income Expense": "-49,373", "Pretax Income": "273,516", "Tax Provision": "63,036", "Net Income Common Stockholders": "206,364", "Diluted NI Available to Com Stockholders": "206,364", "Basic EPS": "1.85", "Diluted EPS": "1.83", "Basic Average Shares": "111,743", "Diluted Average Shares": "115,119", "Total Expenses": "3,906,143", "Net Income from Continuing & Discontinued Operation": "206,364", "Normalized Income": "245,549", "Interest Income": "1,639", "Net Interest Income": "1,639", "EBIT": "321,250", "EBITDA": "-", "Reconciled Cost of Revenue": "3,489,200", "Reconciled Depreciation": "26,391", "Net Income from Continuing Operation Net Minority Interest": "206,364", "Total Unusual Items Excluding Goodwill": "-50,889", "Total Unusual Items": "-50,889", "Normalized EBITDA": "398,530", "Tax Rate for Calcs": "0", "Tax Effect of Unusual Items": "-11,704"}}, "bs": {"12/31/2020": {"Duration": "12/31/2020", "Total Assets": "7,737,995", "Total Liabilities Net Minority Interest": "4,144,245", "Total Equity Gross Minority Interest": "3,593,750", "Total Capitalization": "6,432,936", "Common Stock Equity": "3,504,541", "Capital Lease Obligations": "83,240", "Net Tangible Assets": "2,841,344", "Working Capital": "5,551,381", "Invested Capital": "6,432,936", "Tangible Book Value": "2,841,344", "Total Debt": "3,011,635", "Net Debt": "2,395,552", "Share Issued": "155,362", "Ordinary Shares Number": "129,477", "Treasury Shares Number": "25,885"}, "12/31/2019": {"Duration": "12/31/2019", "Total Assets": "5,245,686", "Total Liabilities Net Minority Interest": "2,699,974", "Total Equity Gross Minority Interest": "2,545,712", "Total Capitalization": "4,478,478", "Common Stock Equity": "2,537,706", "Capital Lease Obligations": "42,317", "Net Tangible Assets": "2,387,641", "Working Capital": "4,096,548", "Invested Capital": "4,478,478", "Tangible Book Value": "2,387,641", "Total Debt": "1,983,089", "Net Debt": "1,614,335", "Share Issued": "125,795", "Ordinary Shares Number": "105,851", "Treasury Shares Number": "19,943"}, "12/31/2018": {"Duration": "12/31/2018", "Total Assets": "5,264,441", "Total Liabilities Net Minority Interest": "2,845,706", "Total Equity Gross Minority Interest": "2,418,735", "Total Capitalization": "4,424,788", "Common Stock Equity": "2,415,192", "Capital Lease Obligations": "-", "Net Tangible Assets": "2,262,004", "Working Capital": "3,969,384", "Invested Capital": "4,624,788", "Tangible Book Value": "2,262,004", "Total Debt": "2,209,596", "Net Debt": "1,879,951", "Share Issued": "124,520", "Ordinary Shares Number": "112,966", "Treasury Shares Number": "11,554"}}, "cf": {"TTM": {"Duration": "TTM", "Operating Cash Flow": "906,873", "Investing Cash Flow": "-114,473", "Financing Cash Flow": "-910,356", "End Cash Position": "393,476", "Income Tax Paid Supplemental Data": "7,624", "Capital Expenditure": "-39,553", "Issuance of Capital Stock": "-", "Issuance of Debt": "3,460,993", "Repayment of Debt": "-4,256,223", "Repurchase of Capital Stock": "-51,587", "Free Cash Flow": "867,320"}, "12/31/2020": {"Duration": "12/31/2020", "Operating Cash Flow": "1,123,282", "Investing Cash Flow": "-312,804", "Financing Cash Flow": "-604,941", "End Cash Position": "534,109", "Income Tax Paid Supplemental Data": "3,357", "Capital Expenditure": "-37,760", "Issuance of Capital Stock": "0", "Issuance of Debt": "3,872,420", "Repayment of Debt": "-4,324,070", "Repurchase of Capital Stock": "-103,332", "Free Cash Flow": "1,085,522"}, "12/31/2019": {"Duration": "12/31/2019", "Operating Cash Flow": "393,216", "Investing Cash Flow": "-19,300", "Financing Cash Flow": "-377,203", "End Cash Position": "328,572", "Income Tax Paid Supplemental Data": "20,129", "Capital Expenditure": "-30,118", "Issuance of Capital Stock": "0", "Issuance of Debt": "2,437,539", "Repayment of Debt": "-2,661,554", "Repurchase of Capital Stock": "-157,439", "Free Cash Flow": "363,098"}, "12/31/2018": {"Duration": "12/31/2018", "Operating Cash Flow": "135,594", "Investing Cash Flow": "-159,718", "Financing Cash Flow": "-219,520", "End Cash Position": "331,859", "Income Tax Paid Supplemental Data": "63,484", "Capital Expenditure": "-20,458", "Issuance of Capital Stock": "767,115", "Issuance of Debt": "1,243,046", "Repayment of Debt": "-1,122,713", "Repurchase of Capital Stock": "-1,108,365", "Free Cash Flow": "115,136"}}}}, {"DHI": {"quote": {"05/12/2021": {"value": "92.35", "Market Cap": "33.291B", "Beta (5Y Monthly)": "1.65", "PE Ratio (TTM)": "10.71", "EPS (TTM)": "8.63", "Earnings Date": "Jul 26, 2021 - Jul 30, 2021", "Forward Dividend & Yield": "0.80 (0.80%)", "Ex-Dividend Date": "May 07, 2021", "1y Target Est": "108.24"}}, "fin": {"TTM": {"Duration": "TTM", "Total Revenue": "24,170,700", "Cost of Revenue": "17,821,700", "Gross Profit": "6,349,000", "Operating Expense": "2,332,600", "Operating Income": "4,016,400", "Net Non Operating Interest Income Expense": "-", "Other Income Expense": "36,300", "Pretax Income": "4,052,700", "Tax Provision": "859,500", "Net Income Common Stockholders": "3,181,000", "Diluted NI Available to Com Stockholders": "3,181,000", "Basic EPS": "-", "Diluted EPS": "-", "Basic Average Shares": "-", "Diluted Average Shares": "-", "Total Expenses": "20,154,300", "Net Income from Continuing & Discontinued Operation": "3,181,000", "Normalized Income": "3,169,969", "Interest Income": "-", "Net Interest Income": "-", "EBIT": "4,016,400", "EBITDA": "4,097,300", "Reconciled Cost of Revenue": "17,821,700", "Reconciled Depreciation": "80,900", "Net Income from Continuing Operation Net Minority Interest": "3,181,000", "Total Unusual Items Excluding Goodwill": "14,000", "Total Unusual Items": "14,000", "Normalized EBITDA": "4,083,300", "Tax Rate for Calcs": "0", "Tax Effect of Unusual Items": "2,969"}, "9/30/2020": {"Duration": "9/30/2020", "Total Revenue": "20,311,100", "Cost of Revenue": "15,373,200", "Gross Profit": "4,937,900", "Operating Expense": "2,047,800", "Operating Income": "2,890,100", "Net Non Operating Interest Income Expense": "-", "Other Income Expense": "92,900", "Pretax Income": "2,983,000", "Tax Provision": "602,500", "Net Income Common Stockholders": "2,373,700", "Diluted NI Available to Com Stockholders": "2,373,700", "Basic EPS": "6.49", "Diluted EPS": "6.41", "Basic Average Shares": "365,500", "Diluted Average Shares": "370,200", "Total Expenses": "17,421,000", "Net Income from Continuing & Discontinued Operation": "2,373,700", "Normalized Income": "2,326,219", "Interest Income": "-", "Net Interest Income": "-", "EBIT": "2,890,100", "EBITDA": "-", "Reconciled Cost of Revenue": "15,373,200", "Reconciled Depreciation": "80,400", "Net Income from Continuing Operation Net Minority Interest": "2,373,700", "Total Unusual Items Excluding Goodwill": "59,500", "Total Unusual Items": "59,500", "Normalized EBITDA": "2,911,000", "Tax Rate for Calcs": "0", "Tax Effect of Unusual Items": "12,019"}, "9/30/2019": {"Duration": "9/30/2019", "Total Revenue": "17,592,900", "Cost of Revenue": "13,720,900", "Gross Profit": "3,872,000", "Operating Expense": "1,832,500", "Operating Income": "2,039,500", "Net Non Operating Interest Income Expense": "-", "Other Income Expense": "85,800", "Pretax Income": "2,125,300", "Tax Provision": "506,700", "Net Income Common Stockholders": "1,618,500", "Diluted NI Available to Com Stockholders": "1,618,500", "Basic EPS": "4.34", "Diluted EPS": "4.29", "Basic Average Shares": "372,600", "Diluted Average Shares": "377,400", "Total Expenses": "15,553,400", "Net Income from Continuing & Discontinued Operation": "1,618,500", "Normalized Income": "1,577,428", "Interest Income": "-", "Net Interest Income": "-", "EBIT": "2,039,500", "EBITDA": "-", "Reconciled Cost of Revenue": "13,720,900", "Reconciled Depreciation": "72,000", "Net Income from Continuing Operation Net Minority Interest": "1,618,500", "Total Unusual Items Excluding Goodwill": "53,900", "Total Unusual Items": "53,900", "Normalized EBITDA": "2,057,600", "Tax Rate for Calcs": "0", "Tax Effect of Unusual Items": "12,828"}, "9/30/2018": {"Duration": "9/30/2018", "Total Revenue": "16,068,000", "Cost of Revenue": "12,398,100", "Gross Profit": "3,669,900", "Operating Expense": "1,676,800", "Operating Income": "1,993,100", "Net Non Operating Interest Income Expense": "-", "Other Income Expense": "66,900", "Pretax Income": "2,060,000", "Tax Provision": "597,700", "Net Income Common Stockholders": "1,460,300", "Diluted NI Available to Com Stockholders": "1,460,300", "Basic EPS": "3.88", "Diluted EPS": "3.81", "Basic Average Shares": "376,600", "Diluted Average Shares": "383,400", "Total Expenses": "14,074,900", "Net Income from Continuing & Discontinued Operation": "1,460,300", "Normalized Income": "1,446,952", "Interest Income": "-", "Net Interest Income": "-", "EBIT": "1,993,100", "EBITDA": "-", "Reconciled Cost of Revenue": "12,398,100", "Reconciled Depreciation": "62,400", "Net Income from Continuing Operation Net Minority Interest": "1,460,300", "Total Unusual Items Excluding Goodwill": "18,800", "Total Unusual Items": "18,800", "Normalized EBITDA": "2,036,700", "Tax Rate for Calcs": "0", "Tax Effect of Unusual Items": "5,452"}}, "bs": {"9/30/2020": {"Duration": "9/30/2020", "Total Assets": "18,912,300", "Total Liabilities Net Minority Interest": "6,790,800", "Total Equity Gross Minority Interest": "12,121,500", "Total Capitalization": "16,123,300", "Common Stock Equity": "11,840,000", "Capital Lease Obligations": "37,000", "Net Tangible Assets": "11,659,400", "Working Capital": "16,558,600", "Invested Capital": "16,123,300", "Tangible Book Value": "11,659,400", "Total Debt": "4,320,300", "Net Debt": "1,264,800", "Share Issued": "394,741", "Ordinary Shares Number": "364,000", "Treasury Shares Number": "30,741"}, "9/30/2019": {"Duration": "9/30/2019", "Total Assets": "15,606,600", "Total Liabilities Net Minority Interest": "5,311,500", "Total Equity Gross Minority Interest": "10,295,100", "Total Capitalization": "13,420,300", "Common Stock Equity": "10,020,900", "Capital Lease Obligations": "-", "Net Tangible Assets": "9,857,400", "Working Capital": "13,728,400", "Invested Capital": "13,420,300", "Tangible Book Value": "9,857,400", "Total Debt": "3,399,400", "Net Debt": "1,905,100", "Share Issued": "392,173", "Ordinary Shares Number": "368,431", "Treasury Shares Number": "23,741"}, "9/30/2018": {"Duration": "9/30/2018", "Total Assets": "14,114,600", "Total Liabilities Net Minority Interest": "4,955,700", "Total Equity Gross Minority Interest": "9,158,900", "Total Capitalization": "12,187,900", "Common Stock Equity": "8,984,400", "Capital Lease Obligations": "-", "Net Tangible Assets": "8,875,200", "Working Capital": "11,881,100", "Invested Capital": "12,187,900", "Tangible Book Value": "8,875,200", "Total Debt": "3,203,500", "Net Debt": "1,730,400", "Share Issued": "388,120", "Ordinary Shares Number": "376,262", "Treasury Shares Number": "11,859"}}, "cf": {"TTM": {"Duration": "TTM", "Operating Cash Flow": "1,661,800", "Investing Cash Flow": "-327,600", "Financing Cash Flow": "-639,600", "End Cash Position": "2,231,900", "Income Tax Paid Supplemental Data": "-", "Capital Expenditure": "-330,600", "Issuance of Capital Stock": "23,300", "Issuance of Debt": "1,022,200", "Repayment of Debt": "-920,400", "Repurchase of Capital Stock": "-503,200", "Free Cash Flow": "1,331,200"}, "9/30/2020": {"Duration": "9/30/2020", "Operating Cash Flow": "1,421,600", "Investing Cash Flow": "-166,100", "Financing Cash Flow": "270,600", "End Cash Position": "3,040,100", "Income Tax Paid Supplemental Data": "-581,300", "Capital Expenditure": "-286,800", "Issuance of Capital Stock": "0", "Issuance of Debt": "2,346,100", "Repayment of Debt": "-1,439,200", "Repurchase of Capital Stock": "-398,600", "Free Cash Flow": "1,134,800"}, "9/30/2019": {"Duration": "9/30/2019", "Operating Cash Flow": "892,100", "Investing Cash Flow": "-394,000", "Financing Cash Flow": "-490,100", "End Cash Position": "1,514,000", "Income Tax Paid Supplemental Data": "488,000", "Capital Expenditure": "-224,100", "Issuance of Capital Stock": "100,700", "Issuance of Debt": "2,528,200", "Repayment of Debt": "-2,434,900", "Repurchase of Capital Stock": "-499,500", "Free Cash Flow": "668,000"}, "9/30/2018": {"Duration": "9/30/2018", "Operating Cash Flow": "545,200", "Investing Cash Flow": "2,600", "Financing Cash Flow": "-82,500", "End Cash Position": "1,473,100", "Income Tax Paid Supplemental Data": "387,200", "Capital Expenditure": "-68,100", "Issuance of Capital Stock": "-", "Issuance of Debt": "2,163,500", "Repayment of Debt": "-1,964,000", "Repurchase of Capital Stock": "-137,800", "Free Cash Flow": "477,100"}}}}, {"HOV": {"quote": {"05/12/2021": {"value": "109.18", "Market Cap": "671.639M", "Beta (5Y Monthly)": "2.76", "PE Ratio (TTM)": "9.93", "EPS (TTM)": "11.00", "Earnings Date": "Jun 02, 2021 - Jun 07, 2021", "Forward Dividend & Yield": "N/A (N/A)", "Ex-Dividend Date": "N/A", "1y Target Est": "N/A"}}, "fin": {"TTM": {"Duration": "TTM", "Total Revenue": "2,424,509", "Cost of Revenue": "2,013,850", "Gross Profit": "410,659", "Operating Expense": "245,188", "Operating Income": "165,471", "Net Non Operating Interest Income Expense": "-102,773", "Other Income Expense": "19,726", "Pretax Income": "82,424", "Tax Provision": "3,389", "Net Income Common Stockholders": "74,383", "Average Dilution Earnings": "0", "Diluted NI Available to Com Stockholders": "74,383", "Basic EPS": "-", "Diluted EPS": "-", "Basic Average Shares": "-", "Diluted Average Shares": "-", "Total Expenses": "2,259,038", "Net Income from Continuing & Discontinued Operation": "79,035", "Normalized Income": "75,314", "Interest Expense": "102,773", "Net Interest Income": "-102,773", "EBIT": "185,197", "EBITDA": "190,560", "Reconciled Cost of Revenue": "2,013,850", "Reconciled Depreciation": "5,363", "Net Income from Continuing Operation Net Minority Interest": "79,035", "Total Unusual Items Excluding Goodwill": "3,881", "Total Unusual Items": "3,881", "Normalized EBITDA": "186,679", "Tax Rate for Calcs": "0", "Tax Effect of Unusual Items": "159.5738"}, "10/31/2020": {"Duration": "10/31/2020", "Total Revenue": "2,343,901", "Cost of Revenue": "1,971,689", "Gross Profit": "372,212", "Operating Expense": "241,814", "Operating Income": "130,398", "Net Non Operating Interest Income Expense": "-103,801", "Other Income Expense": "28,806", "Pretax Income": "55,403", "Tax Provision": "4,475", "Net Income Common Stockholders": "46,276", "Average Dilution Earnings": "0", "Diluted NI Available to Com Stockholders": "46,276", "Basic EPS": "7.48", "Diluted EPS": "7.03", "Basic Average Shares": "6,189", "Diluted Average Shares": "6,584", "Total Expenses": "2,213,503", "Net Income from Continuing & Discontinued Operation": "50,928", "Normalized Income": "38,658", "Interest Expense": "103,801", "Net Interest Income": "-103,801", "EBIT": "159,204", "EBITDA": "-", "Reconciled Cost of Revenue": "1,971,689", "Reconciled Depreciation": "5,304", "Net Income from Continuing Operation Net Minority Interest": "50,928", "Total Unusual Items Excluding Goodwill": "13,337", "Total Unusual Items": "13,337", "Normalized EBITDA": "151,171", "Tax Rate for Calcs": "0", "Tax Effect of Unusual Items": "1,067"}, "10/31/2019": {"Duration": "10/31/2019", "Total Revenue": "2,016,916", "Cost of Revenue": "1,718,315", "Gross Profit": "298,601", "Operating Expense": "234,709", "Operating Income": "63,892", "Net Non Operating Interest Income Expense": "-90,056", "Other Income Expense": "-13,504", "Pretax Income": "-39,668", "Tax Provision": "2,449", "Net Income Common Stockholders": "-42,117", "Average Dilution Earnings": "-", "Diluted NI Available to Com Stockholders": "-42,117", "Basic EPS": "-7.06", "Diluted EPS": "-7.06", "Basic Average Shares": "5,968", "Diluted Average Shares": "5,968", "Total Expenses": "1,953,024", "Net Income from Continuing & Discontinued Operation": "-42,117", "Normalized Income": "-2,270", "Interest Expense": "90,056", "Net Interest Income": "-90,056", "EBIT": "50,388", "EBITDA": "-", "Reconciled Cost of Revenue": "1,718,315", "Reconciled Depreciation": "4,172", "Net Income from Continuing Operation Net Minority Interest": "-42,117", "Total Unusual Items Excluding Goodwill": "-42,436", "Total Unusual Items": "-42,436", "Normalized EBITDA": "96,996", "Tax Rate for Calcs": "0", "Tax Effect of Unusual Items": "-2,589"}, "10/31/2018": {"Duration": "10/31/2018", "Total Revenue": "1,991,233", "Cost of Revenue": "1,665,869", "Gross Profit": "325,364", "Operating Expense": "230,418", "Operating Income": "94,946", "Net Non Operating Interest Income Expense": "-103,297", "Other Income Expense": "16,497", "Pretax Income": "8,146", "Tax Provision": "3,626", "Net Income Common Stockholders": "4,361", "Average Dilution Earnings": "0", "Diluted NI Available to Com Stockholders": "4,361", "Basic EPS": "0.75", "Diluted EPS": "0.75", "Basic Average Shares": "5,941", "Diluted Average Shares": "6,104", "Total Expenses": "1,896,287", "Net Income from Continuing & Discontinued Operation": "4,520", "Normalized Income": "10,021", "Interest Expense": "103,297", "Net Interest Income": "-103,297", "EBIT": "111,443", "EBITDA": "-", "Reconciled Cost of Revenue": "1,665,869", "Reconciled Depreciation": "3,156", "Net Income from Continuing Operation Net Minority Interest": "4,520", "Total Unusual Items Excluding Goodwill": "-7,536", "Total Unusual Items": "-7,536", "Normalized EBITDA": "122,135", "Tax Rate for Calcs": "0", "Tax Effect of Unusual Items": "-2,035"}}, "bs": {"10/31/2020": {"Duration": "10/31/2020", "Total Assets": "1,827,342", "Total Liabilities Net Minority Interest": "2,263,436", "Total Equity Gross Minority Interest": "-436,094", "Total Capitalization": "1,129,303", "Preferred Stock Equity": "135,299", "Common Stock Equity": "-572,228", "Capital Lease Obligations": "21,049", "Net Tangible Assets": "-436,929", "Working Capital": "1,298,037", "Invested Capital": "994,004", "Tangible Book Value": "-572,228", "Total Debt": "1,587,281", "Net Debt": "1,303,743", "Share Issued": "6,640", "Ordinary Shares Number": "6,142", "Preferred Shares Number": "5,600", "Treasury Shares Number": "498.099"}, "10/31/2019": {"Duration": "10/31/2019", "Total Assets": "1,881,424", "Total Liabilities Net Minority Interest": "2,371,200", "Total Equity Gross Minority Interest": "-489,776", "Total Capitalization": "1,212,193", "Preferred Stock Equity": "135,299", "Common Stock Equity": "-625,762", "Capital Lease Obligations": "-", "Net Tangible Assets": "-490,463", "Working Capital": "1,335,116", "Invested Capital": "1,076,894", "Tangible Book Value": "-625,762", "Total Debt": "1,702,656", "Net Debt": "1,571,680", "Share Issued": "6,624", "Ordinary Shares Number": "6,154", "Preferred Shares Number": "5,600", "Treasury Shares Number": "470.43"}, "10/31/2018": {"Duration": "10/31/2018", "Total Assets": "1,662,042", "Total Liabilities Net Minority Interest": "2,115,546", "Total Equity Gross Minority Interest": "-453,504", "Total Capitalization": "1,116,888", "Preferred Stock Equity": "135,299", "Common Stock Equity": "-588,803", "Capital Lease Obligations": "-", "Net Tangible Assets": "-453,504", "Working Capital": "1,176,620", "Invested Capital": "981,589", "Tangible Book Value": "-588,803", "Total Debt": "1,570,392", "Net Debt": "1,382,521", "Share Issued": "6,434", "Ordinary Shares Number": "5,935", "Preferred Shares Number": "5,600", "Treasury Shares Number": "498.1"}}, "cf": {"TTM": {"Duration": "TTM", "Operating Cash Flow": "171,125", "Investing Cash Flow": "26,816", "Financing Cash Flow": "-99,182", "End Cash Position": "226,707", "Income Tax Paid Supplemental Data": "3,013", "Interest Paid Supplemental Data": "85,451", "Capital Expenditure": "-3,535", "Issuance of Debt": "492,979", "Repayment of Debt": "-588,930", "Free Cash Flow": "167,590"}, "10/31/2020": {"Duration": "10/31/2020", "Operating Cash Flow": "292,828", "Investing Cash Flow": "2,140", "Financing Cash Flow": "-167,774", "End Cash Position": "309,460", "Income Tax Paid Supplemental Data": "3,013", "Interest Paid Supplemental Data": "89,484", "Capital Expenditure": "-3,380", "Issuance of Debt": "490,837", "Repayment of Debt": "-645,333", "Free Cash Flow": "289,448"}, "10/31/2019": {"Duration": "10/31/2019", "Operating Cash Flow": "-249,127", "Investing Cash Flow": "-8,307", "Financing Cash Flow": "206,708", "End Cash Position": "182,266", "Income Tax Paid Supplemental Data": "3,483", "Interest Paid Supplemental Data": "109,107", "Capital Expenditure": "-4,005", "Issuance of Debt": "1,034,842", "Repayment of Debt": "-812,069", "Free Cash Flow": "-253,132"}, "10/31/2018": {"Duration": "10/31/2018", "Operating Cash Flow": "-66,822", "Investing Cash Flow": "35,501", "Financing Cash Flow": "-229,429", "End Cash Position": "232,992", "Income Tax Paid Supplemental Data": "2,520", "Interest Paid Supplemental Data": "112,016", "Capital Expenditure": "-5,193", "Issuance of Debt": "425,224", "Repayment of Debt": "-646,618", "Free Cash Flow": "-72,015"}}}}, {"TPH": {"quote": {"05/12/2021": {"value": "23.11", "Market Cap": "2.737B", "Beta (5Y Monthly)": "1.50", "PE Ratio (TTM)": "9.10", "EPS (TTM)": "2.54", "Earnings Date": "Jul 22, 2021 - Jul 26, 2021", "Forward Dividend & Yield": "N/A (N/A)", "Ex-Dividend Date": "N/A", "1y Target Est": "27.57"}}, "fin": {"TTM": {"Duration": "TTM", "Total Revenue": "3,384,363", "Cost of Revenue": "2,605,101", "Gross Profit": "779,262", "Operating Expense": "351,245", "Operating Income": "428,017", "Other Income Expense": "-1,941", "Pretax Income": "426,076", "Tax Provision": "104,950", "Net Income Common Stockholders": "321,126", "Diluted NI Available to Com Stockholders": "321,126", "Basic EPS": "-", "Diluted EPS": "-", "Basic Average Shares": "-", "Diluted Average Shares": "-", "Total Operating Income as Reported": "418,151", "Total Expenses": "2,956,346", "Net Income from Continuing & Discontinued Operation": "321,126", "Normalized Income": "325,393", "EBIT": "428,017", "EBITDA": "459,188", "Reconciled Cost of Revenue": "2,605,101", "Reconciled Depreciation": "31,171", "Net Income from Continuing Operation Net Minority Interest": "321,126", "Total Unusual Items Excluding Goodwill": "-5,661", "Total Unusual Items": "-5,661", "Normalized EBITDA": "464,849", "Tax Rate for Calcs": "0", "Tax Effect of Unusual Items": "-1,394"}, "12/31/2020": {"Duration": "12/31/2020", "Total Revenue": "3,260,447", "Cost of Revenue": "2,532,348", "Gross Profit": "728,099", "Operating Expense": "351,910", "Operating Income": "376,189", "Other Income Expense": "-2,812", "Pretax Income": "373,377", "Tax Provision": "91,170", "Net Income Common Stockholders": "282,207", "Diluted NI Available to Com Stockholders": "282,207", "Basic EPS": "2.18", "Diluted EPS": "2.17", "Basic Average Shares": "129,369", "Diluted Average Shares": "129,951", "Total Operating Income as Reported": "366,506", "Total Expenses": "2,884,258", "Net Income from Continuing & Discontinued Operation": "282,207", "Normalized Income": "286,487", "EBIT": "376,189", "EBITDA": "-", "Reconciled Cost of Revenue": "2,532,348", "Reconciled Depreciation": "29,497", "Net Income from Continuing Operation Net Minority Interest": "282,207", "Total Unusual Items Excluding Goodwill": "-5,661", "Total Unusual Items": "-5,661", "Normalized EBITDA": "411,347", "Tax Rate for Calcs": "0", "Tax Effect of Unusual Items": "-1,381"}, "12/31/2019": {"Duration": "12/31/2019", "Total Revenue": "3,083,015", "Cost of Revenue": "2,473,306", "Gross Profit": "609,709", "Operating Expense": "354,743", "Operating Income": "254,966", "Other Income Expense": "16,121", "Pretax Income": "271,087", "Tax Provision": "63,900", "Net Income Common Stockholders": "207,187", "Diluted NI Available to Com Stockholders": "207,187", "Basic EPS": "1.47", "Diluted EPS": "1.47", "Basic Average Shares": "140,851", "Diluted Average Shares": "141,394", "Total Operating Income as Reported": "253,859", "Total Expenses": "2,828,049", "Net Income from Continuing & Discontinued Operation": "207,187", "Normalized Income": "207,187", "EBIT": "254,966", "EBITDA": "-", "Reconciled Cost of Revenue": "2,473,306", "Reconciled Depreciation": "28,396", "Net Income from Continuing Operation Net Minority Interest": "207,187", "Total Unusual Items Excluding Goodwill": "-", "Total Unusual Items": "-", "Normalized EBITDA": "283,362", "Tax Rate for Calcs": "0", "Tax Effect of Unusual Items": "0"}, "12/31/2018": {"Duration": "12/31/2018", "Total Revenue": "3,262,747", "Cost of Revenue": "2,562,916", "Gross Profit": "699,831", "Operating Expense": "345,471", "Operating Income": "354,360", "Other Income Expense": "7,705", "Pretax Income": "362,065", "Tax Provision": "90,552", "Net Income Common Stockholders": "269,911", "Diluted NI Available to Com Stockholders": "269,911", "Basic EPS": "1.82", "Diluted EPS": "1.81", "Basic Average Shares": "148,183", "Diluted Average Shares": "149,005", "Total Operating Income as Reported": "353,204", "Total Expenses": "2,908,387", "Net Income from Continuing & Discontinued Operation": "269,911", "Normalized Income": "269,911", "EBIT": "354,360", "EBITDA": "-", "Reconciled Cost of Revenue": "2,562,916", "Reconciled Depreciation": "29,097", "Net Income from Continuing Operation Net Minority Interest": "269,911", "Total Unusual Items Excluding Goodwill": "-", "Total Unusual Items": "-", "Normalized EBITDA": "383,457", "Tax Rate for Calcs": "0", "Tax Effect of Unusual Items": "0"}}, "bs": {"12/31/2020": {"Duration": "12/31/2020", "Total Assets": "4,021,980", "Total Liabilities Net Minority Interest": "1,789,431", "Total Equity Gross Minority Interest": "2,232,549", "Total Capitalization": "3,325,538", "Common Stock Equity": "2,232,537", "Capital Lease Obligations": "53,239", "Net Tangible Assets": "2,072,480", "Working Capital": "3,167,383", "Invested Capital": "3,575,538", "Tangible Book Value": "2,072,480", "Total Debt": "1,396,240", "Net Debt": "721,706", "Share Issued": "121,883", "Ordinary Shares Number": "121,883"}, "12/31/2019": {"Duration": "12/31/2019", "Total Assets": "3,858,690", "Total Liabilities Net Minority Interest": "1,672,148", "Total Equity Gross Minority Interest": "2,186,542", "Total Capitalization": "3,220,515", "Common Stock Equity": "2,186,530", "Capital Lease Obligations": "56,125", "Net Tangible Assets": "2,024,424", "Working Capital": "3,085,723", "Invested Capital": "3,470,515", "Tangible Book Value": "2,024,424", "Total Debt": "1,340,110", "Net Debt": "954,974", "Share Issued": "136,150", "Ordinary Shares Number": "136,150"}, "12/31/2018": {"Duration": "12/31/2018", "Total Assets": "3,884,203", "Total Liabilities Net Minority Interest": "1,827,266", "Total Equity Gross Minority Interest": "2,056,937", "Total Capitalization": "3,467,728", "Common Stock Equity": "2,056,924", "Capital Lease Obligations": "-", "Net Tangible Assets": "1,895,652", "Working Capital": "3,384,195", "Invested Capital": "3,467,728", "Tangible Book Value": "1,895,652", "Total Debt": "1,410,804", "Net Debt": "1,133,108", "Share Issued": "141,662", "Ordinary Shares Number": "141,662"}}, "cf": {"TTM": {"Duration": "TTM", "Operating Cash Flow": "707,167", "Investing Cash Flow": "-78,490", "Financing Cash Flow": "-668,141", "End Cash Position": "584,665", "Capital Expenditure": "-20,242", "Issuance of Debt": "358,979", "Repayment of Debt": "-", "Repurchase of Capital Stock": "-214,149", "Free Cash Flow": "686,925"}, "12/31/2020": {"Duration": "12/31/2020", "Operating Cash Flow": "587,989", "Investing Cash Flow": "-88,040", "Financing Cash Flow": "-207,665", "End Cash Position": "621,295", "Capital Expenditure": "-22,797", "Issuance of Debt": "858,979", "Repayment of Debt": "-808,791", "Repurchase of Capital Stock": "-250,722", "Free Cash Flow": "565,192"}, "12/31/2019": {"Duration": "12/31/2019", "Operating Cash Flow": "315,980", "Investing Cash Flow": "-37,258", "Financing Cash Flow": "-227,407", "End Cash Position": "329,011", "Capital Expenditure": "-30,282", "Issuance of Debt": "400,000", "Repayment of Debt": "-531,895", "Repurchase of Capital Stock": "-89,224", "Free Cash Flow": "285,698"}, "12/31/2018": {"Duration": "12/31/2018", "Operating Cash Flow": "310,662", "Investing Cash Flow": "-95,412", "Financing Cash Flow": "-220,468", "End Cash Position": "277,696", "Capital Expenditure": "-31,651", "Issuance of Debt": "125,000", "Repayment of Debt": "-193,105", "Repurchase of Capital Stock": "-146,063", "Free Cash Flow": "279,011"}}}}, {"GFA": {"quote": {"05/12/2021": {"value": "", "Net Assets": "N/A", "Beta (5Y Monthly)": "N/A", "Yield": "N/A", "5y Average Return": "N/A", "Holdings Turnover": "N/A", "Last Dividend": "N/A", "Average for Category": "N/A", "Inception Date": "N/A"}}, "fin": {}, "bs": {}, "cf": {}}}, {"KBH": {"quote": {"05/12/2021": {"value": "44.19", "Market Cap": "4.586B", "Beta (5Y Monthly)": "1.80", "PE Ratio (TTM)": "12.55", "EPS (TTM)": "3.52", "Earnings Date": "Jun 22, 2021 - Jun 28, 2021", "Forward Dividend & Yield": "0.60 (1.24%)", "Ex-Dividend Date": "May 05, 2021", "1y Target Est": "53.09"}}, "fin": {"TTM": {"Duration": "TTM", "Total Revenue": "4,248,977", "Cost of Revenue": "3,396,307", "Gross Profit": "852,670", "Operating Expense": "470,971", "Operating Income": "381,699", "Net Non Operating Interest Income Expense": "2,272", "Other Income Expense": "34,775", "Pretax Income": "418,746", "Tax Provision": "85,200", "Net Income Common Stockholders": "331,901", "Average Dilution Earnings": "51", "Diluted NI Available to Com Stockholders": "331,952", "Basic EPS": "-", "Diluted EPS": "-", "Basic Average Shares": "-", "Diluted Average Shares": "-", "Total Operating Income as Reported": "370,371", "Total Expenses": "3,867,278", "Net Income from Continuing & Discontinued Operation": "333,546", "Normalized Income": "333,546", "Interest Income": "2,272", "Interest Expense": "-", "Net Interest Income": "2,272", "EBIT": "381,699", "EBITDA": "409,859", "Reconciled Cost of Revenue": "3,396,307", "Reconciled Depreciation": "28,160", "Net Income from Continuing Operation Net Minority Interest": "333,546", "Total Unusual Items Excluding Goodwill": "0", "Total Unusual Items": "0", "Normalized EBITDA": "409,859", "Tax Rate for Calcs": "0", "Tax Effect of Unusual Items": "0"}, "11/30/2020": {"Duration": "11/30/2020", "Total Revenue": "4,183,174", "Cost of Revenue": "3,380,451", "Gross Profit": "802,723", "Operating Expense": "474,862", "Operating Income": "327,861", "Net Non Operating Interest Income Expense": "2,554", "Other Income Expense": "33,628", "Pretax Income": "364,043", "Tax Provision": "67,800", "Net Income Common Stockholders": "294,717", "Average Dilution Earnings": "51", "Diluted NI Available to Com Stockholders": "294,768", "Basic EPS": "3.26", "Diluted EPS": "3.13", "Basic Average Shares": "90,464", "Diluted Average Shares": "94,086", "Total Operating Income as Reported": "316,472", "Total Expenses": "3,855,313", "Net Income from Continuing & Discontinued Operation": "296,243", "Normalized Income": "296,243", "Interest Income": "2,554", "Interest Expense": "0", "Net Interest Income": "2,554", "EBIT": "327,861", "EBITDA": "-", "Reconciled Cost of Revenue": "3,380,451", "Reconciled Depreciation": "28,396", "Net Income from Continuing Operation Net Minority Interest": "296,243", "Total Unusual Items Excluding Goodwill": "0", "Total Unusual Items": "0", "Normalized EBITDA": "356,257", "Tax Rate for Calcs": "0", "Tax Effect of Unusual Items": "0"}, "11/30/2019": {"Duration": "11/30/2019", "Total Revenue": "4,552,747", "Cost of Revenue": "3,708,928", "Gross Profit": "843,819", "Operating Expense": "501,683", "Operating Income": "342,136", "Net Non Operating Interest Income Expense": "2,158", "Other Income Expense": "3,881", "Pretax Income": "348,175", "Tax Provision": "79,400", "Net Income Common Stockholders": "267,147", "Average Dilution Earnings": "634", "Diluted NI Available to Com Stockholders": "267,781", "Basic EPS": "3.04", "Diluted EPS": "2.85", "Basic Average Shares": "87,996", "Diluted Average Shares": "93,838", "Total Operating Income as Reported": "331,380", "Total Expenses": "4,210,611", "Net Income from Continuing & Discontinued Operation": "268,775", "Normalized Income": "274,025", "Interest Income": "2,158", "Interest Expense": "0", "Net Interest Income": "2,158", "EBIT": "348,175", "EBITDA": "-", "Reconciled Cost of Revenue": "3,708,928", "Reconciled Depreciation": "27,158", "Net Income from Continuing Operation Net Minority Interest": "268,775", "Total Unusual Items Excluding Goodwill": "-6,800", "Total Unusual Items": "-6,800", "Normalized EBITDA": "382,133", "Tax Rate for Calcs": "0", "Tax Effect of Unusual Items": "-1,550"}, "11/30/2018": {"Duration": "11/30/2018", "Total Revenue": "4,547,002", "Cost of Revenue": "3,743,920", "Gross Profit": "803,082", "Operating Expense": "447,998", "Operating Income": "355,084", "Net Non Operating Interest Income Expense": "3,514", "Other Income Expense": "9,367", "Pretax Income": "367,965", "Tax Provision": "197,600", "Net Income Common Stockholders": "169,387", "Average Dilution Earnings": "3,312", "Diluted NI Available to Com Stockholders": "172,699", "Basic EPS": "1.93", "Diluted EPS": "1.71", "Basic Average Shares": "87,773", "Diluted Average Shares": "101,059", "Total Operating Income as Reported": "345,721", "Total Expenses": "4,191,918", "Net Income from Continuing & Discontinued Operation": "170,365", "Normalized Income": "170,365", "Interest Income": "3,514", "Interest Expense": "0", "Net Interest Income": "3,514", "EBIT": "367,965", "EBITDA": "-", "Reconciled Cost of Revenue": "3,743,920", "Reconciled Depreciation": "2,530", "Net Income from Continuing Operation Net Minority Interest": "170,365", "Total Unusual Items Excluding Goodwill": "-", "Total Unusual Items": "-", "Normalized EBITDA": "370,495", "Tax Rate for Calcs": "0", "Tax Effect of Unusual Items": "0"}}, "bs": {"11/30/2020": {"Duration": "11/30/2020", "Total Assets": "5,356,442", "Total Liabilities Net Minority Interest": "2,690,673", "Total Equity Gross Minority Interest": "2,665,769", "Total Capitalization": "4,412,944", "Common Stock Equity": "2,665,769", "Capital Lease Obligations": "37,668", "Net Tangible Assets": "2,665,769", "Working Capital": "4,546,687", "Invested Capital": "4,412,944", "Tangible Book Value": "2,665,769", "Total Debt": "1,784,843", "Net Debt": "1,064,646", "Share Issued": "99,869", "Ordinary Shares Number": "98,762", "Treasury Shares Number": "1,107"}, "11/30/2019": {"Duration": "11/30/2019", "Total Assets": "5,015,482", "Total Liabilities Net Minority Interest": "2,632,360", "Total Equity Gross Minority Interest": "2,383,122", "Total Capitalization": "4,131,869", "Common Stock Equity": "2,383,122", "Capital Lease Obligations": "-", "Net Tangible Assets": "2,383,122", "Working Capital": "4,104,482", "Invested Capital": "4,131,869", "Tangible Book Value": "2,383,122", "Total Debt": "1,748,747", "Net Debt": "1,293,889", "Share Issued": "121,593", "Ordinary Shares Number": "97,237", "Treasury Shares Number": "24,356"}, "11/30/2018": {"Duration": "11/30/2018", "Total Assets": "5,073,571", "Total Liabilities Net Minority Interest": "2,986,071", "Total Equity Gross Minority Interest": "2,087,500", "Total Capitalization": "4,147,763", "Common Stock Equity": "2,087,500", "Capital Lease Obligations": "-", "Net Tangible Assets": "2,087,500", "Working Capital": "4,153,961", "Invested Capital": "4,147,763", "Tangible Book Value": "2,087,500", "Total Debt": "2,060,263", "Net Debt": "1,485,144", "Share Issued": "119,196", "Ordinary Shares Number": "86,925", "Treasury Shares Number": "32,271"}}, "cf": {"TTM": {"Duration": "TTM", "Operating Cash Flow": "241,279", "Investing Cash Flow": "-30,447", "Financing Cash Flow": "-70,800", "End Cash Position": "570,959", "Capital Expenditure": "-31,268", "Issuance of Capital Stock": "-", "Issuance of Debt": "-", "Repayment of Debt": "-25,534", "Repurchase of Capital Stock": "-", "Free Cash Flow": "210,011"}, "11/30/2020": {"Duration": "11/30/2020", "Operating Cash Flow": "310,678", "Investing Cash Flow": "-26,563", "Financing Cash Flow": "-56,444", "End Cash Position": "682,529", "Capital Expenditure": "-28,841", "Issuance of Capital Stock": "-", "Issuance of Debt": "0", "Repayment of Debt": "-24,934", "Repurchase of Capital Stock": "0", "Free Cash Flow": "281,837"}, "11/30/2019": {"Duration": "11/30/2019", "Operating Cash Flow": "251,042", "Investing Cash Flow": "-40,944", "Financing Cash Flow": "-330,359", "End Cash Position": "454,858", "Capital Expenditure": "-40,459", "Issuance of Capital Stock": "30,524", "Issuance of Debt": "1,315,250", "Repayment of Debt": "-1,637,347", "Repurchase of Capital Stock": "0", "Free Cash Flow": "210,583"}, "11/30/2018": {"Duration": "11/30/2018", "Operating Cash Flow": "221,512", "Investing Cash Flow": "-20,107", "Financing Cash Flow": "-347,147", "End Cash Position": "575,119", "Capital Expenditure": "-7,370", "Issuance of Capital Stock": "20,011", "Issuance of Debt": "70,000", "Repayment of Debt": "-384,751", "Repurchase of Capital Stock": "-35,039", "Free Cash Flow": "214,142"}}}}, {"MHO": {"quote": {"05/12/2021": {"value": "63.72", "Market Cap": "1.86B", "Beta (5Y Monthly)": "2.13", "PE Ratio (TTM)": "6.38", "EPS (TTM)": "9.99", "Earnings Date": "Jul 27, 2021 - Aug 02, 2021", "Forward Dividend & Yield": "N/A (N/A)", "Ex-Dividend Date": "Jun 27, 2008", "1y Target Est": "80.00"}}, "fin": {"TTM": {"Duration": "TTM", "Total Revenue": "3,297,318", "Cost of Revenue": "2,527,028", "Gross Profit": "770,290", "Operating Expense": "377,301", "Operating Income": "392,989", "Net Non Operating Interest Income Expense": "-6,160", "Other Income Expense": "-7,861", "Pretax Income": "378,968", "Tax Provision": "85,974", "Net Income Common Stockholders": "292,994", "Average Dilution Earnings": "-", "Diluted NI Available to Com Stockholders": "292,994", "Basic EPS": "-", "Diluted EPS": "-", "Basic Average Shares": "-", "Diluted Average Shares": "-", "Total Operating Income as Reported": "-", "Total Expenses": "2,904,329", "Net Income from Continuing & Discontinued Operation": "292,994", "Normalized Income": "299,515", "Interest Expense": "6,160", "Net Interest Income": "-6,160", "EBIT": "385,128", "EBITDA": "400,056", "Reconciled Cost of Revenue": "2,527,028", "Reconciled Depreciation": "14,928", "Net Income from Continuing Operation Net Minority Interest": "292,994", "Total Unusual Items Excluding Goodwill": "-8,435", "Total Unusual Items": "-8,435", "Normalized EBITDA": "408,491", "Tax Rate for Calcs": "0", "Tax Effect of Unusual Items": "-1,914"}, "12/31/2020": {"Duration": "12/31/2020", "Total Revenue": "3,046,145", "Cost of Revenue": "2,361,367", "Gross Profit": "684,778", "Operating Expense": "357,082", "Operating Income": "327,696", "Net Non Operating Interest Income Expense": "-9,684", "Other Income Expense": "-7,969", "Pretax Income": "310,043", "Tax Provision": "70,169", "Net Income Common Stockholders": "239,874", "Average Dilution Earnings": "-", "Diluted NI Available to Com Stockholders": "239,874", "Basic EPS": "8.38", "Diluted EPS": "8.23", "Basic Average Shares": "28,610", "Diluted Average Shares": "29,152", "Total Operating Income as Reported": "319,261", "Total Expenses": "2,718,449", "Net Income from Continuing & Discontinued Operation": "239,874", "Normalized Income": "246,400", "Interest Expense": "9,684", "Net Interest Income": "-9,684", "EBIT": "319,727", "EBITDA": "-", "Reconciled Cost of Revenue": "2,361,367", "Reconciled Depreciation": "15,063", "Net Income from Continuing Operation Net Minority Interest": "239,874", "Total Unusual Items Excluding Goodwill": "-8,435", "Total Unusual Items": "-8,435", "Normalized EBITDA": "343,225", "Tax Rate for Calcs": "0", "Tax Effect of Unusual Items": "-1,909"}, "12/31/2019": {"Duration": "12/31/2019", "Total Revenue": "2,500,290", "Cost of Revenue": "2,005,861", "Gross Profit": "494,429", "Operating Expense": "302,338", "Operating Income": "192,091", "Net Non Operating Interest Income Expense": "-21,375", "Other Income Expense": "-4,691", "Pretax Income": "166,025", "Tax Provision": "38,438", "Net Income Common Stockholders": "127,587", "Average Dilution Earnings": "-", "Diluted NI Available to Com Stockholders": "127,587", "Basic EPS": "4.58", "Diluted EPS": "4.48", "Basic Average Shares": "27,846", "Diluted Average Shares": "28,475", "Total Operating Income as Reported": "187,089", "Total Expenses": "2,308,199", "Net Income from Continuing & Discontinued Operation": "127,587", "Normalized Income": "131,431", "Interest Expense": "21,375", "Net Interest Income": "-21,375", "EBIT": "187,400", "EBITDA": "-", "Reconciled Cost of Revenue": "2,005,861", "Reconciled Depreciation": "13,238", "Net Income from Continuing Operation Net Minority Interest": "127,587", "Total Unusual Items Excluding Goodwill": "-5,002", "Total Unusual Items": "-5,002", "Normalized EBITDA": "205,640", "Tax Rate for Calcs": "0", "Tax Effect of Unusual Items": "-1,158"}, "12/31/2018": {"Duration": "12/31/2018", "Total Revenue": "2,286,282", "Cost of Revenue": "1,836,704", "Gross Profit": "449,578", "Operating Expense": "280,608", "Operating Income": "168,970", "Net Non Operating Interest Income Expense": "-20,484", "Other Income Expense": "-7,197", "Pretax Income": "141,289", "Tax Provision": "33,626", "Net Income Common Stockholders": "107,663", "Average Dilution Earnings": "-", "Diluted NI Available to Com Stockholders": "107,663", "Basic EPS": "3.81", "Diluted EPS": "3.70", "Basic Average Shares": "28,224", "Diluted Average Shares": "29,178", "Total Operating Income as Reported": "163,161", "Total Expenses": "2,117,312", "Net Income from Continuing & Discontinued Operation": "107,663", "Normalized Income": "113,385", "Interest Expense": "20,484", "Net Interest Income": "-20,484", "EBIT": "161,773", "EBITDA": "-", "Reconciled Cost of Revenue": "1,836,704", "Reconciled Depreciation": "11,740", "Net Income from Continuing Operation Net Minority Interest": "107,663", "Total Unusual Items Excluding Goodwill": "-7,509", "Total Unusual Items": "-7,509", "Normalized EBITDA": "181,022", "Tax Rate for Calcs": "0", "Tax Effect of Unusual Items": "-1,787"}}, "bs": {"12/31/2020": {"Duration": "12/31/2020", "Total Assets": "2,643,045", "Total Liabilities Net Minority Interest": "1,384,347", "Total Equity Gross Minority Interest": "1,258,698", "Total Capitalization": "2,130,574", "Common Stock Equity": "1,258,698", "Capital Lease Obligations": "52,474", "Net Tangible Assets": "1,233,061", "Working Capital": "2,226,042", "Invested Capital": "2,130,574", "Tangible Book Value": "1,233,061", "Total Debt": "924,350", "Net Debt": "611,066", "Share Issued": "30,137", "Ordinary Shares Number": "28,814", "Treasury Shares Number": "1,323"}, "12/31/2019": {"Duration": "12/31/2019", "Total Assets": "2,105,594", "Total Liabilities Net Minority Interest": "1,102,117", "Total Equity Gross Minority Interest": "1,003,477", "Total Capitalization": "1,758,289", "Common Stock Equity": "1,003,477", "Capital Lease Obligations": "18,415", "Net Tangible Assets": "977,463", "Working Capital": "1,805,808", "Invested Capital": "1,758,289", "Tangible Book Value": "977,463", "Total Debt": "773,227", "Net Debt": "748,729", "Share Issued": "30,137", "Ordinary Shares Number": "28,386", "Treasury Shares Number": "1,751"}, "12/31/2018": {"Duration": "12/31/2018", "Total Assets": "2,021,581", "Total Liabilities Net Minority Interest": "1,166,278", "Total Equity Gross Minority Interest": "855,303", "Total Capitalization": "1,676,264", "Common Stock Equity": "855,303", "Capital Lease Obligations": "-", "Net Tangible Assets": "832,426", "Working Capital": "1,734,129", "Invested Capital": "1,676,264", "Tangible Book Value": "832,426", "Total Debt": "820,961", "Net Debt": "799,432", "Share Issued": "30,137", "Ordinary Shares Number": "27,516", "Treasury Shares Number": "2,621"}}, "cf": {"TTM": {"Duration": "TTM", "Operating Cash Flow": "267,729", "Investing Cash Flow": "-26,701", "Financing Cash Flow": "30,688", "End Cash Position": "292,900", "Income Tax Paid Supplemental Data": "64,227", "Interest Paid Supplemental Data": "4,420", "Capital Expenditure": "-11,384", "Issuance of Debt": "191,361", "Repayment of Debt": "-172,114", "Repurchase of Capital Stock": "0", "Free Cash Flow": "256,345"}, "12/31/2020": {"Duration": "12/31/2020", "Operating Cash Flow": "168,334", "Investing Cash Flow": "-33,870", "Financing Cash Flow": "120,263", "End Cash Position": "260,810", "Income Tax Paid Supplemental Data": "63,666", "Interest Paid Supplemental Data": "7,811", "Capital Expenditure": "-11,677", "Issuance of Debt": "795,530", "Repayment of Debt": "-674,556", "Repurchase of Capital Stock": "-1,912", "Free Cash Flow": "156,657"}, "12/31/2019": {"Duration": "12/31/2019", "Operating Cash Flow": "65,631", "Investing Cash Flow": "-27,594", "Financing Cash Flow": "-53,483", "End Cash Position": "6,083", "Income Tax Paid Supplemental Data": "36,993", "Interest Paid Supplemental Data": "18,962", "Capital Expenditure": "-4,526", "Issuance of Debt": "680,236", "Repayment of Debt": "-748,010", "Repurchase of Capital Stock": "-5,150", "Free Cash Flow": "61,105"}, "12/31/2018": {"Duration": "12/31/2018", "Operating Cash Flow": "-2,592", "Investing Cash Flow": "-133,957", "Financing Cash Flow": "6,375", "End Cash Position": "21,529", "Income Tax Paid Supplemental Data": "25,279", "Interest Paid Supplemental Data": "17,793", "Capital Expenditure": "-8,141", "Issuance of Debt": "585,632", "Repayment of Debt": "-553,838", "Repurchase of Capital Stock": "-25,709", "Free Cash Flow": "-10,733"}}}}, {"MDC": {"quote": {"05/12/2021": {"value": "55.54", "Market Cap": "3.903B", "Beta (5Y Monthly)": "1.45", "PE Ratio (TTM)": "9.03", "EPS (TTM)": "6.15", "Earnings Date": "Jul 26, 2021 - Jul 30, 2021", "Forward Dividend & Yield": "1.60 (2.69%)", "Ex-Dividend Date": "May 11, 2021", "1y Target Est": "69.80"}}, "fin": {"TTM": {"Duration": "TTM", "Total Revenue": "4,269,121", "Cost of Revenue": "3,294,550", "Gross Profit": "974,571", "Operating Expense": "428,890", "Operating Income": "545,681", "Net Non Operating Interest Income Expense": "5,367", "Other Income Expense": "2,214", "Pretax Income": "553,262", "Tax Provision": "111,750", "Net Income Common Stockholders": "438,791", "Average Dilution Earnings": "57", "Diluted NI Available to Com Stockholders": "438,848", "Basic EPS": "-", "Diluted EPS": "-", "Basic Average Shares": "-", "Diluted Average Shares": "-", "Total Expenses": "3,723,440", "Net Income from Continuing & Discontinued Operation": "441,512", "Normalized Income": "447,856", "Interest Income": "5,367", "Interest Expense": "-", "Net Interest Income": "5,367", "EBIT": "558,610", "EBITDA": "587,627", "Reconciled Cost of Revenue": "3,294,550", "Reconciled Depreciation": "29,017", "Net Income from Continuing Operation Net Minority Interest": "441,512", "Total Unusual Items Excluding Goodwill": "-7,950", "Total Unusual Items": "-7,950", "Normalized EBITDA": "595,577", "Tax Rate for Calcs": "0", "Tax Effect of Unusual Items": "-1,606"}, "12/31/2020": {"Duration": "12/31/2020", "Total Revenue": "3,901,211", "Cost of Revenue": "3,035,133", "Gross Profit": "866,078", "Operating Expense": "403,218", "Operating Income": "462,860", "Net Non Operating Interest Income Expense": "6,289", "Other Income Expense": "-11,637", "Pretax Income": "457,512", "Tax Provision": "89,930", "Net Income Common Stockholders": "365,251", "Average Dilution Earnings": "44", "Diluted NI Available to Com Stockholders": "365,295", "Basic EPS": "-", "Diluted EPS": "-", "Basic Average Shares": "-", "Diluted Average Shares": "-", "Total Expenses": "3,438,351", "Net Income from Continuing & Discontinued Operation": "367,582", "Normalized Income": "373,966", "Interest Income": "6,289", "Interest Expense": "0", "Net Interest Income": "6,289", "EBIT": "462,860", "EBITDA": "-", "Reconciled Cost of Revenue": "3,035,133", "Reconciled Depreciation": "27,166", "Net Income from Continuing Operation Net Minority Interest": "367,582", "Total Unusual Items Excluding Goodwill": "-7,950", "Total Unusual Items": "-7,950", "Normalized EBITDA": "497,976", "Tax Rate for Calcs": "0", "Tax Effect of Unusual Items": "-1,566"}, "12/31/2019": {"Duration": "12/31/2019", "Total Revenue": "3,293,253", "Cost of Revenue": "2,646,132", "Gross Profit": "647,121", "Operating Expense": "362,790", "Operating Income": "284,331", "Net Non Operating Interest Income Expense": "9,070", "Other Income Expense": "11,588", "Pretax Income": "304,989", "Tax Provision": "66,677", "Net Income Common Stockholders": "236,826", "Average Dilution Earnings": "28", "Diluted NI Available to Com Stockholders": "236,854", "Basic EPS": "3.56", "Diluted EPS": "3.44", "Basic Average Shares": "66,546", "Diluted Average Shares": "68,799", "Total Expenses": "3,008,922", "Net Income from Continuing & Discontinued Operation": "238,312", "Normalized Income": "238,312", "Interest Income": "9,070", "Interest Expense": "0", "Net Interest Income": "9,070", "EBIT": "304,989", "EBITDA": "-", "Reconciled Cost of Revenue": "2,646,132", "Reconciled Depreciation": "23,054", "Net Income from Continuing Operation Net Minority Interest": "238,312", "Total Unusual Items Excluding Goodwill": "-", "Total Unusual Items": "-", "Normalized EBITDA": "328,043", "Tax Rate for Calcs": "0", "Tax Effect of Unusual Items": "0"}, "12/31/2018": {"Duration": "12/31/2018", "Total Revenue": "3,065,216", "Cost of Revenue": "2,475,189", "Gross Profit": "590,027", "Operating Expense": "329,801", "Operating Income": "260,226", "Net Non Operating Interest Income Expense": "12,618", "Other Income Expense": "-8,990", "Pretax Income": "263,854", "Tax Provision": "53,074", "Net Income Common Stockholders": "209,521", "Average Dilution Earnings": "13", "Diluted NI Available to Com Stockholders": "209,534", "Basic EPS": "3.21", "Diluted EPS": "3.14", "Basic Average Shares": "65,417", "Diluted Average Shares": "66,777", "Total Expenses": "2,804,990", "Net Income from Continuing & Discontinued Operation": "210,780", "Normalized Income": "210,780", "Interest Income": "12,618", "Interest Expense": "0", "Net Interest Income": "12,618", "EBIT": "263,854", "EBITDA": "-", "Reconciled Cost of Revenue": "2,475,189", "Reconciled Depreciation": "21,326", "Net Income from Continuing Operation Net Minority Interest": "210,780", "Total Unusual Items Excluding Goodwill": "0", "Total Unusual Items": "0", "Normalized EBITDA": "285,180", "Tax Rate for Calcs": "0", "Tax Effect of Unusual Items": "0"}}, "bs": {"12/31/2020": {"Duration": "12/31/2020", "Total Assets": "3,864,920", "Total Liabilities Net Minority Interest": "1,745,008", "Total Equity Gross Minority Interest": "2,119,912", "Total Capitalization": "3,167,303", "Common Stock Equity": "2,119,912", "Capital Lease Obligations": "30,221", "Net Tangible Assets": "2,113,904", "Working Capital": "3,097,766", "Invested Capital": "3,369,693", "Tangible Book Value": "2,113,904", "Total Debt": "1,280,002", "Net Debt": "761,152", "Share Issued": "70,039", "Ordinary Shares Number": "70,039"}, "12/31/2019": {"Duration": "12/31/2019", "Total Assets": "3,338,356", "Total Liabilities Net Minority Interest": "1,555,871", "Total Equity Gross Minority Interest": "1,782,485", "Total Capitalization": "2,786,907", "Common Stock Equity": "1,782,485", "Capital Lease Obligations": "30,830", "Net Tangible Assets": "1,776,477", "Working Capital": "2,656,674", "Invested Capital": "2,936,523", "Tangible Book Value": "1,776,477", "Total Debt": "1,184,868", "Net Debt": "694,105", "Share Issued": "67,581", "Ordinary Shares Number": "67,581"}, "12/31/2018": {"Duration": "12/31/2018", "Total Assets": "3,001,077", "Total Liabilities Net Minority Interest": "1,425,077", "Total Equity Gross Minority Interest": "1,576,000", "Total Capitalization": "2,578,967", "Common Stock Equity": "1,576,000", "Capital Lease Obligations": "-", "Net Tangible Assets": "1,569,992", "Working Capital": "2,448,808", "Invested Capital": "2,695,782", "Tangible Book Value": "1,569,992", "Total Debt": "1,119,782", "Net Debt": "656,006", "Share Issued": "66,036", "Ordinary Shares Number": "66,036"}}, "cf": {"TTM": {"Duration": "TTM", "Operating Cash Flow": "-43,879", "Investing Cash Flow": "22,954", "Financing Cash Flow": "372,908", "End Cash Position": "776,608", "Capital Expenditure": "-26,014", "Issuance of Debt": "415,591", "Repayment of Debt": "35,872", "Free Cash Flow": "-69,893"}, "12/31/2020": {"Duration": "12/31/2020", "Operating Cash Flow": "-23,095", "Investing Cash Flow": "21,685", "Financing Cash Flow": "31,170", "End Cash Position": "503,972", "Capital Expenditure": "-26,777", "Issuance of Debt": "350,824", "Repayment of Debt": "-255,000", "Free Cash Flow": "-49,872"}, "12/31/2019": {"Duration": "12/31/2019", "Operating Cash Flow": "57,833", "Investing Cash Flow": "-28,785", "Financing Cash Flow": "-24,975", "End Cash Position": "474,212", "Capital Expenditure": "-24,714", "Issuance of Debt": "32,801", "Repayment of Debt": "-", "Free Cash Flow": "33,119"}, "12/31/2018": {"Duration": "12/31/2018", "Operating Cash Flow": "-7,906", "Investing Cash Flow": "20,214", "Financing Cash Flow": "-56,409", "End Cash Position": "470,139", "Capital Expenditure": "-27,166", "Issuance of Debt": "4,475", "Repayment of Debt": "-", "Free Cash Flow": "-35,072"}}}}, {"NWHM": {"quote": {"05/12/2021": {"value": "5.86", "Market Cap": "105.736M", "Beta (5Y Monthly)": "2.56", "PE Ratio (TTM)": "N/A", "EPS (TTM)": "-1.31", "Earnings Date": "Jul 28, 2021 - Aug 02, 2021", "Forward Dividend & Yield": "N/A (N/A)", "Ex-Dividend Date": "N/A", "1y Target Est": "N/A"}}, "fin": {"TTM": {"Duration": "TTM", "Total Revenue": "474,534", "Cost of Revenue": "428,445", "Gross Profit": "46,089", "Operating Expense": "58,912", "Operating Income": "-12,823", "Net Non Operating Interest Income Expense": "-3,291", "Other Income Expense": "-23,925", "Pretax Income": "-40,039", "Tax Provision": "-16,199", "Net Income Common Stockholders": "-23,790", "Diluted NI Available to Com Stockholders": "-23,790", "Basic EPS": "-", "Diluted EPS": "-", "Basic Average Shares": "-", "Diluted Average Shares": "-", "Total Expenses": "487,357", "Net Income from Continuing & Discontinued Operation": "-23,790", "Normalized Income": "-19,433", "Interest Expense": "3,291", "Net Interest Income": "-3,291", "EBIT": "-36,748", "EBITDA": "-30,616", "Reconciled Cost of Revenue": "428,445", "Reconciled Depreciation": "6,132", "Net Income from Continuing Operation Net Minority Interest": "-23,790", "Total Unusual Items Excluding Goodwill": "-7,261", "Total Unusual Items": "-7,261", "Normalized EBITDA": "-23,355", "Tax Rate for Calcs": "0", "Tax Effect of Unusual Items": "-2,904"}, "12/31/2020": {"Duration": "12/31/2020", "Total Revenue": "507,411", "Cost of Revenue": "465,766", "Gross Profit": "41,645", "Operating Expense": "57,476", "Operating Income": "-15,831", "Net Non Operating Interest Income Expense": "-3,655", "Other Income Expense": "-39,970", "Pretax Income": "-59,456", "Tax Provision": "-26,587", "Net Income Common Stockholders": "-32,819", "Diluted NI Available to Com Stockholders": "-32,819", "Basic EPS": "-", "Diluted EPS": "-", "Basic Average Shares": "-", "Diluted Average Shares": "-", "Total Expenses": "523,242", "Net Income from Continuing & Discontinued Operation": "-32,819", "Normalized Income": "-17,232", "Interest Expense": "3,655", "Net Interest Income": "-3,655", "EBIT": "-55,801", "EBITDA": "-", "Reconciled Cost of Revenue": "465,766", "Reconciled Depreciation": "6,721", "Net Income from Continuing Operation Net Minority Interest": "-32,819", "Total Unusual Items Excluding Goodwill": "-21,352", "Total Unusual Items": "-21,352", "Normalized EBITDA": "-27,728", "Tax Rate for Calcs": "0", "Tax Effect of Unusual Items": "-5,765"}, "12/31/2019": {"Duration": "12/31/2019", "Total Revenue": "669,349", "Cost of Revenue": "616,207", "Gross Profit": "53,142", "Operating Expense": "62,080", "Operating Income": "-8,938", "Net Non Operating Interest Income Expense": "-", "Other Income Expense": "-2,878", "Pretax Income": "-11,816", "Tax Provision": "-3,815", "Net Income Common Stockholders": "-8,037", "Diluted NI Available to Com Stockholders": "-8,037", "Basic EPS": "-0.40", "Diluted EPS": "-0.40", "Basic Average Shares": "20,063", "Diluted Average Shares": "20,063", "Total Expenses": "678,287", "Net Income from Continuing & Discontinued Operation": "-8,037", "Normalized Income": "-8,825", "Interest Expense": "-", "Net Interest Income": "-", "EBIT": "-8,938", "EBITDA": "-", "Reconciled Cost of Revenue": "616,207", "Reconciled Depreciation": "8,957", "Net Income from Continuing Operation Net Minority Interest": "-8,037", "Total Unusual Items Excluding Goodwill": "1,164", "Total Unusual Items": "1,164", "Normalized EBITDA": "-1,145", "Tax Rate for Calcs": "0", "Tax Effect of Unusual Items": "375.972"}, "12/31/2018": {"Duration": "12/31/2018", "Total Revenue": "667,566", "Cost of Revenue": "605,666", "Gross Profit": "61,900", "Operating Expense": "62,031", "Operating Income": "-131", "Net Non Operating Interest Income Expense": "-", "Other Income Expense": "-20,174", "Pretax Income": "-20,305", "Tax Provision": "-6,075", "Net Income Common Stockholders": "-14,216", "Diluted NI Available to Com Stockholders": "-14,216", "Basic EPS": "-0.69", "Diluted EPS": "-0.69", "Basic Average Shares": "20,704", "Diluted Average Shares": "20,704", "Total Expenses": "667,697", "Net Income from Continuing & Discontinued Operation": "-14,216", "Normalized Income": "-14,216", "Interest Expense": "-", "Net Interest Income": "-", "EBIT": "-131", "EBITDA": "-", "Reconciled Cost of Revenue": "605,666", "Reconciled Depreciation": "6,631", "Net Income from Continuing Operation Net Minority Interest": "-14,216", "Total Unusual Items Excluding Goodwill": "-", "Total Unusual Items": "-", "Normalized EBITDA": "6,500", "Tax Rate for Calcs": "0", "Tax Effect of Unusual Items": "0"}}, "bs": {"12/31/2020": {"Duration": "12/31/2020", "Total Assets": "495,699", "Total Liabilities Net Minority Interest": "298,257", "Total Equity Gross Minority Interest": "197,442", "Total Capitalization": "442,307", "Common Stock Equity": "197,442", "Capital Lease Obligations": "3,180", "Net Tangible Assets": "197,442", "Working Capital": "447,327", "Invested Capital": "442,307", "Tangible Book Value": "197,442", "Total Debt": "248,045", "Net Debt": "137,586", "Share Issued": "18,122", "Ordinary Shares Number": "18,122"}, "12/31/2019": {"Duration": "12/31/2019", "Total Assets": "603,189", "Total Liabilities Net Minority Interest": "370,430", "Total Equity Gross Minority Interest": "232,759", "Total Capitalization": "537,479", "Common Stock Equity": "232,647", "Capital Lease Obligations": "2,243", "Net Tangible Assets": "232,647", "Working Capital": "512,961", "Invested Capital": "537,479", "Tangible Book Value": "232,647", "Total Debt": "307,075", "Net Debt": "225,518", "Share Issued": "20,097", "Ordinary Shares Number": "20,097"}, "12/31/2018": {"Duration": "12/31/2018", "Total Assets": "696,097", "Total Liabilities Net Minority Interest": "456,067", "Total Equity Gross Minority Interest": "240,030", "Total Capitalization": "627,602", "Common Stock Equity": "239,954", "Capital Lease Obligations": "-", "Net Tangible Assets": "239,954", "Working Capital": "584,512", "Invested Capital": "627,602", "Tangible Book Value": "239,954", "Total Debt": "387,648", "Net Debt": "345,375", "Share Issued": "20,059", "Ordinary Shares Number": "20,059"}}, "cf": {"TTM": {"Duration": "TTM", "Operating Cash Flow": "78,287", "Investing Cash Flow": "4,911", "Financing Cash Flow": "-56,440", "End Cash Position": "115,045", "Income Tax Paid Supplemental Data": "-", "Interest Paid Supplemental Data": "-", "Capital Expenditure": "-209", "Issuance of Debt": "293,174", "Repayment of Debt": "-338,467", "Repurchase of Capital Stock": "-2,802", "Free Cash Flow": "78,078"}, "12/31/2020": {"Duration": "12/31/2020", "Operating Cash Flow": "93,082", "Investing Cash Flow": "8,971", "Financing Cash Flow": "-74,025", "End Cash Position": "107,459", "Income Tax Paid Supplemental Data": "-", "Interest Paid Supplemental Data": "-", "Capital Expenditure": "-291", "Issuance of Debt": "257,036", "Repayment of Debt": "-319,446", "Repurchase of Capital Stock": "-4,279", "Free Cash Flow": "92,791"}, "12/31/2019": {"Duration": "12/31/2019", "Operating Cash Flow": "121,258", "Investing Cash Flow": "266", "Financing Cash Flow": "-84,635", "End Cash Position": "79,431", "Income Tax Paid Supplemental Data": "-", "Interest Paid Supplemental Data": "-", "Capital Expenditure": "-41", "Issuance of Debt": "50,000", "Repayment of Debt": "-133,105", "Repurchase of Capital Stock": "-1,042", "Free Cash Flow": "121,217"}, "12/31/2018": {"Duration": "12/31/2018", "Operating Cash Flow": "-139,685", "Investing Cash Flow": "302", "Financing Cash Flow": "57,955", "End Cash Position": "42,542", "Income Tax Paid Supplemental Data": "-", "Interest Paid Supplemental Data": "-", "Capital Expenditure": "-246", "Issuance of Debt": "150,000", "Repayment of Debt": "-82,500", "Repurchase of Capital Stock": "-8,563", "Free Cash Flow": "-139,931"}}}}, {"PHM": {"quote": {"05/12/2021": {"value": "55.41", "Market Cap": "14.571B", "Beta (5Y Monthly)": "1.45", "PE Ratio (TTM)": "9.94", "EPS (TTM)": "5.57", "Earnings Date": "Jul 21, 2021 - Jul 26, 2021", "Forward Dividend & Yield": "0.56 (0.94%)", "Ex-Dividend Date": "Mar 11, 2021", "1y Target Est": "69.73"}}, "fin": {"TTM": {"Duration": "TTM", "Total Revenue": "11,470,893", "Cost of Revenue": "8,513,047", "Gross Profit": "2,957,846", "Operating Expense": "1,039,579", "Operating Income": "1,918,267", "Net Non Operating Interest Income Expense": "75", "Other Income Expense": "-59,365", "Pretax Income": "1,858,977", "Tax Provision": "351,742", "Net Income Common Stockholders": "1,494,139", "Average Dilution Earnings": "34", "Diluted NI Available to Com Stockholders": "1,494,173", "Basic EPS": "-", "Diluted EPS": "-", "Basic Average Shares": "-", "Diluted Average Shares": "-", "Total Expenses": "9,552,626", "Net Income from Continuing & Discontinued Operation": "1,507,235", "Normalized Income": "1,564,716", "Interest Income": "3,661", "Interest Expense": "3,586", "Net Interest Income": "75", "EBIT": "1,862,563", "EBITDA": "1,930,637", "Reconciled Cost of Revenue": "8,465,093", "Reconciled Depreciation": "68,074", "Net Income from Continuing Operation Net Minority Interest": "1,507,235", "Total Unusual Items Excluding Goodwill": "-70,895", "Total Unusual Items": "-70,895", "Normalized EBITDA": "2,001,532", "Tax Rate for Calcs": "0", "Tax Effect of Unusual Items": "-13,414"}, "12/31/2020": {"Duration": "12/31/2020", "Total Revenue": "11,036,082", "Cost of Revenue": "8,257,930", "Gross Profit": "2,778,152", "Operating Expense": "1,031,127", "Operating Income": "1,747,025", "Net Non Operating Interest Income Expense": "2,589", "Other Income Expense": "-20,920", "Pretax Income": "1,728,694", "Tax Provision": "321,855", "Net Income Common Stockholders": "1,394,385", "Average Dilution Earnings": "36", "Diluted NI Available to Com Stockholders": "1,394,421", "Basic EPS": "5.19", "Diluted EPS": "5.18", "Basic Average Shares": "268,553", "Diluted Average Shares": "269,414", "Total Expenses": "9,289,057", "Net Income from Continuing & Discontinued Operation": "1,406,839", "Normalized Income": "1,433,359", "Interest Income": "6,837", "Interest Expense": "4,248", "Net Interest Income": "2,589", "EBIT": "1,732,942", "EBITDA": "-", "Reconciled Cost of Revenue": "8,211,534", "Reconciled Depreciation": "66,081", "Net Income from Continuing Operation Net Minority Interest": "1,406,839", "Total Unusual Items Excluding Goodwill": "-32,580", "Total Unusual Items": "-32,580", "Normalized EBITDA": "1,831,603", "Tax Rate for Calcs": "0", "Tax Effect of Unusual Items": "-6,060"}, "12/31/2019": {"Duration": "12/31/2019", "Total Revenue": "10,212,957", "Cost of Revenue": "7,815,568", "Gross Profit": "2,397,389", "Operating Expense": "1,058,537", "Operating Income": "1,338,852", "Net Non Operating Interest Income Expense": "16,155", "Other Income Expense": "-15,431", "Pretax Income": "1,339,576", "Tax Provision": "322,876", "Net Income Common Stockholders": "1,006,329", "Average Dilution Earnings": "26", "Diluted NI Available to Com Stockholders": "1,006,355", "Basic EPS": "3.67", "Diluted EPS": "3.66", "Basic Average Shares": "274,495", "Diluted Average Shares": "275,297", "Total Expenses": "8,874,105", "Net Income from Continuing & Discontinued Operation": "1,016,700", "Normalized Income": "1,030,395", "Interest Income": "16,739", "Interest Expense": "584", "Net Interest Income": "16,155", "EBIT": "1,340,160", "EBITDA": "-", "Reconciled Cost of Revenue": "7,775,769", "Reconciled Depreciation": "53,999", "Net Income from Continuing Operation Net Minority Interest": "1,016,700", "Total Unusual Items Excluding Goodwill": "-18,043", "Total Unusual Items": "-18,043", "Normalized EBITDA": "1,412,202", "Tax Rate for Calcs": "0", "Tax Effect of Unusual Items": "-4,348"}, "12/31/2018": {"Duration": "12/31/2018", "Total Revenue": "10,188,331", "Cost of Revenue": "7,814,919", "Gross Profit": "2,373,412", "Operating Expense": "1,025,823", "Operating Income": "1,347,589", "Net Non Operating Interest Income Expense": "6,975", "Other Income Expense": "-7,024", "Pretax Income": "1,347,540", "Tax Provision": "325,517", "Net Income Common Stockholders": "1,010,831", "Average Dilution Earnings": "45", "Diluted NI Available to Com Stockholders": "1,010,876", "Basic EPS": "3.56", "Diluted EPS": "3.55", "Basic Average Shares": "283,578", "Diluted Average Shares": "284,865", "Total Expenses": "8,840,742", "Net Income from Continuing & Discontinued Operation": "1,022,023", "Normalized Income": "1,034,903", "Interest Income": "7,593", "Interest Expense": "618", "Net Interest Income": "6,975", "EBIT": "1,348,158", "EBITDA": "-", "Reconciled Cost of Revenue": "7,779,290", "Reconciled Depreciation": "49,429", "Net Income from Continuing Operation Net Minority Interest": "1,022,023", "Total Unusual Items Excluding Goodwill": "-16,992", "Total Unusual Items": "-16,992", "Normalized EBITDA": "1,414,579", "Tax Rate for Calcs": "0", "Tax Effect of Unusual Items": "-4,112"}}, "bs": {"12/31/2020": {"Duration": "12/31/2020", "Total Assets": "12,205,498", "Total Liabilities Net Minority Interest": "5,635,509", "Total Equity Gross Minority Interest": "6,569,989", "Total Capitalization": "9,734,112", "Common Stock Equity": "6,569,989", "Capital Lease Obligations": "91,365", "Net Tangible Assets": "6,406,564", "Working Capital": "9,661,638", "Invested Capital": "9,746,081", "Tangible Book Value": "6,406,564", "Total Debt": "3,267,457", "Net Debt": "593,887", "Share Issued": "266,464", "Ordinary Shares Number": "266,464"}, "12/31/2019": {"Duration": "12/31/2019", "Total Assets": "10,715,597", "Total Liabilities Net Minority Interest": "5,257,417", "Total Equity Gross Minority Interest": "5,458,180", "Total Capitalization": "8,549,793", "Common Stock Equity": "5,458,180", "Capital Lease Obligations": "91,408", "Net Tangible Assets": "5,333,188", "Working Capital": "8,326,661", "Invested Capital": "8,574,952", "Tangible Book Value": "5,333,188", "Total Debt": "3,208,180", "Net Debt": "1,898,859", "Share Issued": "270,235", "Ordinary Shares Number": "270,235"}, "12/31/2018": {"Duration": "12/31/2018", "Total Assets": "10,172,976", "Total Liabilities Net Minority Interest": "5,355,194", "Total Equity Gross Minority Interest": "4,817,782", "Total Capitalization": "8,194,260", "Common Stock Equity": "4,817,782", "Capital Lease Obligations": "-", "Net Tangible Assets": "4,690,590", "Working Capital": "7,844,249", "Invested Capital": "8,244,542", "Tangible Book Value": "4,690,590", "Total Debt": "3,426,760", "Net Debt": "2,316,672", "Share Issued": "277,110", "Ordinary Shares Number": "277,110"}}, "cf": {"TTM": {"Duration": "TTM", "Operating Cash Flow": "1,756,475", "Investing Cash Flow": "-39,774", "Financing Cash Flow": "-1,923,900", "End Cash Position": "1,644,054", "Income Tax Paid Supplemental Data": "274,282", "Interest Paid Supplemental Data": "6,406", "Capital Expenditure": "-52,967", "Issuance of Debt": "85,248", "Repayment of Debt": "-1,634,886", "Repurchase of Capital Stock": "-239,284", "Free Cash Flow": "1,703,508"}, "12/31/2020": {"Duration": "12/31/2020", "Operating Cash Flow": "1,784,342", "Investing Cash Flow": "-107,947", "Financing Cash Flow": "-295,616", "End Cash Position": "2,632,235", "Income Tax Paid Supplemental Data": "264,248", "Interest Paid Supplemental Data": "3,057", "Capital Expenditure": "-58,354", "Issuance of Debt": "785,248", "Repayment of Debt": "-765,267", "Repurchase of Capital Stock": "-185,529", "Free Cash Flow": "1,725,988"}, "12/31/2019": {"Duration": "12/31/2019", "Operating Cash Flow": "1,077,545", "Investing Cash Flow": "-226,229", "Financing Cash Flow": "-733,560", "End Cash Position": "1,251,456", "Income Tax Paid Supplemental Data": "137,119", "Interest Paid Supplemental Data": "5,605", "Capital Expenditure": "-58,119", "Issuance of Debt": "0", "Repayment of Debt": "-331,826", "Repurchase of Capital Stock": "-285,783", "Free Cash Flow": "1,019,426"}, "12/31/2018": {"Duration": "12/31/2018", "Operating Cash Flow": "1,449,744", "Investing Cash Flow": "-41,942", "Financing Cash Flow": "-580,270", "End Cash Position": "1,133,700", "Income Tax Paid Supplemental Data": "89,204", "Interest Paid Supplemental Data": "557", "Capital Expenditure": "-59,039", "Issuance of Debt": "1,476,607", "Repayment of Debt": "-1,656,939", "Repurchase of Capital Stock": "-302,473", "Free Cash Flow": "1,390,705"}}}}, {"NVR": {"quote": {"05/12/2021": {"value": "4,749.37", "Market Cap": "17.274B", "Beta (5Y Monthly)": "1.01", "PE Ratio (TTM)": "19.13", "EPS (TTM)": "248.33", "Earnings Date": "Jul 20, 2021 - Jul 26, 2021", "Forward Dividend & Yield": "N/A (N/A)", "Ex-Dividend Date": "N/A", "1y Target Est": "5,526.25"}}, "fin": {"TTM": {"Duration": "TTM", "Total Revenue": "8,004,334", "Cost of Revenue": "6,220,111", "Gross Profit": "1,784,223", "Operating Expense": "511,243", "Operating Income": "1,272,980", "Net Non Operating Interest Income Expense": "-47,783", "Other Income Expense": "3,467", "Pretax Income": "1,228,664", "Tax Provision": "254,357", "Net Income Common Stockholders": "974,307", "Diluted NI Available to Com Stockholders": "974,307", "Basic EPS": "-", "Diluted EPS": "-", "Basic Average Shares": "-", "Diluted Average Shares": "-", "Total Operating Income as Reported": "1,087,710", "Total Expenses": "6,731,354", "Net Income from Continuing & Discontinued Operation": "974,307", "Normalized Income": "974,307", "Interest Expense": "47,783", "Net Interest Income": "-47,783", "EBIT": "1,276,447", "EBITDA": "1,276,447", "Reconciled Cost of Revenue": "6,220,111", "Reconciled Depreciation": "-", "Net Income from Continuing Operation Net Minority Interest": "974,307", "Normalized EBITDA": "1,276,447", "Tax Rate for Calcs": "0", "Tax Effect of Unusual Items": "0"}, "12/31/2020": {"Duration": "12/31/2020", "Total Revenue": "7,545,853", "Cost of Revenue": "5,937,401", "Gross Profit": "1,608,452", "Operating Expense": "492,796", "Operating Income": "1,115,656", "Net Non Operating Interest Income Expense": "-40,872", "Other Income Expense": "3,249", "Pretax Income": "1,078,033", "Tax Provision": "176,785", "Net Income Common Stockholders": "901,248", "Diluted NI Available to Com Stockholders": "901,248", "Basic EPS": "244.11", "Diluted EPS": "230.11", "Basic Average Shares": "3,692", "Diluted Average Shares": "3,917", "Total Operating Income as Reported": "977,418", "Total Expenses": "6,430,197", "Net Income from Continuing & Discontinued Operation": "901,248", "Normalized Income": "901,248", "Interest Expense": "40,872", "Net Interest Income": "-40,872", "EBIT": "1,118,905", "EBITDA": "-", "Reconciled Cost of Revenue": "5,937,401", "Reconciled Depreciation": "21,992", "Net Income from Continuing Operation Net Minority Interest": "901,248", "Normalized EBITDA": "1,140,897", "Tax Rate for Calcs": "0", "Tax Effect of Unusual Items": "0"}, "12/31/2019": {"Duration": "12/31/2019", "Total Revenue": "7,400,806", "Cost of Revenue": "5,849,862", "Gross Profit": "1,550,944", "Operating Expense": "502,626", "Operating Income": "1,048,318", "Net Non Operating Interest Income Expense": "-25,380", "Other Income Expense": "2,857", "Pretax Income": "1,025,795", "Tax Provision": "147,256", "Net Income Common Stockholders": "878,539", "Diluted NI Available to Com Stockholders": "878,539", "Basic EPS": "241.31", "Diluted EPS": "221.13", "Basic Average Shares": "3,641", "Diluted Average Shares": "3,973", "Total Operating Income as Reported": "948,214", "Total Expenses": "6,352,488", "Net Income from Continuing & Discontinued Operation": "878,539", "Normalized Income": "878,539", "Interest Expense": "25,380", "Net Interest Income": "-25,380", "EBIT": "1,051,175", "EBITDA": "-", "Reconciled Cost of Revenue": "5,849,862", "Reconciled Depreciation": "20,818", "Net Income from Continuing Operation Net Minority Interest": "878,539", "Normalized EBITDA": "1,071,993", "Tax Rate for Calcs": "0", "Tax Effect of Unusual Items": "0"}, "12/31/2018": {"Duration": "12/31/2018", "Total Revenue": "7,175,267", "Cost of Revenue": "5,692,127", "Gross Profit": "1,483,140", "Operating Expense": "500,873", "Operating Income": "982,267", "Net Non Operating Interest Income Expense": "-25,081", "Other Income Expense": "2,546", "Pretax Income": "959,732", "Tax Provision": "162,535", "Net Income Common Stockholders": "797,197", "Diluted NI Available to Com Stockholders": "797,197", "Basic EPS": "219.58", "Diluted EPS": "194.80", "Basic Average Shares": "3,631", "Diluted Average Shares": "4,092", "Total Operating Income as Reported": "895,142", "Total Expenses": "6,193,000", "Net Income from Continuing & Discontinued Operation": "797,197", "Normalized Income": "797,197", "Interest Expense": "25,081", "Net Interest Income": "-25,081", "EBIT": "984,813", "EBITDA": "-", "Reconciled Cost of Revenue": "5,692,127", "Reconciled Depreciation": "20,168", "Net Income from Continuing Operation Net Minority Interest": "797,197", "Normalized EBITDA": "1,004,981", "Tax Rate for Calcs": "0", "Tax Effect of Unusual Items": "0"}}, "bs": {"12/31/2020": {"Duration": "12/31/2020", "Total Assets": "5,777,141", "Total Liabilities Net Minority Interest": "2,674,067", "Total Equity Gross Minority Interest": "3,103,074", "Total Capitalization": "4,620,469", "Common Stock Equity": "3,103,074", "Capital Lease Obligations": "72,656", "Net Tangible Assets": "3,103,074", "Working Capital": "3,693,636", "Invested Capital": "4,620,469", "Tangible Book Value": "3,103,074", "Total Debt": "1,590,051", "Share Issued": "20,555", "Ordinary Shares Number": "3,696", "Treasury Shares Number": "16,860"}, "12/31/2019": {"Duration": "12/31/2019", "Total Assets": "3,809,815", "Total Liabilities Net Minority Interest": "1,468,571", "Total Equity Gross Minority Interest": "2,341,244", "Total Capitalization": "2,939,545", "Common Stock Equity": "2,341,244", "Capital Lease Obligations": "85,377", "Net Tangible Assets": "2,341,244", "Working Capital": "1,873,082", "Invested Capital": "2,939,545", "Tangible Book Value": "2,341,244", "Total Debt": "683,678", "Share Issued": "20,555", "Ordinary Shares Number": "3,633", "Treasury Shares Number": "16,923"}, "12/31/2018": {"Duration": "12/31/2018", "Total Assets": "3,165,933", "Total Liabilities Net Minority Interest": "1,357,371", "Total Equity Gross Minority Interest": "1,808,562", "Total Capitalization": "2,406,243", "Common Stock Equity": "1,808,562", "Capital Lease Obligations": "-", "Net Tangible Assets": "1,808,562", "Working Capital": "1,382,235", "Invested Capital": "2,406,243", "Tangible Book Value": "1,808,562", "Total Debt": "597,681", "Share Issued": "20,555", "Ordinary Shares Number": "3,578", "Treasury Shares Number": "16,977"}}, "cf": {"TTM": {"Duration": "TTM", "Operating Cash Flow": "-", "Investing Cash Flow": "-", "Financing Cash Flow": "-", "End Cash Position": "-", "Income Tax Paid Supplemental Data": "-", "Interest Paid Supplemental Data": "-", "Capital Expenditure": "-", "Issuance of Debt": "-", "Repayment of Debt": "-", "Repurchase of Capital Stock": "-", "Free Cash Flow": "-"}, "12/31/2020": {"Duration": "12/31/2020", "Operating Cash Flow": "925,269", "Investing Cash Flow": "-3,933", "Financing Cash Flow": "727,642", "End Cash Position": "2,809,782", "Income Tax Paid Supplemental Data": "163,076", "Interest Paid Supplemental Data": "36,805", "Capital Expenditure": "-16,119", "Issuance of Debt": "923,905", "Repayment of Debt": "-989", "Repurchase of Capital Stock": "-371,078", "Free Cash Flow": "909,150"}, "12/31/2019": {"Duration": "12/31/2019", "Operating Cash Flow": "866,535", "Investing Cash Flow": "-13,284", "Financing Cash Flow": "-424,695", "End Cash Position": "1,160,804", "Income Tax Paid Supplemental Data": "153,915", "Interest Paid Supplemental Data": "24,453", "Capital Expenditure": "-22,699", "Issuance of Debt": "-", "Repayment of Debt": "-306", "Repurchase of Capital Stock": "-698,417", "Free Cash Flow": "843,836"}, "12/31/2018": {"Duration": "12/31/2018", "Operating Cash Flow": "723,126", "Investing Cash Flow": "-8,177", "Financing Cash Flow": "-672,258", "End Cash Position": "732,248", "Income Tax Paid Supplemental Data": "181,166", "Interest Paid Supplemental Data": "24,178", "Capital Expenditure": "-19,665", "Issuance of Debt": "-", "Repayment of Debt": "-", "Repurchase of Capital Stock": "-846,134", "Free Cash Flow": "703,461"}}}}, {"ISRB": {"quote": {"05/12/2021": {"value": "0.1800", "Net Assets": "N/A", "Beta (5Y Monthly)": "N/A", "Yield": "N/A", "5y Average Return": "N/A", "Holdings Turnover": "N/A", "Last Dividend": "N/A", "Average for Category": "N/A", "Inception Date": "N/A"}}, "fin": {}, "bs": {}, "cf": {}}}]