[{"AB": {"quote": {"03/28/2021": {"value": "39.55", "Market Cap": "3.885B", "Beta (5Y Monthly)": "1.45", "PE Ratio (TTM)": "13.71", "EPS (TTM)": "2.88", "Earnings Date": "Apr 26, 2021 - Apr 30, 2021", "Forward Dividend & Yield": "3.88 (9.81%)", "Ex-Dividend Date": "Feb 19, 2021", "1y Target Est": "39.86"}}, "fin": {"TTM": {"Duration": "TTM", "Total Revenue": "308,404", "Pretax Income": "308,404", "Tax Provision": "29,024", "Net Income Common Stockholders": "279,380", "Average Dilution Earnings": "-", "Diluted NI Available to Com Stockholders": "279,436", "Basic EPS": "-", "Diluted EPS": "-", "Basic Average Shares": "-", "Diluted Average Shares": "-", "Net Income from Continuing & Discontinued Operation": "279,380", "Normalized Income": "279,380", "Net Income from Continuing Operation Net Minority Interest": "279,380", "Tax Rate for Calcs": "0", "Tax Effect of Unusual Items": "0"}, "12/31/2020": {"Duration": "12/31/2020", "Total Revenue": "308,404", "Pretax Income": "308,404", "Tax Provision": "29,024", "Net Income Common Stockholders": "279,380", "Average Dilution Earnings": "-", "Diluted NI Available to Com Stockholders": "279,436", "Basic EPS": "-", "Diluted EPS": "-", "Basic Average Shares": "-", "Diluted Average Shares": "-", "Net Income from Continuing & Discontinued Operation": "279,380", "Normalized Income": "279,380", "Net Income from Continuing Operation Net Minority Interest": "279,380", "Tax Rate for Calcs": "0", "Tax Effect of Unusual Items": "0"}, "12/31/2019": {"Duration": "12/31/2019", "Total Revenue": "266,292", "Pretax Income": "266,292", "Tax Provision": "27,729", "Net Income Common Stockholders": "238,563", "Average Dilution Earnings": "79", "Diluted NI Available to Com Stockholders": "238,642", "Basic EPS": "2.49", "Diluted EPS": "2.49", "Basic Average Shares": "95,884", "Diluted Average Shares": "95,928", "Net Income from Continuing & Discontinued Operation": "238,563", "Normalized Income": "238,563", "Net Income from Continuing Operation Net Minority Interest": "238,563", "Tax Rate for Calcs": "0", "Tax Effect of Unusual Items": "0"}, "12/31/2018": {"Duration": "12/31/2018", "Total Revenue": "270,647", "Pretax Income": "270,647", "Tax Provision": "28,250", "Net Income Common Stockholders": "242,397", "Average Dilution Earnings": "447", "Diluted NI Available to Com Stockholders": "242,844", "Basic EPS": "2.50", "Diluted EPS": "2.50", "Basic Average Shares": "97,041", "Diluted Average Shares": "97,292", "Net Income from Continuing & Discontinued Operation": "242,397", "Normalized Income": "242,397", "Net Income from Continuing Operation Net Minority Interest": "242,397", "Tax Rate for Calcs": "0", "Tax Effect of Unusual Items": "0"}}, "bs": {"12/31/2020": {"Duration": "12/31/2020", "Total Assets": "1,606,033", "Total Liabilities Net Minority Interest": "1,876", "Total Equity Gross Minority Interest": "1,604,157", "Common Stock Equity": "1,604,157", "Net Tangible Assets": "1,604,157", "Tangible Book Value": "1,604,157", "Share Issued": "98,223", "Ordinary Shares Number": "98,223"}, "12/31/2019": {"Duration": "12/31/2019", "Total Assets": "1,554,264", "Total Liabilities Net Minority Interest": "1,726", "Total Equity Gross Minority Interest": "1,552,538", "Common Stock Equity": "1,552,538", "Net Tangible Assets": "1,552,538", "Tangible Book Value": "1,552,538", "Share Issued": "98,092", "Ordinary Shares Number": "98,092"}, "12/31/2018": {"Duration": "12/31/2018", "Total Assets": "1,490,701", "Total Liabilities Net Minority Interest": "644", "Total Equity Gross Minority Interest": "1,490,057", "Common Stock Equity": "1,490,057", "Net Tangible Assets": "1,490,057", "Tangible Book Value": "1,490,057", "Share Issued": "96,558", "Ordinary Shares Number": "96,558"}}, "cf": {"TTM": {"Duration": "TTM", "Operating Cash Flow": "270,014", "Investing Cash Flow": "-147", "Financing Cash Flow": "-269,867", "End Cash Position": "0", "Free Cash Flow": "270,014"}, "12/31/2020": {"Duration": "12/31/2020", "Operating Cash Flow": "270,014", "Investing Cash Flow": "-147", "Financing Cash Flow": "-269,867", "End Cash Position": "0", "Free Cash Flow": "270,014"}, "12/31/2019": {"Duration": "12/31/2019", "Operating Cash Flow": "222,755", "Investing Cash Flow": "-11,511", "Financing Cash Flow": "-211,244", "End Cash Position": "0", "Free Cash Flow": "222,755"}, "12/31/2018": {"Duration": "12/31/2018", "Operating Cash Flow": "279,282", "Investing Cash Flow": "-16,589", "Financing Cash Flow": "-262,693", "End Cash Position": "0", "Free Cash Flow": "279,282"}}}}, {"AMP": {"quote": {"03/28/2021": {"value": "232.58", "Market Cap": "27.119B", "Beta (5Y Monthly)": "1.70", "PE Ratio (TTM)": "19.06", "EPS (TTM)": "12.20", "Earnings Date": "May 04, 2021 - May 10, 2021", "Forward Dividend & Yield": "4.16 (1.79%)", "Ex-Dividend Date": "Feb 11, 2021", "1y Target Est": "243.30"}}, "fin": {"TTM": {"Duration": "TTM", "Total Revenue": "11,958,000", "Total Expenses": "10,127,000", "Pretax Income": "1,831,000", "Tax Provision": "297,000", "Net Income Common Stockholders": "1,534,000", "Diluted NI Available to Com Stockholders": "1,534,000", "Basic EPS": "-", "Diluted EPS": "-", "Basic Average Shares": "-", "Diluted Average Shares": "-", "Net Income from Continuing & Discontinued Operation": "1,534,000", "Normalized Income": "1,534,000", "EBIT": "2,052,000", "Reconciled Depreciation": "207,000", "Net Income from Continuing Operation Net Minority Interest": "1,534,000", "Total Unusual Items Excluding Goodwill": "0", "Total Unusual Items": "0", "Tax Rate for Calcs": "0", "Tax Effect of Unusual Items": "0", "Interest Expense": "221,000"}, "12/31/2020": {"Duration": "12/31/2020", "Total Revenue": "11,958,000", "Total Expenses": "10,127,000", "Pretax Income": "1,831,000", "Tax Provision": "297,000", "Net Income Common Stockholders": "1,534,000", "Diluted NI Available to Com Stockholders": "1,534,000", "Basic EPS": "-", "Diluted EPS": "-", "Basic Average Shares": "-", "Diluted Average Shares": "-", "Net Income from Continuing & Discontinued Operation": "1,534,000", "Normalized Income": "1,534,000", "EBIT": "2,052,000", "Reconciled Depreciation": "207,000", "Net Income from Continuing Operation Net Minority Interest": "1,534,000", "Total Unusual Items Excluding Goodwill": "0", "Total Unusual Items": "0", "Tax Rate for Calcs": "0", "Tax Effect of Unusual Items": "0", "Interest Expense": "221,000"}, "12/31/2019": {"Duration": "12/31/2019", "Total Revenue": "12,890,000", "Total Expenses": "10,658,000", "Pretax Income": "2,232,000", "Tax Provision": "339,000", "Net Income Common Stockholders": "1,893,000", "Diluted NI Available to Com Stockholders": "1,893,000", "Basic EPS": "14.12", "Diluted EPS": "13.92", "Basic Average Shares": "134,100", "Diluted Average Shares": "136,000", "Net Income from Continuing & Discontinued Operation": "1,893,000", "Normalized Income": "1,712,376", "EBIT": "2,582,000", "Reconciled Depreciation": "183,000", "Net Income from Continuing Operation Net Minority Interest": "1,893,000", "Total Unusual Items Excluding Goodwill": "213,000", "Total Unusual Items": "213,000", "Tax Rate for Calcs": "0", "Tax Effect of Unusual Items": "32,376", "Interest Expense": "350,000"}, "12/31/2018": {"Duration": "12/31/2018", "Total Revenue": "12,924,000", "Total Expenses": "10,440,000", "Pretax Income": "2,484,000", "Tax Provision": "386,000", "Net Income Common Stockholders": "2,098,000", "Diluted NI Available to Com Stockholders": "2,098,000", "Basic EPS": "14.41", "Diluted EPS": "14.20", "Basic Average Shares": "145,600", "Diluted Average Shares": "147,700", "Net Income from Continuing & Discontinued Operation": "2,098,000", "Normalized Income": "2,098,000", "EBIT": "2,818,000", "Reconciled Depreciation": "198,000", "Net Income from Continuing Operation Net Minority Interest": "2,098,000", "Total Unusual Items Excluding Goodwill": "-", "Total Unusual Items": "-", "Tax Rate for Calcs": "0", "Tax Effect of Unusual Items": "0", "Interest Expense": "334,000"}}, "bs": {"12/31/2020": {"Duration": "12/31/2020", "Total Assets": "165,883,000", "Total Liabilities Net Minority Interest": "160,016,000", "Total Equity Gross Minority Interest": "5,867,000", "Total Capitalization": "10,567,000", "Common Stock Equity": "5,867,000", "Capital Lease Obligations": "44,000", "Net Tangible Assets": "5,867,000", "Invested Capital": "10,767,000", "Tangible Book Value": "5,867,000", "Total Debt": "4,944,000", "Net Debt": "-", "Share Issued": "332,390", "Ordinary Shares Number": "116,766", "Treasury Shares Number": "215,625"}, "12/31/2019": {"Duration": "12/31/2019", "Total Assets": "151,828,000", "Total Liabilities Net Minority Interest": "146,099,000", "Total Equity Gross Minority Interest": "5,729,000", "Total Capitalization": "10,397,000", "Common Stock Equity": "5,729,000", "Capital Lease Obligations": "57,000", "Net Tangible Assets": "5,729,000", "Invested Capital": "10,598,000", "Tangible Book Value": "5,729,000", "Total Debt": "4,926,000", "Net Debt": "1,042,000", "Share Issued": "329,843", "Ordinary Shares Number": "123,939", "Treasury Shares Number": "205,904"}, "12/31/2018": {"Duration": "12/31/2018", "Total Assets": "137,216,000", "Total Liabilities Net Minority Interest": "131,628,000", "Total Equity Gross Minority Interest": "5,588,000", "Total Capitalization": "10,173,000", "Common Stock Equity": "5,588,000", "Capital Lease Obligations": "25,000", "Net Tangible Assets": "5,588,000", "Invested Capital": "10,374,000", "Tangible Book Value": "5,588,000", "Total Debt": "4,811,000", "Net Debt": "1,689,000", "Share Issued": "328,537", "Ordinary Shares Number": "136,331", "Treasury Shares Number": "192,206"}}, "cf": {"TTM": {"Duration": "TTM", "Operating Cash Flow": "4,623,000", "Investing Cash Flow": "-2,894,000", "Financing Cash Flow": "952,000", "Other Cash Adjustment Inside Change in Cash": "-", "End Cash Position": "8,903,000", "Income Tax Paid Supplemental Data": "236,000", "Interest Paid Supplemental Data": "223,000", "Capital Expenditure": "-147,000", "Issuance of Debt": "878,000", "Repayment of Debt": "-836,000", "Repurchase of Capital Stock": "-1,441,000", "Free Cash Flow": "4,476,000"}, "12/31/2020": {"Duration": "12/31/2020", "Operating Cash Flow": "4,623,000", "Investing Cash Flow": "-2,894,000", "Financing Cash Flow": "952,000", "Other Cash Adjustment Inside Change in Cash": "-", "End Cash Position": "8,903,000", "Income Tax Paid Supplemental Data": "236,000", "Interest Paid Supplemental Data": "223,000", "Capital Expenditure": "-147,000", "Issuance of Debt": "878,000", "Repayment of Debt": "-836,000", "Repurchase of Capital Stock": "-1,441,000", "Free Cash Flow": "4,476,000"}, "12/31/2019": {"Duration": "12/31/2019", "Operating Cash Flow": "2,341,000", "Investing Cash Flow": "-3,234,000", "Financing Cash Flow": "1,214,000", "Other Cash Adjustment Inside Change in Cash": "-", "End Cash Position": "6,213,000", "Income Tax Paid Supplemental Data": "609,000", "Interest Paid Supplemental Data": "356,000", "Capital Expenditure": "-143,000", "Issuance of Debt": "497,000", "Repayment of Debt": "-397,000", "Repurchase of Capital Stock": "-1,943,000", "Free Cash Flow": "2,198,000"}, "12/31/2018": {"Duration": "12/31/2018", "Operating Cash Flow": "2,597,000", "Investing Cash Flow": "-587,000", "Financing Cash Flow": "-1,263,000", "Other Cash Adjustment Inside Change in Cash": "0", "End Cash Position": "5,883,000", "Income Tax Paid Supplemental Data": "538,000", "Interest Paid Supplemental Data": "341,000", "Capital Expenditure": "-162,000", "Issuance of Debt": "936,000", "Repayment of Debt": "-1,541,000", "Repurchase of Capital Stock": "-1,630,000", "Free Cash Flow": "2,435,000"}}}}, {"AMG": {"quote": {"03/28/2021": {"value": "152.06", "Market Cap": "6.481B", "Beta (5Y Monthly)": "1.43", "PE Ratio (TTM)": "35.12", "EPS (TTM)": "4.33", "Earnings Date": "Apr 26, 2021 - Apr 30, 2021", "Forward Dividend & Yield": "0.04 (0.03%)", "Ex-Dividend Date": "Feb 17, 2021", "1y Target Est": "141.00"}}, "fin": {"TTM": {"Duration": "TTM", "Total Revenue": "2,027,500", "Cost of Revenue": "883,700", "Gross Profit": "1,143,800", "Operating Expense": "533,800", "Operating Income": "610,000", "Net Non Operating Interest Income Expense": "-92,300", "Other Income Expense": "-9,300", "Pretax Income": "508,400", "Tax Provision": "81,400", "Net Income Common Stockholders": "202,200", "Average Dilution Earnings": "-", "Diluted NI Available to Com Stockholders": "202,200", "Basic EPS": "-", "Diluted EPS": "-", "Basic Average Shares": "-", "Diluted Average Shares": "-", "Total Operating Income as Reported": "-", "Total Expenses": "1,417,500", "Net Income from Continuing & Discontinued Operation": "202,200", "Normalized Income": "173,556", "Interest Expense": "92,300", "Net Interest Income": "-92,300", "EBIT": "600,700", "EBITDA": "760,300", "Reconciled Cost of Revenue": "883,700", "Reconciled Depreciation": "159,600", "Net Income from Continuing Operation Net Minority Interest": "202,200", "Total Unusual Items Excluding Goodwill": "34,100", "Total Unusual Items": "34,100", "Normalized EBITDA": "726,200", "Tax Rate for Calcs": "0", "Tax Effect of Unusual Items": "5,456"}, "12/31/2020": {"Duration": "12/31/2020", "Total Revenue": "2,027,500", "Cost of Revenue": "883,700", "Gross Profit": "1,143,800", "Operating Expense": "533,800", "Operating Income": "610,000", "Net Non Operating Interest Income Expense": "-92,300", "Other Income Expense": "-9,300", "Pretax Income": "508,400", "Tax Provision": "81,400", "Net Income Common Stockholders": "202,200", "Average Dilution Earnings": "-", "Diluted NI Available to Com Stockholders": "202,200", "Basic EPS": "-", "Diluted EPS": "-", "Basic Average Shares": "-", "Diluted Average Shares": "-", "Total Operating Income as Reported": "-", "Total Expenses": "1,417,500", "Net Income from Continuing & Discontinued Operation": "202,200", "Normalized Income": "173,556", "Interest Expense": "92,300", "Net Interest Income": "-92,300", "EBIT": "600,700", "EBITDA": "-", "Reconciled Cost of Revenue": "883,700", "Reconciled Depreciation": "159,600", "Net Income from Continuing Operation Net Minority Interest": "202,200", "Total Unusual Items Excluding Goodwill": "34,100", "Total Unusual Items": "34,100", "Normalized EBITDA": "726,200", "Tax Rate for Calcs": "0", "Tax Effect of Unusual Items": "5,456"}, "12/31/2019": {"Duration": "12/31/2019", "Total Revenue": "2,239,600", "Cost of Revenue": "943,000", "Gross Profit": "1,296,600", "Operating Expense": "599,600", "Operating Income": "697,000", "Net Non Operating Interest Income Expense": "-76,200", "Other Income Expense": "-312,800", "Pretax Income": "308,000", "Tax Provision": "2,900", "Net Income Common Stockholders": "15,700", "Average Dilution Earnings": "-", "Diluted NI Available to Com Stockholders": "15,700", "Basic EPS": "0.31", "Diluted EPS": "0.31", "Basic Average Shares": "50,500", "Diluted Average Shares": "50,600", "Total Operating Income as Reported": "-", "Total Expenses": "1,542,600", "Net Income from Continuing & Discontinued Operation": "15,700", "Normalized Income": "-9,263", "Interest Expense": "76,200", "Net Interest Income": "-76,200", "EBIT": "384,200", "EBITDA": "-", "Reconciled Cost of Revenue": "943,000", "Reconciled Depreciation": "165,800", "Net Income from Continuing Operation Net Minority Interest": "15,700", "Total Unusual Items Excluding Goodwill": "25,200", "Total Unusual Items": "25,200", "Normalized EBITDA": "524,800", "Tax Rate for Calcs": "0", "Tax Effect of Unusual Items": "237.2727"}, "12/31/2018": {"Duration": "12/31/2018", "Total Revenue": "2,378,400", "Cost of Revenue": "987,200", "Gross Profit": "1,391,200", "Operating Expense": "624,200", "Operating Income": "767,000", "Net Non Operating Interest Income Expense": "-80,600", "Other Income Expense": "27,200", "Pretax Income": "713,600", "Tax Provision": "181,300", "Net Income Common Stockholders": "243,600", "Average Dilution Earnings": "0", "Diluted NI Available to Com Stockholders": "243,600", "Basic EPS": "4.55", "Diluted EPS": "4.52", "Basic Average Shares": "53,600", "Diluted Average Shares": "53,800", "Total Operating Income as Reported": "-", "Total Expenses": "1,611,400", "Net Income from Continuing & Discontinued Operation": "243,600", "Normalized Income": "223,160", "Interest Expense": "80,600", "Net Interest Income": "-80,600", "EBIT": "794,200", "EBITDA": "-", "Reconciled Cost of Revenue": "987,200", "Reconciled Depreciation": "136,800", "Net Income from Continuing Operation Net Minority Interest": "243,600", "Total Unusual Items Excluding Goodwill": "27,400", "Total Unusual Items": "27,400", "Normalized EBITDA": "903,600", "Tax Rate for Calcs": "0", "Tax Effect of Unusual Items": "6,960"}}, "cf": {"TTM": {"Duration": "TTM", "Operating Cash Flow": "1,009,300", "Investing Cash Flow": "-53,700", "Financing Cash Flow": "-455,400", "End Cash Position": "1,039,700", "Income Tax Paid Supplemental Data": "12,400", "Interest Paid Supplemental Data": "88,300", "Capital Expenditure": "-8,500", "Issuance of Capital Stock": "-", "Issuance of Debt": "874,800", "Repayment of Debt": "-350,000", "Repurchase of Capital Stock": "-335,100", "Free Cash Flow": "1,000,800"}, "12/31/2020": {"Duration": "12/31/2020", "Operating Cash Flow": "1,009,300", "Investing Cash Flow": "-53,700", "Financing Cash Flow": "-455,400", "End Cash Position": "1,039,700", "Income Tax Paid Supplemental Data": "12,400", "Interest Paid Supplemental Data": "88,300", "Capital Expenditure": "-8,500", "Issuance of Capital Stock": "-", "Issuance of Debt": "874,800", "Repayment of Debt": "-350,000", "Repurchase of Capital Stock": "-335,100", "Free Cash Flow": "1,000,800"}, "12/31/2019": {"Duration": "12/31/2019", "Operating Cash Flow": "929,100", "Investing Cash Flow": "-24,400", "Financing Cash Flow": "-934,700", "End Cash Position": "539,600", "Income Tax Paid Supplemental Data": "102,700", "Interest Paid Supplemental Data": "84,100", "Capital Expenditure": "-9,600", "Issuance of Capital Stock": "-", "Issuance of Debt": "470,700", "Repayment of Debt": "-510,000", "Repurchase of Capital Stock": "-356,100", "Free Cash Flow": "919,500"}, "12/31/2018": {"Duration": "12/31/2018", "Operating Cash Flow": "1,140,600", "Investing Cash Flow": "-18,200", "Financing Cash Flow": "-983,100", "End Cash Position": "565,500", "Income Tax Paid Supplemental Data": "160,200", "Interest Paid Supplemental Data": "76,900", "Capital Expenditure": "-18,700", "Issuance of Capital Stock": "9,700", "Issuance of Debt": "1,150,000", "Repayment of Debt": "-1,180,600", "Repurchase of Capital Stock": "-505,800", "Free Cash Flow": "1,121,900"}}}}, {"ARES": {"quote": {"03/28/2021": {"value": "53.90", "Market Cap": "8.06B", "Beta (5Y Monthly)": "1.20", "PE Ratio (TTM)": "61.81", "EPS (TTM)": "0.87", "Earnings Date": "May 04, 2021 - May 10, 2021", "Forward Dividend & Yield": "1.88 (3.49%)", "Ex-Dividend Date": "Mar 16, 2021", "1y Target Est": "57.90"}}, "fin": {"TTM": {"Duration": "TTM", "Total Revenue": "1,764,046", "Cost of Revenue": "1,171,368", "Gross Profit": "592,678", "Operating Expense": "279,118", "Operating Income": "313,560", "Net Non Operating Interest Income Expense": "160,499", "Other Income Expense": "-94,581", "Pretax Income": "379,478", "Tax Provision": "54,993", "Net Income Common Stockholders": "119,988", "Average Dilution Earnings": "10,454", "Diluted NI Available to Com Stockholders": "130,442", "Basic EPS": "-", "Diluted EPS": "-", "Basic Average Shares": "-", "Diluted Average Shares": "-", "Total Operating Income as Reported": "-", "Total Expenses": "1,450,486", "Net Income from Continuing & Discontinued Operation": "152,142", "Normalized Income": "242,671", "Interest Income": "471,723", "Interest Expense": "311,224", "Net Interest Income": "160,499", "EBIT": "690,702", "EBITDA": "731,950", "Reconciled Cost of Revenue": "1,171,368", "Reconciled Depreciation": "41,248", "Net Income from Continuing Operation Net Minority Interest": "152,142", "Total Unusual Items Excluding Goodwill": "-105,872", "Total Unusual Items": "-105,872", "Normalized EBITDA": "837,822", "Tax Rate for Calcs": "0", "Tax Effect of Unusual Items": "-15,343"}, "12/31/2020": {"Duration": "12/31/2020", "Total Revenue": "1,764,046", "Cost of Revenue": "1,171,368", "Gross Profit": "592,678", "Operating Expense": "279,118", "Operating Income": "313,560", "Net Non Operating Interest Income Expense": "160,499", "Other Income Expense": "-94,581", "Pretax Income": "379,478", "Tax Provision": "54,993", "Net Income Common Stockholders": "119,988", "Average Dilution Earnings": "10,454", "Diluted NI Available to Com Stockholders": "130,442", "Basic EPS": "-", "Diluted EPS": "-", "Basic Average Shares": "-", "Diluted Average Shares": "-", "Total Operating Income as Reported": "-", "Total Expenses": "1,450,486", "Net Income from Continuing & Discontinued Operation": "152,142", "Normalized Income": "242,671", "Interest Income": "471,723", "Interest Expense": "311,224", "Net Interest Income": "160,499", "EBIT": "690,702", "EBITDA": "-", "Reconciled Cost of Revenue": "1,171,368", "Reconciled Depreciation": "41,248", "Net Income from Continuing Operation Net Minority Interest": "152,142", "Total Unusual Items Excluding Goodwill": "-105,872", "Total Unusual Items": "-105,872", "Normalized EBITDA": "837,822", "Tax Rate for Calcs": "0", "Tax Effect of Unusual Items": "-15,343"}, "12/31/2019": {"Duration": "12/31/2019", "Total Revenue": "1,765,438", "Cost of Revenue": "1,150,533", "Gross Profit": "614,905", "Operating Expense": "312,264", "Operating Income": "302,641", "Net Non Operating Interest Income Expense": "105,689", "Other Income Expense": "16,850", "Pretax Income": "425,180", "Tax Provision": "52,376", "Net Income Common Stockholders": "119,514", "Average Dilution Earnings": "7,670", "Diluted NI Available to Com Stockholders": "127,184", "Basic EPS": "1.11", "Diluted EPS": "1.06", "Basic Average Shares": "107,915", "Diluted Average Shares": "119,877", "Total Operating Income as Reported": "-", "Total Expenses": "1,462,797", "Net Income from Continuing & Discontinued Operation": "148,884", "Normalized Income": "127,231", "Interest Income": "403,105", "Interest Expense": "297,416", "Net Interest Income": "105,689", "EBIT": "722,596", "EBITDA": "-", "Reconciled Cost of Revenue": "1,150,533", "Reconciled Depreciation": "39,459", "Net Income from Continuing Operation Net Minority Interest": "148,884", "Total Unusual Items Excluding Goodwill": "24,690", "Total Unusual Items": "24,690", "Normalized EBITDA": "737,365", "Tax Rate for Calcs": "0", "Tax Effect of Unusual Items": "3,037"}, "12/31/2018": {"Duration": "12/31/2018", "Total Revenue": "958,461", "Cost of Revenue": "600,634", "Gross Profit": "357,827", "Operating Expense": "269,728", "Operating Income": "88,099", "Net Non Operating Interest Income Expense": "100,560", "Other Income Expense": "-4,318", "Pretax Income": "184,341", "Tax Provision": "32,202", "Net Income Common Stockholders": "28,372", "Average Dilution Earnings": "0", "Diluted NI Available to Com Stockholders": "28,372", "Basic EPS": "0.30", "Diluted EPS": "0.30", "Basic Average Shares": "96,023", "Diluted Average Shares": "96,023", "Total Operating Income as Reported": "-", "Total Expenses": "870,362", "Net Income from Continuing & Discontinued Operation": "57,020", "Normalized Income": "59,880", "Interest Income": "344,903", "Interest Expense": "244,343", "Net Interest Income": "100,560", "EBIT": "428,684", "EBITDA": "-", "Reconciled Cost of Revenue": "600,634", "Reconciled Depreciation": "28,517", "Net Income from Continuing Operation Net Minority Interest": "57,020", "Total Unusual Items Excluding Goodwill": "-3,467", "Total Unusual Items": "-3,467", "Normalized EBITDA": "460,668", "Tax Rate for Calcs": "0", "Tax Effect of Unusual Items": "-606.725"}}, "bs": {"12/31/2020": {"Duration": "12/31/2020", "Total Assets": "15,168,992", "Total Liabilities Net Minority Interest": "12,697,218", "Total Equity Gross Minority Interest": "2,471,774", "Total Capitalization": "11,845,168", "Preferred Stock Equity": "298,761", "Common Stock Equity": "894,924", "Capital Lease Obligations": "180,236", "Net Tangible Assets": "600,550", "Working Capital": "25,346", "Invested Capital": "11,617,907", "Tangible Book Value": "301,789", "Total Debt": "10,903,219", "Net Debt": "9,660,794", "Share Issued": "147,183", "Ordinary Shares Number": "147,183", "Preferred Shares Number": "12,400"}, "12/31/2019": {"Duration": "12/31/2019", "Total Assets": "12,014,196", "Total Liabilities Net Minority Interest": "10,155,598", "Total Equity Gross Minority Interest": "1,858,598", "Total Capitalization": "9,094,391", "Preferred Stock Equity": "298,761", "Common Stock Equity": "469,529", "Capital Lease Obligations": "168,817", "Net Tangible Assets": "616,460", "Working Capital": "-438,600", "Invested Capital": "8,867,130", "Tangible Book Value": "317,699", "Total Debt": "8,566,418", "Net Debt": "7,652,896", "Share Issued": "115,242", "Ordinary Shares Number": "115,242", "Preferred Shares Number": "12,400"}, "12/31/2018": {"Duration": "12/31/2018", "Total Assets": "10,154,692", "Total Liabilities Net Minority Interest": "8,760,351", "Total Equity Gross Minority Interest": "1,394,341", "Total Capitalization": "7,912,627", "Preferred Stock Equity": "298,761", "Common Stock Equity": "289,163", "Capital Lease Obligations": "-", "Net Tangible Assets": "412,560", "Working Capital": "-567,199", "Invested Capital": "7,657,490", "Tangible Book Value": "113,799", "Total Debt": "7,368,327", "Net Debt": "6,873,436", "Share Issued": "101,594", "Ordinary Shares Number": "101,594", "Preferred Shares Number": "12,400"}}, "cf": {"TTM": {"Duration": "TTM", "Operating Cash Flow": "-425,659", "Investing Cash Flow": "-136,764", "Financing Cash Flow": "943,895", "End Cash Position": "539,812", "Income Tax Paid Supplemental Data": "38,174", "Interest Paid Supplemental Data": "257,132", "Capital Expenditure": "-15,942", "Issuance of Capital Stock": "383,154", "Issuance of Debt": "2,202,375", "Repayment of Debt": "-1,050,055", "Repurchase of Capital Stock": "0", "Free Cash Flow": "-441,601"}, "12/31/2020": {"Duration": "12/31/2020", "Operating Cash Flow": "-425,659", "Investing Cash Flow": "-136,764", "Financing Cash Flow": "943,895", "End Cash Position": "539,812", "Income Tax Paid Supplemental Data": "38,174", "Interest Paid Supplemental Data": "257,132", "Capital Expenditure": "-15,942", "Issuance of Capital Stock": "383,154", "Issuance of Debt": "2,202,375", "Repayment of Debt": "-1,050,055", "Repurchase of Capital Stock": "0", "Free Cash Flow": "-441,601"}, "12/31/2019": {"Duration": "12/31/2019", "Operating Cash Flow": "-2,083,021", "Investing Cash Flow": "-16,796", "Financing Cash Flow": "2,122,330", "End Cash Position": "138,384", "Income Tax Paid Supplemental Data": "35,625", "Interest Paid Supplemental Data": "233,090", "Capital Expenditure": "-16,796", "Issuance of Capital Stock": "206,705", "Issuance of Debt": "3,676,837", "Repayment of Debt": "-1,535,710", "Repurchase of Capital Stock": "-10,449", "Free Cash Flow": "-2,099,817"}, "12/31/2018": {"Duration": "12/31/2018", "Operating Cash Flow": "-1,417,102", "Investing Cash Flow": "-18,419", "Financing Cash Flow": "1,405,339", "End Cash Position": "110,247", "Income Tax Paid Supplemental Data": "27,482", "Interest Paid Supplemental Data": "184,951", "Capital Expenditure": "-18,419", "Issuance of Capital Stock": "105,333", "Issuance of Debt": "3,625,683", "Repayment of Debt": "-1,888,738", "Repurchase of Capital Stock": "0", "Free Cash Flow": "-1,435,521"}}}}, {"ASA": {"quote": {"03/28/2021": {"value": "20.05", "Market Cap": "386.762M", "Beta (5Y Monthly)": "0.90", "PE Ratio (TTM)": "2.17", "EPS (TTM)": "9.25", "Earnings Date": "Sep 19, 2019", "Forward Dividend & Yield": "0.02 (0.10%)", "Ex-Dividend Date": "May 19, 2021", "1y Target Est": "N/A"}}, "fin": {"TTM": {"Duration": "TTM", "Total Revenue": "182,348", "Pretax Income": "178,443", "Net Income Common Stockholders": "178,443", "Diluted NI Available to Com Stockholders": "178,443", "Basic EPS": "-", "Diluted EPS": "-", "Basic Average Shares": "-", "Diluted Average Shares": "-", "Rent Expense Supplemental": "228.59", "Net Income from Continuing & Discontinued Operation": "178,443", "Normalized Income": "178,443", "Reconciled Depreciation": "-", "Net Income from Continuing Operation Net Minority Interest": "178,443", "Tax Rate for Calcs": "0", "Tax Effect of Unusual Items": "0"}, "11/30/2020": {"Duration": "11/30/2020", "Total Revenue": "182,348", "Pretax Income": "178,443", "Net Income Common Stockholders": "178,443", "Diluted NI Available to Com Stockholders": "178,443", "Basic EPS": "-", "Diluted EPS": "-", "Basic Average Shares": "-", "Diluted Average Shares": "-", "Rent Expense Supplemental": "228.59", "Net Income from Continuing & Discontinued Operation": "178,443", "Normalized Income": "178,443", "Reconciled Depreciation": "-", "Net Income from Continuing Operation Net Minority Interest": "178,443", "Tax Rate for Calcs": "0", "Tax Effect of Unusual Items": "0"}, "11/30/2019": {"Duration": "11/30/2019", "Total Revenue": "94,913", "Pretax Income": "91,431", "Net Income Common Stockholders": "91,431", "Diluted NI Available to Com Stockholders": "91,431", "Basic EPS": "4.74", "Diluted EPS": "4.74", "Basic Average Shares": "19,289", "Diluted Average Shares": "19,289", "Rent Expense Supplemental": "-", "Net Income from Continuing & Discontinued Operation": "91,431", "Normalized Income": "91,431", "Reconciled Depreciation": "-", "Net Income from Continuing Operation Net Minority Interest": "91,431", "Tax Rate for Calcs": "0", "Tax Effect of Unusual Items": "0"}, "11/30/2018": {"Duration": "11/30/2018", "Total Revenue": "-45,756", "Pretax Income": "-48,789", "Net Income Common Stockholders": "-48,789", "Diluted NI Available to Com Stockholders": "-48,789", "Basic EPS": "-2.53", "Diluted EPS": "-2.53", "Basic Average Shares": "19,284", "Diluted Average Shares": "19,284", "Rent Expense Supplemental": "-", "Net Income from Continuing & Discontinued Operation": "-48,789", "Normalized Income": "-48,789", "Reconciled Depreciation": "0", "Net Income from Continuing Operation Net Minority Interest": "-48,789", "Tax Rate for Calcs": "0", "Tax Effect of Unusual Items": "0"}}, "bs": {"11/30/2020": {"Duration": "11/30/2020", "Total Assets": "464,740", "Total Liabilities Net Minority Interest": "803.358", "Total Equity Gross Minority Interest": "463,936", "Common Stock Equity": "463,936", "Net Tangible Assets": "463,936", "Tangible Book Value": "463,936", "Share Issued": "19,290", "Ordinary Shares Number": "19,290"}, "11/30/2019": {"Duration": "11/30/2019", "Total Assets": "286,612", "Total Liabilities Net Minority Interest": "733.262", "Total Equity Gross Minority Interest": "285,879", "Common Stock Equity": "285,879", "Net Tangible Assets": "285,879", "Tangible Book Value": "285,879", "Share Issued": "19,290", "Ordinary Shares Number": "19,290"}, "11/30/2018": {"Duration": "11/30/2018", "Total Assets": "196,072", "Total Liabilities Net Minority Interest": "1,238", "Total Equity Gross Minority Interest": "194,834", "Common Stock Equity": "194,834", "Net Tangible Assets": "194,834", "Tangible Book Value": "194,834", "Share Issued": "19,290", "Ordinary Shares Number": "19,290"}}, "cf": {}}}, {"APAM": {"quote": {"03/28/2021": {"value": "52.84", "Market Cap": "4.195B", "Beta (5Y Monthly)": "1.88", "PE Ratio (TTM)": "15.54", "EPS (TTM)": "3.40", "Earnings Date": "Apr 26, 2021 - Apr 30, 2021", "Forward Dividend & Yield": "3.08 (5.83%)", "Ex-Dividend Date": "Feb 11, 2021", "1y Target Est": "60.67"}}, "fin": {"TTM": {"Duration": "TTM", "Total Revenue": "899,567", "Cost of Revenue": "435,818", "Gross Profit": "463,749", "Operating Expense": "105,425", "Operating Income": "358,324", "Net Non Operating Interest Income Expense": "-10,804", "Other Income Expense": "21,778", "Pretax Income": "369,298", "Tax Provision": "60,795", "Net Income Common Stockholders": "189,349", "Diluted NI Available to Com Stockholders": "189,349", "Basic EPS": "-", "Diluted EPS": "-", "Basic Average Shares": "-", "Diluted Average Shares": "-", "Total Operating Income as Reported": "358,324", "Rent Expense Supplemental": "21,922", "Total Expenses": "541,243", "Net Income from Continuing & Discontinued Operation": "212,617", "Normalized Income": "190,530", "Interest Expense": "10,804", "Net Interest Income": "-10,804", "EBIT": "380,102", "EBITDA": "386,727", "Reconciled Cost of Revenue": "435,818", "Reconciled Depreciation": "6,625", "Net Income from Continuing Operation Net Minority Interest": "212,617", "Total Unusual Items Excluding Goodwill": "26,452", "Total Unusual Items": "26,452", "Normalized EBITDA": "360,275", "Tax Rate for Calcs": "0", "Tax Effect of Unusual Items": "4,365"}, "12/31/2020": {"Duration": "12/31/2020", "Total Revenue": "899,567", "Cost of Revenue": "435,818", "Gross Profit": "463,749", "Operating Expense": "105,425", "Operating Income": "358,324", "Net Non Operating Interest Income Expense": "-10,804", "Other Income Expense": "21,778", "Pretax Income": "369,298", "Tax Provision": "60,795", "Net Income Common Stockholders": "189,349", "Diluted NI Available to Com Stockholders": "189,349", "Basic EPS": "-", "Diluted EPS": "-", "Basic Average Shares": "-", "Diluted Average Shares": "-", "Total Operating Income as Reported": "358,324", "Rent Expense Supplemental": "21,922", "Total Expenses": "541,243", "Net Income from Continuing & Discontinued Operation": "212,617", "Normalized Income": "190,530", "Interest Expense": "10,804", "Net Interest Income": "-10,804", "EBIT": "380,102", "EBITDA": "-", "Reconciled Cost of Revenue": "435,818", "Reconciled Depreciation": "6,625", "Net Income from Continuing Operation Net Minority Interest": "212,617", "Total Unusual Items Excluding Goodwill": "26,452", "Total Unusual Items": "26,452", "Normalized EBITDA": "360,275", "Tax Rate for Calcs": "0", "Tax Effect of Unusual Items": "4,365"}, "12/31/2019": {"Duration": "12/31/2019", "Total Revenue": "798,952", "Cost of Revenue": "400,456", "Gross Profit": "398,496", "Operating Expense": "115,041", "Operating Income": "283,455", "Net Non Operating Interest Income Expense": "-11,054", "Other Income Expense": "-3,135", "Pretax Income": "269,266", "Tax Provision": "27,809", "Net Income Common Stockholders": "135,382", "Diluted NI Available to Com Stockholders": "135,382", "Basic EPS": "2.65", "Diluted EPS": "2.65", "Basic Average Shares": "51,100", "Diluted Average Shares": "56,200", "Total Operating Income as Reported": "283,455", "Rent Expense Supplemental": "23,319", "Total Expenses": "515,497", "Net Income from Continuing & Discontinued Operation": "156,536", "Normalized Income": "141,805", "Interest Expense": "11,054", "Net Interest Income": "-11,054", "EBIT": "280,320", "EBITDA": "-", "Reconciled Cost of Revenue": "400,456", "Reconciled Depreciation": "6,233", "Net Income from Continuing Operation Net Minority Interest": "156,536", "Total Unusual Items Excluding Goodwill": "16,422", "Total Unusual Items": "16,422", "Normalized EBITDA": "270,131", "Tax Rate for Calcs": "0", "Tax Effect of Unusual Items": "1,691"}, "12/31/2018": {"Duration": "12/31/2018", "Total Revenue": "828,635", "Cost of Revenue": "413,166", "Gross Profit": "415,469", "Operating Expense": "110,528", "Operating Income": "304,941", "Net Non Operating Interest Income Expense": "-11,223", "Other Income Expense": "8,070", "Pretax Income": "301,788", "Tax Provision": "47,598", "Net Income Common Stockholders": "138,862", "Diluted NI Available to Com Stockholders": "138,862", "Basic EPS": "2.84", "Diluted EPS": "2.84", "Basic Average Shares": "53,700", "Diluted Average Shares": "53,700", "Total Operating Income as Reported": "304,941", "Rent Expense Supplemental": "18,700", "Total Expenses": "523,694", "Net Income from Continuing & Discontinued Operation": "158,309", "Normalized Income": "151,725", "Interest Expense": "11,223", "Net Interest Income": "-11,223", "EBIT": "313,011", "EBITDA": "-", "Reconciled Cost of Revenue": "413,166", "Reconciled Depreciation": "5,668", "Net Income from Continuing Operation Net Minority Interest": "158,309", "Total Unusual Items Excluding Goodwill": "7,819", "Total Unusual Items": "7,819", "Normalized EBITDA": "310,860", "Tax Rate for Calcs": "0", "Tax Effect of Unusual Items": "1,235"}}, "bs": {"12/31/2020": {"Duration": "12/31/2020", "Total Assets": "1,151,962", "Total Liabilities Net Minority Interest": "960,920", "Total Equity Gross Minority Interest": "191,042", "Total Capitalization": "379,761", "Common Stock Equity": "180,477", "Capital Lease Obligations": "92,671", "Net Tangible Assets": "180,477", "Working Capital": "-232,812", "Invested Capital": "379,761", "Tangible Book Value": "180,477", "Total Debt": "291,955", "Net Debt": "463", "Share Issued": "78,541", "Ordinary Shares Number": "78,541"}, "12/31/2019": {"Duration": "12/31/2019", "Total Assets": "933,619", "Total Liabilities Net Minority Interest": "795,118", "Total Equity Gross Minority Interest": "138,501", "Total Capitalization": "332,060", "Common Stock Equity": "132,957", "Capital Lease Obligations": "101,154", "Net Tangible Assets": "132,957", "Working Capital": "-192,047", "Invested Capital": "332,060", "Tangible Book Value": "132,957", "Total Debt": "300,257", "Net Debt": "55,477", "Share Issued": "77,772", "Ordinary Shares Number": "77,772"}, "12/31/2018": {"Duration": "12/31/2018", "Total Assets": "805,014", "Total Liabilities Net Minority Interest": "664,527", "Total Equity Gross Minority Interest": "140,487", "Total Capitalization": "334,340", "Common Stock Equity": "135,044", "Capital Lease Obligations": "-", "Net Tangible Assets": "135,044", "Working Capital": "-132,166", "Invested Capital": "334,340", "Tangible Book Value": "135,044", "Total Debt": "199,296", "Net Debt": "24,390", "Share Issued": "76,972", "Ordinary Shares Number": "76,972"}}, "cf": {"TTM": {"Duration": "TTM", "Operating Cash Flow": "318,677", "Investing Cash Flow": "18,752", "Financing Cash Flow": "-282,234", "End Cash Position": "199,450", "Income Tax Paid Supplemental Data": "35,484", "Interest Paid Supplemental Data": "10,255", "Capital Expenditure": "-3,099", "Issuance of Capital Stock": "63,027", "Issuance of Debt": "0", "Repayment of Debt": "0", "Repurchase of Capital Stock": "-63,027", "Free Cash Flow": "315,578"}, "12/31/2020": {"Duration": "12/31/2020", "Operating Cash Flow": "318,677", "Investing Cash Flow": "18,752", "Financing Cash Flow": "-282,234", "End Cash Position": "199,450", "Income Tax Paid Supplemental Data": "35,484", "Interest Paid Supplemental Data": "10,255", "Capital Expenditure": "-3,099", "Issuance of Capital Stock": "63,027", "Issuance of Debt": "0", "Repayment of Debt": "0", "Repurchase of Capital Stock": "-63,027", "Free Cash Flow": "315,578"}, "12/31/2019": {"Duration": "12/31/2019", "Operating Cash Flow": "292,793", "Investing Cash Flow": "-17,506", "Financing Cash Flow": "-306,567", "End Cash Position": "144,255", "Income Tax Paid Supplemental Data": "18,593", "Interest Paid Supplemental Data": "10,694", "Capital Expenditure": "-17,784", "Issuance of Capital Stock": "0", "Issuance of Debt": "50,000", "Repayment of Debt": "-50,000", "Repurchase of Capital Stock": "0", "Free Cash Flow": "275,009"}, "12/31/2018": {"Duration": "12/31/2018", "Operating Cash Flow": "333,322", "Investing Cash Flow": "-14,341", "Financing Cash Flow": "-263,483", "End Cash Position": "175,535", "Income Tax Paid Supplemental Data": "20,731", "Interest Paid Supplemental Data": "10,694", "Capital Expenditure": "-13,841", "Issuance of Capital Stock": "21,478", "Issuance of Debt": "0", "Repayment of Debt": "0", "Repurchase of Capital Stock": "-21,478", "Free Cash Flow": "319,481"}}}}, {"AAMC": {"quote": {"03/28/2021": {"value": "17.22", "Market Cap": "35.274M", "Beta (5Y Monthly)": "0.62", "PE Ratio (TTM)": "0.71", "EPS (TTM)": "24.38", "Earnings Date": "May 10, 2021 - May 14, 2021", "Forward Dividend & Yield": "N/A (N/A)", "Ex-Dividend Date": "N/A", "1y Target Est": "N/A"}}, "fin": {"TTM": {"Duration": "TTM", "Total Revenue": "0", "Cost of Revenue": "11,977", "Gross Profit": "-11,977", "Operating Expense": "8,533", "Operating Income": "-20,510", "Net Non Operating Interest Income Expense": "-", "Other Income Expense": "6,559", "Pretax Income": "-13,951", "Tax Provision": "769", "Net Income Common Stockholders": "39,779", "Diluted NI Available to Com Stockholders": "39,779", "Basic EPS": "-", "Diluted EPS": "-", "Basic Average Shares": "-", "Diluted Average Shares": "-", "Total Operating Income as Reported": "-", "Total Expenses": "20,510", "Net Income from Continuing & Discontinued Operation": "39,821", "Normalized Income": "-19,475", "Interest Expense": "-", "Net Interest Income": "-", "EBIT": "-20,510", "EBITDA": "-20,080", "Reconciled Cost of Revenue": "11,977", "Reconciled Depreciation": "430", "Net Income from Continuing Operation Net Minority Interest": "-14,720", "Total Unusual Items Excluding Goodwill": "6,514", "Total Unusual Items": "6,514", "Normalized EBITDA": "-26,594", "Tax Rate for Calcs": "0", "Tax Effect of Unusual Items": "1,759"}, "12/31/2020": {"Duration": "12/31/2020", "Total Revenue": "0", "Cost of Revenue": "11,977", "Gross Profit": "-11,977", "Operating Expense": "8,533", "Operating Income": "-20,510", "Net Non Operating Interest Income Expense": "-", "Other Income Expense": "6,559", "Pretax Income": "-13,951", "Tax Provision": "769", "Net Income Common Stockholders": "39,779", "Diluted NI Available to Com Stockholders": "39,779", "Basic EPS": "-", "Diluted EPS": "-", "Basic Average Shares": "-", "Diluted Average Shares": "-", "Total Operating Income as Reported": "-", "Total Expenses": "20,510", "Net Income from Continuing & Discontinued Operation": "39,821", "Normalized Income": "-19,475", "Interest Expense": "-", "Net Interest Income": "-", "EBIT": "-20,510", "EBITDA": "-", "Reconciled Cost of Revenue": "11,977", "Reconciled Depreciation": "430", "Net Income from Continuing Operation Net Minority Interest": "-14,720", "Total Unusual Items Excluding Goodwill": "6,514", "Total Unusual Items": "6,514", "Normalized EBITDA": "-26,594", "Tax Rate for Calcs": "0", "Tax Effect of Unusual Items": "1,759"}, "12/31/2019": {"Duration": "12/31/2019", "Total Revenue": "15,762", "Cost of Revenue": "17,029", "Gross Profit": "-1,267", "Operating Expense": "7,758", "Operating Income": "-9,025", "Net Non Operating Interest Income Expense": "-", "Other Income Expense": "6,750", "Pretax Income": "-2,275", "Tax Provision": "338", "Net Income Common Stockholders": "-2,819", "Diluted NI Available to Com Stockholders": "-2,819", "Basic EPS": "-1.77", "Diluted EPS": "-1.77", "Basic Average Shares": "1,590", "Diluted Average Shares": "1,590", "Total Operating Income as Reported": "-", "Total Expenses": "24,787", "Net Income from Continuing & Discontinued Operation": "-2,613", "Normalized Income": "-7,427", "Interest Expense": "-", "Net Interest Income": "-", "EBIT": "-9,025", "EBITDA": "-", "Reconciled Cost of Revenue": "17,029", "Reconciled Depreciation": "737", "Net Income from Continuing Operation Net Minority Interest": "-2,613", "Total Unusual Items Excluding Goodwill": "6,595", "Total Unusual Items": "6,595", "Normalized EBITDA": "-14,883", "Tax Rate for Calcs": "0", "Tax Effect of Unusual Items": "1,781"}, "12/31/2018": {"Duration": "12/31/2018", "Total Revenue": "15,926", "Cost of Revenue": "17,320", "Gross Profit": "-1,394", "Operating Expense": "5,214", "Operating Income": "-6,608", "Net Non Operating Interest Income Expense": "-", "Other Income Expense": "-3,893", "Pretax Income": "-10,501", "Tax Provision": "375", "Net Income Common Stockholders": "-11,082", "Diluted NI Available to Com Stockholders": "-11,082", "Basic EPS": "-6.88", "Diluted EPS": "-6.88", "Basic Average Shares": "1,611", "Diluted Average Shares": "1,611", "Total Operating Income as Reported": "-", "Total Expenses": "22,534", "Net Income from Continuing & Discontinued Operation": "-10,876", "Normalized Income": "-7,876", "Interest Expense": "-", "Net Interest Income": "-", "EBIT": "-6,608", "EBITDA": "-", "Reconciled Cost of Revenue": "17,320", "Reconciled Depreciation": "436", "Net Income from Continuing Operation Net Minority Interest": "-10,876", "Total Unusual Items Excluding Goodwill": "-4,109", "Total Unusual Items": "-4,109", "Normalized EBITDA": "-2,063", "Tax Rate for Calcs": "0", "Tax Effect of Unusual Items": "-1,109"}}, "bs": {"12/31/2020": {"Duration": "12/31/2020", "Total Assets": "99,752", "Total Liabilities Net Minority Interest": "266,330", "Total Equity Gross Minority Interest": "-166,578", "Total Capitalization": "-166,578", "Preferred Stock Equity": "-", "Common Stock Equity": "-166,578", "Capital Lease Obligations": "675", "Net Tangible Assets": "-166,578", "Working Capital": "83,510", "Invested Capital": "-166,578", "Tangible Book Value": "-166,578", "Total Debt": "675", "Share Issued": "2,966", "Ordinary Shares Number": "1,650", "Treasury Shares Number": "1,316"}, "12/31/2019": {"Duration": "12/31/2019", "Total Assets": "53,248", "Total Liabilities Net Minority Interest": "261,176", "Total Equity Gross Minority Interest": "-207,928", "Total Capitalization": "-207,928", "Preferred Stock Equity": "-", "Common Stock Equity": "-207,928", "Capital Lease Obligations": "4,483", "Net Tangible Assets": "-207,928", "Working Capital": "40,151", "Invested Capital": "-207,928", "Tangible Book Value": "-207,928", "Total Debt": "4,483", "Share Issued": "2,897", "Ordinary Shares Number": "1,599", "Treasury Shares Number": "1,299"}, "12/31/2018": {"Duration": "12/31/2018", "Total Assets": "49,367", "Total Liabilities Net Minority Interest": "256,523", "Total Equity Gross Minority Interest": "-207,156", "Total Capitalization": "-207,156", "Preferred Stock Equity": "-", "Common Stock Equity": "-207,156", "Capital Lease Obligations": "-", "Net Tangible Assets": "-207,156", "Working Capital": "40,686", "Invested Capital": "-207,156", "Tangible Book Value": "-207,156", "Total Debt": "-", "Share Issued": "2,863", "Ordinary Shares Number": "1,574", "Treasury Shares Number": "1,289"}}, "cf": {"TTM": {"Duration": "TTM", "Operating Cash Flow": "18,606", "Investing Cash Flow": "3,557", "Financing Cash Flow": "-297", "End Cash Position": "41,807", "Income Tax Paid Supplemental Data": "428", "Interest Paid Supplemental Data": "-", "Capital Expenditure": "-86", "Issuance of Capital Stock": "-", "Issuance of Debt": "-", "Repayment of Debt": "-", "Repurchase of Capital Stock": "-", "Free Cash Flow": "18,520"}, "12/31/2020": {"Duration": "12/31/2020", "Operating Cash Flow": "18,606", "Investing Cash Flow": "3,557", "Financing Cash Flow": "-297", "End Cash Position": "41,807", "Income Tax Paid Supplemental Data": "428", "Interest Paid Supplemental Data": "-", "Capital Expenditure": "-86", "Issuance of Capital Stock": "-", "Issuance of Debt": "-", "Repayment of Debt": "-", "Repurchase of Capital Stock": "-", "Free Cash Flow": "18,520"}, "12/31/2019": {"Duration": "12/31/2019", "Operating Cash Flow": "-6,744", "Investing Cash Flow": "-186", "Financing Cash Flow": "-244", "End Cash Position": "19,965", "Income Tax Paid Supplemental Data": "594", "Interest Paid Supplemental Data": "-", "Capital Expenditure": "-295", "Issuance of Capital Stock": "-", "Issuance of Debt": "-", "Repayment of Debt": "-", "Repurchase of Capital Stock": "0", "Free Cash Flow": "-7,039"}, "12/31/2018": {"Duration": "12/31/2018", "Operating Cash Flow": "-2,426", "Investing Cash Flow": "-107", "Financing Cash Flow": "-3,645", "End Cash Position": "27,171", "Income Tax Paid Supplemental Data": "1,467", "Interest Paid Supplemental Data": "-", "Capital Expenditure": "-148", "Issuance of Capital Stock": "-", "Issuance of Debt": "-", "Repayment of Debt": "-", "Repurchase of Capital Stock": "-3,660", "Free Cash Flow": "-2,574"}}}}, {"HNNA": {"quote": {"03/28/2021": {"value": "8.49", "Market Cap": "62.489M", "Beta (5Y Monthly)": "0.99", "PE Ratio (TTM)": "8.96", "EPS (TTM)": "0.95", "Earnings Date": "Feb 11, 2021", "Forward Dividend & Yield": "0.55 (6.43%)", "Ex-Dividend Date": "Feb 23, 2021", "1y Target Est": "N/A"}}, "fin": {"TTM": {"Duration": "TTM", "Total Revenue": "30,934", "Cost of Revenue": "15,453", "Gross Profit": "15,481", "Operating Expense": "5,484", "Operating Income": "9,997", "Net Non Operating Interest Income Expense": "-260", "Other Income Expense": "34", "Pretax Income": "9,771", "Tax Provision": "2,785", "Net Income Common Stockholders": "6,986", "Diluted NI Available to Com Stockholders": "6,986", "Basic EPS": "-", "Diluted EPS": "-", "Basic Average Shares": "-", "Diluted Average Shares": "-", "Total Operating Income as Reported": "9,997", "Total Expenses": "20,937", "Net Income from Continuing & Discontinued Operation": "6,986", "Normalized Income": "6,986", "Interest Expense": "260", "Net Interest Income": "-260", "EBIT": "10,031", "EBITDA": "10,279", "Reconciled Cost of Revenue": "15,453", "Reconciled Depreciation": "248", "Net Income from Continuing Operation Net Minority Interest": "6,986", "Normalized EBITDA": "10,279", "Tax Rate for Calcs": "0", "Tax Effect of Unusual Items": "0"}, "9/30/2020": {"Duration": "9/30/2020", "Total Revenue": "33,389", "Cost of Revenue": "16,393", "Gross Profit": "16,996", "Operating Expense": "5,677", "Operating Income": "11,319", "Net Non Operating Interest Income Expense": "-447", "Other Income Expense": "89", "Pretax Income": "10,961", "Tax Provision": "3,120", "Net Income Common Stockholders": "7,841", "Diluted NI Available to Com Stockholders": "7,841", "Basic EPS": "1.07", "Diluted EPS": "1.06", "Basic Average Shares": "7,352", "Diluted Average Shares": "7,379", "Total Operating Income as Reported": "11,319", "Total Expenses": "22,070", "Net Income from Continuing & Discontinued Operation": "7,841", "Normalized Income": "7,841", "Interest Expense": "447", "Net Interest Income": "-447", "EBIT": "11,408", "EBITDA": "-", "Reconciled Cost of Revenue": "16,393", "Reconciled Depreciation": "239", "Net Income from Continuing Operation Net Minority Interest": "7,841", "Normalized EBITDA": "11,647", "Tax Rate for Calcs": "0", "Tax Effect of Unusual Items": "0"}, "9/30/2019": {"Duration": "9/30/2019", "Total Revenue": "42,715", "Cost of Revenue": "20,161", "Gross Profit": "22,554", "Operating Expense": "6,533", "Operating Income": "16,021", "Net Non Operating Interest Income Expense": "-1,084", "Other Income Expense": "338", "Pretax Income": "15,275", "Tax Provision": "4,244", "Net Income Common Stockholders": "11,031", "Diluted NI Available to Com Stockholders": "11,031", "Basic EPS": "1.42", "Diluted EPS": "1.42", "Basic Average Shares": "7,758", "Diluted Average Shares": "7,772", "Total Operating Income as Reported": "16,021", "Total Expenses": "26,694", "Net Income from Continuing & Discontinued Operation": "11,031", "Normalized Income": "11,031", "Interest Expense": "1,084", "Net Interest Income": "-1,084", "EBIT": "16,359", "EBITDA": "-", "Reconciled Cost of Revenue": "20,161", "Reconciled Depreciation": "225", "Net Income from Continuing Operation Net Minority Interest": "11,031", "Normalized EBITDA": "16,584", "Tax Rate for Calcs": "0", "Tax Effect of Unusual Items": "0"}, "9/30/2018": {"Duration": "9/30/2018", "Total Revenue": "54,590", "Cost of Revenue": "23,496", "Gross Profit": "31,094", "Operating Expense": "6,619", "Operating Income": "24,475", "Net Non Operating Interest Income Expense": "-1,227", "Other Income Expense": "145", "Pretax Income": "23,393", "Tax Provision": "2,778", "Net Income Common Stockholders": "20,615", "Diluted NI Available to Com Stockholders": "20,615", "Basic EPS": "2.64", "Diluted EPS": "2.61", "Basic Average Shares": "7,808", "Diluted Average Shares": "7,891", "Total Operating Income as Reported": "24,475", "Total Expenses": "30,115", "Net Income from Continuing & Discontinued Operation": "20,615", "Normalized Income": "20,615", "Interest Expense": "1,227", "Net Interest Income": "-1,227", "EBIT": "24,620", "EBITDA": "-", "Reconciled Cost of Revenue": "23,496", "Reconciled Depreciation": "231", "Net Income from Continuing Operation Net Minority Interest": "20,615", "Normalized EBITDA": "24,851", "Tax Rate for Calcs": "0", "Tax Effect of Unusual Items": "0"}}, "bs": {"9/30/2020": {"Duration": "9/30/2020", "Total Assets": "94,786", "Total Liabilities Net Minority Interest": "16,608", "Total Equity Gross Minority Interest": "78,178", "Total Capitalization": "78,178", "Common Stock Equity": "78,178", "Capital Lease Obligations": "330", "Net Tangible Assets": "78,178", "Working Capital": "8,290", "Invested Capital": "78,178", "Tangible Book Value": "78,178", "Total Debt": "330", "Net Debt": "-", "Share Issued": "7,357", "Ordinary Shares Number": "7,357"}, "9/30/2019": {"Duration": "9/30/2019", "Total Assets": "110,208", "Total Liabilities Net Minority Interest": "34,680", "Total Equity Gross Minority Interest": "75,528", "Total Capitalization": "88,576", "Common Stock Equity": "75,528", "Capital Lease Obligations": "-", "Net Tangible Assets": "75,528", "Working Capital": "17,649", "Invested Capital": "92,903", "Tangible Book Value": "75,528", "Total Debt": "17,375", "Net Debt": "-", "Share Issued": "7,527", "Ordinary Shares Number": "7,527"}, "9/30/2018": {"Duration": "9/30/2018", "Total Assets": "109,480", "Total Liabilities Net Minority Interest": "38,500", "Total Equity Gross Minority Interest": "70,980", "Total Capitalization": "88,480", "Common Stock Equity": "70,980", "Capital Lease Obligations": "-", "Net Tangible Assets": "70,980", "Working Capital": "18,709", "Invested Capital": "92,708", "Tangible Book Value": "70,980", "Total Debt": "21,728", "Net Debt": "-", "Share Issued": "7,897", "Ordinary Shares Number": "7,897"}}, "cf": {"TTM": {"Duration": "TTM", "Operating Cash Flow": "10,389", "Investing Cash Flow": "-204", "Financing Cash Flow": "-22,686", "End Cash Position": "9,954", "Income Tax Paid Supplemental Data": "1,979", "Interest Paid Supplemental Data": "199", "Capital Expenditure": "-204", "Issuance of Capital Stock": "-10", "Issuance of Debt": "-", "Repayment of Debt": "-16,406", "Repurchase of Capital Stock": "-2,343", "Free Cash Flow": "10,185"}, "9/30/2020": {"Duration": "9/30/2020", "Operating Cash Flow": "10,623", "Investing Cash Flow": "-882", "Financing Cash Flow": "-24,473", "End Cash Position": "9,955", "Income Tax Paid Supplemental Data": "1,596", "Interest Paid Supplemental Data": "381", "Capital Expenditure": "-172", "Issuance of Capital Stock": "22", "Issuance of Debt": "-", "Repayment of Debt": "-17,500", "Repurchase of Capital Stock": "-3,028", "Free Cash Flow": "10,451"}, "9/30/2019": {"Duration": "9/30/2019", "Operating Cash Flow": "14,392", "Investing Cash Flow": "-1,974", "Financing Cash Flow": "-13,126", "End Cash Position": "24,687", "Income Tax Paid Supplemental Data": "3,085", "Interest Paid Supplemental Data": "999", "Capital Expenditure": "-204", "Issuance of Capital Stock": "20", "Issuance of Debt": "-", "Repayment of Debt": "-4,375", "Repurchase of Capital Stock": "-5,148", "Free Cash Flow": "14,188"}, "9/30/2018": {"Duration": "9/30/2018", "Operating Cash Flow": "21,531", "Investing Cash Flow": "-3,895", "Financing Cash Flow": "-7,941", "End Cash Position": "25,395", "Income Tax Paid Supplemental Data": "4,443", "Interest Paid Supplemental Data": "1,096", "Capital Expenditure": "-360", "Issuance of Capital Stock": "16", "Issuance of Debt": "-", "Repayment of Debt": "-4,375", "Repurchase of Capital Stock": "-660", "Free Cash Flow": "21,171"}}}}, {"ARGB": {"quote": {"03/28/2021": {"value": "15.00", "Net Assets": "N/A", "Beta (5Y Monthly)": "N/A", "Yield": "N/A", "5y Average Return": "N/A", "Holdings Turnover": "N/A", "Last Dividend": "N/A", "Average for Category": "N/A", "Inception Date": "N/A"}}, "fin": {}, "bs": {}, "cf": {}}}, {"BX": {"quote": {"03/28/2021": {"value": "74.31", "Market Cap": "52.309B", "Beta (5Y Monthly)": "1.30", "PE Ratio (TTM)": "49.54", "EPS (TTM)": "1.50", "Earnings Date": "Apr 21, 2021 - Apr 26, 2021", "Forward Dividend & Yield": "2.26 (3.04%)", "Ex-Dividend Date": "Feb 05, 2021", "1y Target Est": "74.97"}}, "fin": {"TTM": {"Duration": "TTM", "Total Revenue": "5,966,307", "Pretax Income": "2,617,520", "Tax Provision": "356,014", "Net Income Common Stockholders": "1,045,363", "Average Dilution Earnings": "0", "Diluted NI Available to Com Stockholders": "1,045,363", "Basic EPS": "-", "Diluted EPS": "-", "Basic Average Shares": "-", "Diluted Average Shares": "-", "Net Income from Continuing & Discontinued Operation": "1,045,363", "Normalized Income": "1,045,363", "Reconciled Depreciation": "71,053", "Net Income from Continuing Operation Net Minority Interest": "1,045,363", "Tax Rate for Calcs": "0", "Tax Effect of Unusual Items": "0"}, "12/31/2020": {"Duration": "12/31/2020", "Total Revenue": "5,966,307", "Pretax Income": "2,617,520", "Tax Provision": "356,014", "Net Income Common Stockholders": "1,045,363", "Average Dilution Earnings": "0", "Diluted NI Available to Com Stockholders": "1,045,363", "Basic EPS": "1.50", "Diluted EPS": "1.50", "Basic Average Shares": "696,934", "Diluted Average Shares": "697,258", "Net Income from Continuing & Discontinued Operation": "1,045,363", "Normalized Income": "1,045,363", "Reconciled Depreciation": "71,053", "Net Income from Continuing Operation Net Minority Interest": "1,045,363", "Tax Rate for Calcs": "0", "Tax Effect of Unusual Items": "0"}, "12/31/2019": {"Duration": "12/31/2019", "Total Revenue": "7,421,451", "Pretax Income": "3,818,015", "Tax Provision": "-47,952", "Net Income Common Stockholders": "2,049,682", "Average Dilution Earnings": "-", "Diluted NI Available to Com Stockholders": "2,049,682", "Basic EPS": "3.03", "Diluted EPS": "3.03", "Basic Average Shares": "675,900", "Diluted Average Shares": "676,168", "Net Income from Continuing & Discontinued Operation": "2,049,682", "Normalized Income": "2,049,682", "Reconciled Depreciation": "70,999", "Net Income from Continuing Operation Net Minority Interest": "2,049,682", "Tax Rate for Calcs": "0", "Tax Effect of Unusual Items": "0"}, "12/31/2018": {"Duration": "12/31/2018", "Total Revenue": "6,860,991", "Pretax Income": "3,512,941", "Tax Provision": "249,390", "Net Income Common Stockholders": "1,541,788", "Average Dilution Earnings": "-", "Diluted NI Available to Com Stockholders": "1,541,788", "Basic EPS": "2.27", "Diluted EPS": "2.26", "Basic Average Shares": "678,850", "Diluted Average Shares": "1,206,963", "Net Income from Continuing & Discontinued Operation": "1,541,788", "Normalized Income": "1,541,788", "Reconciled Depreciation": "59,021", "Net Income from Continuing Operation Net Minority Interest": "1,541,788", "Tax Rate for Calcs": "0", "Tax Effect of Unusual Items": "0"}}, "bs": {"12/31/2020": {"Duration": "12/31/2020", "Total Assets": "26,269,252", "Total Liabilities Net Minority Interest": "11,743,904", "Total Equity Gross Minority Interest": "14,525,348", "Total Capitalization": "12,373,504", "Common Stock Equity": "6,652,043", "Net Tangible Assets": "4,402,603", "Invested Capital": "12,373,504", "Tangible Book Value": "4,402,603", "Total Debt": "6,342,305", "Net Debt": "3,721,977", "Share Issued": "703,960", "Ordinary Shares Number": "703,960"}, "12/31/2019": {"Duration": "12/31/2019", "Total Assets": "32,585,506", "Total Liabilities Net Minority Interest": "17,570,105", "Total Equity Gross Minority Interest": "15,015,401", "Total Capitalization": "18,244,625", "Common Stock Equity": "7,009,784", "Net Tangible Assets": "4,742,416", "Invested Capital": "18,244,625", "Tangible Book Value": "4,742,416", "Total Debt": "11,777,835", "Net Debt": "9,062,400", "Share Issued": "680,457", "Ordinary Shares Number": "680,457"}, "12/31/2018": {"Duration": "12/31/2018", "Total Assets": "28,924,650", "Total Liabilities Net Minority Interest": "15,312,343", "Total Equity Gross Minority Interest": "13,612,307", "Total Capitalization": "16,553,288", "Common Stock Equity": "6,379,224", "Net Tangible Assets": "4,040,857", "Invested Capital": "16,553,288", "Tangible Book Value": "4,040,857", "Total Debt": "10,174,064", "Net Debt": "7,966,223", "Share Issued": "663,213", "Ordinary Shares Number": "663,213"}}, "cf": {"TTM": {"Duration": "TTM", "Operating Cash Flow": "1,935,945", "Investing Cash Flow": "-166,820", "Financing Cash Flow": "-2,244,036", "End Cash Position": "2,064,456", "Capital Expenditure": "-111,650", "Issuance of Debt": "888,636", "Repayment of Debt": "-1,889", "Repurchase of Capital Stock": "-504,912", "Free Cash Flow": "1,824,295"}, "12/31/2020": {"Duration": "12/31/2020", "Operating Cash Flow": "1,935,945", "Investing Cash Flow": "-166,820", "Financing Cash Flow": "-2,244,036", "End Cash Position": "2,064,456", "Capital Expenditure": "-111,650", "Issuance of Debt": "888,636", "Repayment of Debt": "-1,889", "Repurchase of Capital Stock": "-504,912", "Free Cash Flow": "1,824,295"}, "12/31/2019": {"Duration": "12/31/2019", "Operating Cash Flow": "1,963,107", "Investing Cash Flow": "-60,280", "Financing Cash Flow": "-1,921,379", "End Cash Position": "2,523,651", "Capital Expenditure": "-60,280", "Issuance of Debt": "1,549,732", "Repayment of Debt": "-403,401", "Repurchase of Capital Stock": "-585,340", "Free Cash Flow": "1,902,827"}, "12/31/2018": {"Duration": "12/31/2018", "Operating Cash Flow": "45,742", "Investing Cash Flow": "-116,596", "Financing Cash Flow": "-1,330,186", "End Cash Position": "2,545,161", "Capital Expenditure": "-18,377", "Issuance of Debt": "3,218,399", "Repayment of Debt": "-1,009,354", "Repurchase of Capital Stock": "-567,161", "Free Cash Flow": "27,365"}}}}, {"BLK": {"quote": {"03/28/2021": {"value": "756.90", "Market Cap": "115.529B", "Beta (5Y Monthly)": "1.16", "PE Ratio (TTM)": "23.76", "EPS (TTM)": "31.85", "Earnings Date": "Apr 14, 2021 - Apr 19, 2021", "Forward Dividend & Yield": "16.52 (2.18%)", "Ex-Dividend Date": "Mar 04, 2021", "1y Target Est": "840.57"}}, "fin": {"TTM": {"Duration": "TTM", "Total Revenue": "16,205,000", "Cost of Revenue": "7,939,000", "Gross Profit": "8,266,000", "Operating Expense": "1,953,000", "Operating Income": "6,313,000", "Net Non Operating Interest Income Expense": "-143,000", "Other Income Expense": "354,000", "Pretax Income": "6,524,000", "Tax Provision": "1,238,000", "Net Income Common Stockholders": "4,932,000", "Diluted NI Available to Com Stockholders": "4,932,000", "Basic EPS": "-", "Diluted EPS": "-", "Basic Average Shares": "-", "Diluted Average Shares": "-", "Total Operating Income as Reported": "5,695,000", "Rent Expense Supplemental": "319,000", "Total Expenses": "9,892,000", "Net Income from Continuing & Discontinued Operation": "4,932,000", "Normalized Income": "4,649,154", "Interest Income": "62,000", "Interest Expense": "205,000", "Net Interest Income": "-143,000", "EBIT": "6,729,000", "EBITDA": "7,087,000", "Reconciled Cost of Revenue": "7,687,000", "Reconciled Depreciation": "358,000", "Net Income from Continuing Operation Net Minority Interest": "4,932,000", "Total Unusual Items Excluding Goodwill": "354,000", "Total Unusual Items": "354,000", "Normalized EBITDA": "6,733,000", "Tax Rate for Calcs": "0", "Tax Effect of Unusual Items": "71,154"}, "12/31/2020": {"Duration": "12/31/2020", "Total Revenue": "16,205,000", "Cost of Revenue": "7,939,000", "Gross Profit": "8,266,000", "Operating Expense": "1,953,000", "Operating Income": "6,313,000", "Net Non Operating Interest Income Expense": "-143,000", "Other Income Expense": "354,000", "Pretax Income": "6,524,000", "Tax Provision": "1,238,000", "Net Income Common Stockholders": "4,932,000", "Diluted NI Available to Com Stockholders": "4,932,000", "Basic EPS": "-", "Diluted EPS": "-", "Basic Average Shares": "-", "Diluted Average Shares": "-", "Total Operating Income as Reported": "5,695,000", "Rent Expense Supplemental": "319,000", "Total Expenses": "9,892,000", "Net Income from Continuing & Discontinued Operation": "4,932,000", "Normalized Income": "4,649,154", "Interest Income": "62,000", "Interest Expense": "205,000", "Net Interest Income": "-143,000", "EBIT": "6,729,000", "EBITDA": "-", "Reconciled Cost of Revenue": "7,687,000", "Reconciled Depreciation": "358,000", "Net Income from Continuing Operation Net Minority Interest": "4,932,000", "Total Unusual Items Excluding Goodwill": "354,000", "Total Unusual Items": "354,000", "Normalized EBITDA": "6,733,000", "Tax Rate for Calcs": "0", "Tax Effect of Unusual Items": "71,154"}, "12/31/2019": {"Duration": "12/31/2019", "Total Revenue": "14,539,000", "Cost of Revenue": "7,133,000", "Gross Profit": "7,406,000", "Operating Expense": "1,771,000", "Operating Income": "5,635,000", "Net Non Operating Interest Income Expense": "-106,000", "Other Income Expense": "258,000", "Pretax Income": "5,787,000", "Tax Provision": "1,261,000", "Net Income Common Stockholders": "4,476,000", "Diluted NI Available to Com Stockholders": "4,476,000", "Basic EPS": "28.69", "Diluted EPS": "28.43", "Basic Average Shares": "156,014", "Diluted Average Shares": "157,460", "Total Operating Income as Reported": "5,551,000", "Rent Expense Supplemental": "307,000", "Total Expenses": "8,904,000", "Net Income from Continuing & Discontinued Operation": "4,476,000", "Normalized Income": "4,274,760", "Interest Income": "97,000", "Interest Expense": "203,000", "Net Interest Income": "-106,000", "EBIT": "5,990,000", "EBITDA": "-", "Reconciled Cost of Revenue": "6,825,000", "Reconciled Depreciation": "405,000", "Net Income from Continuing Operation Net Minority Interest": "4,476,000", "Total Unusual Items Excluding Goodwill": "258,000", "Total Unusual Items": "258,000", "Normalized EBITDA": "6,137,000", "Tax Rate for Calcs": "0", "Tax Effect of Unusual Items": "56,760"}, "12/31/2018": {"Duration": "12/31/2018", "Total Revenue": "14,198,000", "Cost of Revenue": "6,993,000", "Gross Profit": "7,205,000", "Operating Expense": "1,607,000", "Operating Income": "5,598,000", "Net Non Operating Interest Income Expense": "-80,000", "Other Income Expense": "-140,000", "Pretax Income": "5,378,000", "Tax Provision": "1,076,000", "Net Income Common Stockholders": "4,305,000", "Diluted NI Available to Com Stockholders": "4,305,000", "Basic EPS": "26.86", "Diluted EPS": "26.58", "Basic Average Shares": "160,301", "Diluted Average Shares": "161,949", "Total Operating Income as Reported": "5,457,000", "Rent Expense Supplemental": "293,000", "Total Expenses": "8,600,000", "Net Income from Continuing & Discontinued Operation": "4,305,000", "Normalized Income": "4,417,000", "Interest Income": "104,000", "Interest Expense": "184,000", "Net Interest Income": "-80,000", "EBIT": "5,562,000", "EBITDA": "-", "Reconciled Cost of Revenue": "6,823,000", "Reconciled Depreciation": "220,000", "Net Income from Continuing Operation Net Minority Interest": "4,305,000", "Total Unusual Items Excluding Goodwill": "-140,000", "Total Unusual Items": "-140,000", "Normalized EBITDA": "5,922,000", "Tax Rate for Calcs": "0", "Tax Effect of Unusual Items": "-28,000"}}, "bs": {"12/31/2020": {"Duration": "12/31/2020", "Total Assets": "176,982,000", "Total Liabilities Net Minority Interest": "141,648,000", "Total Equity Gross Minority Interest": "35,334,000", "Total Capitalization": "42,547,000", "Common Stock Equity": "35,283,000", "Net Tangible Assets": "2,469,000", "Working Capital": "11,171,000", "Invested Capital": "42,547,000", "Tangible Book Value": "2,469,000", "Total Debt": "7,264,000", "Net Debt": "-", "Share Issued": "172,075", "Ordinary Shares Number": "152,533", "Treasury Shares Number": "19,542"}, "12/31/2019": {"Duration": "12/31/2019", "Total Assets": "168,622,000", "Total Liabilities Net Minority Interest": "135,009,000", "Total Equity Gross Minority Interest": "33,613,000", "Total Capitalization": "38,502,000", "Common Stock Equity": "33,547,000", "Net Tangible Assets": "616,000", "Working Capital": "6,841,000", "Invested Capital": "38,502,000", "Tangible Book Value": "616,000", "Total Debt": "4,955,000", "Net Debt": "126,000", "Share Issued": "172,075", "Ordinary Shares Number": "155,199", "Treasury Shares Number": "16,876"}, "12/31/2018": {"Duration": "12/31/2018", "Total Assets": "159,573,000", "Total Liabilities Net Minority Interest": "127,140,000", "Total Equity Gross Minority Interest": "32,433,000", "Total Capitalization": "37,437,000", "Common Stock Equity": "32,374,000", "Net Tangible Assets": "1,009,000", "Working Capital": "7,853,000", "Invested Capital": "37,437,000", "Tangible Book Value": "1,009,000", "Total Debt": "5,063,000", "Net Debt": "-", "Share Issued": "172,219", "Ordinary Shares Number": "158,520", "Treasury Shares Number": "13,699"}}, "cf": {"TTM": {"Duration": "TTM", "Operating Cash Flow": "3,743,000", "Investing Cash Flow": "-254,000", "Financing Cash Flow": "244,000", "End Cash Position": "8,681,000", "Income Tax Paid Supplemental Data": "1,308,000", "Interest Paid Supplemental Data": "183,000", "Capital Expenditure": "-194,000", "Issuance of Debt": "2,296,000", "Repayment of Debt": "0", "Repurchase of Capital Stock": "-1,809,000", "Free Cash Flow": "3,549,000"}, "12/31/2020": {"Duration": "12/31/2020", "Operating Cash Flow": "3,743,000", "Investing Cash Flow": "-254,000", "Financing Cash Flow": "244,000", "End Cash Position": "8,681,000", "Income Tax Paid Supplemental Data": "1,308,000", "Interest Paid Supplemental Data": "183,000", "Capital Expenditure": "-194,000", "Issuance of Debt": "2,296,000", "Repayment of Debt": "0", "Repurchase of Capital Stock": "-1,809,000", "Free Cash Flow": "3,549,000"}, "12/31/2019": {"Duration": "12/31/2019", "Operating Cash Flow": "2,884,000", "Investing Cash Flow": "-2,014,000", "Financing Cash Flow": "-2,583,000", "End Cash Position": "4,846,000", "Income Tax Paid Supplemental Data": "1,168,000", "Interest Paid Supplemental Data": "193,000", "Capital Expenditure": "-254,000", "Issuance of Debt": "1,103,000", "Repayment of Debt": "-1,000,000", "Repurchase of Capital Stock": "-1,911,000", "Free Cash Flow": "2,630,000"}, "12/31/2018": {"Duration": "12/31/2018", "Operating Cash Flow": "3,075,000", "Investing Cash Flow": "-808,000", "Financing Cash Flow": "-2,765,000", "End Cash Position": "6,505,000", "Income Tax Paid Supplemental Data": "1,159,000", "Interest Paid Supplemental Data": "177,000", "Capital Expenditure": "-204,000", "Issuance of Debt": "40,000", "Repayment of Debt": "0", "Repurchase of Capital Stock": "-2,087,000", "Free Cash Flow": "2,871,000"}}}}, {"BK": {"quote": {"03/28/2021": {"value": "47.49", "Market Cap": "41.646B", "Beta (5Y Monthly)": "1.04", "PE Ratio (TTM)": "12.40", "EPS (TTM)": "3.83", "Earnings Date": "Apr 16, 2021", "Forward Dividend & Yield": "1.24 (2.61%)", "Ex-Dividend Date": "Jan 29, 2021", "1y Target Est": "49.75"}}, "fin": {"TTM": {"Duration": "TTM", "Total Revenue": "14,837,000", "Credit Losses Provision": "-336,000", "Non Interest Expense": "10,118,000", "Income from Associates & Other Participating Interests": "85,000", "Special Income Charges": "-", "Pretax Income": "4,468,000", "Tax Provision": "842,000", "Net Income Common Stockholders": "3,417,000", "Diluted NI Available to Com Stockholders": "3,417,000", "Basic EPS": "-", "Diluted EPS": "-", "Basic Average Shares": "-", "Diluted Average Shares": "-", "INTEREST_INCOME_AFTER_PROVISION_FOR_LOAN_LOSS": "2,641,000", "Net Income from Continuing & Discontinued Operation": "3,617,000", "Normalized Income": "3,647,856", "Total Money Market Investments": "744,000", "Reconciled Depreciation": "1,630,000", "Net Income from Continuing Operation Net Minority Interest": "3,617,000", "Total Unusual Items Excluding Goodwill": "-38,000", "Total Unusual Items": "-38,000", "Tax Rate for Calcs": "0", "Tax Effect of Unusual Items": "-7,144"}, "12/31/2020": {"Duration": "12/31/2020", "Total Revenue": "15,506,000", "Credit Losses Provision": "-336,000", "Non Interest Expense": "10,702,000", "Income from Associates & Other Participating Interests": "85,000", "Special Income Charges": "-", "Pretax Income": "4,468,000", "Tax Provision": "842,000", "Net Income Common Stockholders": "3,417,000", "Diluted NI Available to Com Stockholders": "3,417,000", "Basic EPS": "-", "Diluted EPS": "-", "Basic Average Shares": "-", "Diluted Average Shares": "-", "INTEREST_INCOME_AFTER_PROVISION_FOR_LOAN_LOSS": "2,641,000", "Net Income from Continuing & Discontinued Operation": "3,617,000", "Normalized Income": "3,617,000", "Total Money Market Investments": "744,000", "Reconciled Depreciation": "1,630,000", "Net Income from Continuing Operation Net Minority Interest": "3,617,000", "Total Unusual Items Excluding Goodwill": "-38,000", "Total Unusual Items": "-38,000", "Tax Rate for Calcs": "0", "Tax Effect of Unusual Items": "0"}, "12/31/2019": {"Duration": "12/31/2019", "Total Revenue": "16,170,000", "Credit Losses Provision": "25,000", "Non Interest Expense": "10,608,000", "Income from Associates & Other Participating Interests": "79,000", "Special Income Charges": "-", "Pretax Income": "5,587,000", "Tax Provision": "1,120,000", "Net Income Common Stockholders": "4,254,000", "Diluted NI Available to Com Stockholders": "4,254,000", "Basic EPS": "4.53", "Diluted EPS": "4.51", "Basic Average Shares": "939,623", "Diluted Average Shares": "943,109", "INTEREST_INCOME_AFTER_PROVISION_FOR_LOAN_LOSS": "3,213,000", "Net Income from Continuing & Discontinued Operation": "4,441,000", "Normalized Income": "4,441,000", "Total Money Market Investments": "2,867,000", "Reconciled Depreciation": "1,315,000", "Net Income from Continuing Operation Net Minority Interest": "4,441,000", "Total Unusual Items Excluding Goodwill": "819,000", "Total Unusual Items": "819,000", "Tax Rate for Calcs": "0", "Tax Effect of Unusual Items": "0"}, "12/31/2018": {"Duration": "12/31/2018", "Total Revenue": "16,040,000", "Credit Losses Provision": "11,000", "Non Interest Expense": "10,859,000", "Income from Associates & Other Participating Interests": "71,000", "Special Income Charges": "-", "Pretax Income": "5,192,000", "Tax Provision": "938,000", "Net Income Common Stockholders": "4,070,000", "Diluted NI Available to Com Stockholders": "4,070,000", "Basic EPS": "3.74", "Diluted EPS": "3.72", "Basic Average Shares": "1,034,281", "Diluted Average Shares": "1,040,290", "INTEREST_INCOME_AFTER_PROVISION_FOR_LOAN_LOSS": "3,622,000", "Net Income from Continuing & Discontinued Operation": "4,266,000", "Normalized Income": "4,266,000", "Total Money Market Investments": "1,866,000", "Reconciled Depreciation": "1,339,000", "Net Income from Continuing Operation Net Minority Interest": "4,266,000", "Total Unusual Items Excluding Goodwill": "70,000", "Total Unusual Items": "70,000", "Tax Rate for Calcs": "0", "Tax Effect of Unusual Items": "0"}}, "cf": {"TTM": {"Duration": "TTM", "Operating Cash Flow": "5,038,000", "Investing Cash Flow": "-78,455,000", "Financing Cash Flow": "75,508,000", "End Cash Position": "9,419,000", "Income Tax Paid Supplemental Data": "1,341,000", "Interest Paid Supplemental Data": "1,236,000", "Capital Expenditure": "-1,222,000", "Issuance of Capital Stock": "1,579,000", "Issuance of Debt": "2,993,000", "Repayment of Debt": "-5,200,000", "Repurchase of Capital Stock": "-1,572,000", "Free Cash Flow": "3,816,000"}, "12/31/2020": {"Duration": "12/31/2020", "Operating Cash Flow": "5,038,000", "Investing Cash Flow": "-78,455,000", "Financing Cash Flow": "75,508,000", "End Cash Position": "9,419,000", "Income Tax Paid Supplemental Data": "1,341,000", "Interest Paid Supplemental Data": "1,236,000", "Capital Expenditure": "-1,222,000", "Issuance of Capital Stock": "1,579,000", "Issuance of Debt": "2,993,000", "Repayment of Debt": "-5,200,000", "Repurchase of Capital Stock": "-1,572,000", "Free Cash Flow": "3,816,000"}, "12/31/2019": {"Duration": "12/31/2019", "Operating Cash Flow": "96,000", "Investing Cash Flow": "-10,548,000", "Financing Cash Flow": "9,459,000", "End Cash Position": "7,267,000", "Income Tax Paid Supplemental Data": "989,000", "Interest Paid Supplemental Data": "4,400,000", "Capital Expenditure": "-1,210,000", "Issuance of Capital Stock": "21,000", "Issuance of Debt": "2,993,000", "Repayment of Debt": "-5,250,000", "Repurchase of Capital Stock": "-3,327,000", "Free Cash Flow": "-1,114,000"}, "12/31/2018": {"Duration": "12/31/2018", "Operating Cash Flow": "5,996,000", "Investing Cash Flow": "3,299,000", "Financing Cash Flow": "-8,098,000", "End Cash Position": "8,258,000", "Income Tax Paid Supplemental Data": "983,000", "Interest Paid Supplemental Data": "2,711,000", "Capital Expenditure": "-1,108,000", "Issuance of Capital Stock": "40,000", "Issuance of Debt": "5,143,000", "Repayment of Debt": "-3,650,000", "Repurchase of Capital Stock": "-3,269,000", "Free Cash Flow": "4,888,000"}}}}, {"BEN": {"quote": {"03/28/2021": {"value": "29.40", "Market Cap": "14.859B", "Beta (5Y Monthly)": "1.29", "PE Ratio (TTM)": "18.87", "EPS (TTM)": "1.56", "Earnings Date": "Apr 28, 2021 - May 03, 2021", "Forward Dividend & Yield": "1.12 (3.81%)", "Ex-Dividend Date": "Mar 30, 2021", "1y Target Est": "25.62"}}, "fin": {"TTM": {"Duration": "TTM", "Total Revenue": "6,172,400", "Cost of Revenue": "3,975,700", "Gross Profit": "2,196,700", "Operating Expense": "1,111,600", "Operating Income": "1,085,100", "Net Non Operating Interest Income Expense": "-45,500", "Other Income Expense": "70,000", "Pretax Income": "1,109,600", "Tax Provision": "275,800", "Net Income Common Stockholders": "768,000", "Diluted NI Available to Com Stockholders": "768,000", "Basic EPS": "-", "Diluted EPS": "-", "Basic Average Shares": "-", "Diluted Average Shares": "-", "Total Operating Income as Reported": "1,085,100", "Rent Expense Supplemental": "169,100", "Total Expenses": "5,087,300", "Net Income from Continuing & Discontinued Operation": "793,700", "Normalized Income": "662,949", "Interest Income": "11,500", "Interest Expense": "57,000", "Net Interest Income": "-45,500", "EBIT": "1,166,600", "EBITDA": "1,348,300", "Reconciled Cost of Revenue": "3,901,400", "Reconciled Depreciation": "181,700", "Net Income from Continuing Operation Net Minority Interest": "793,700", "Total Unusual Items Excluding Goodwill": "174,000", "Total Unusual Items": "174,000", "Normalized EBITDA": "1,174,300", "Tax Rate for Calcs": "0", "Tax Effect of Unusual Items": "43,249"}, "9/30/2020": {"Duration": "9/30/2020", "Total Revenue": "5,566,500", "Cost of Revenue": "3,577,000", "Gross Profit": "1,989,500", "Operating Expense": "940,600", "Operating Income": "1,048,900", "Net Non Operating Interest Income Expense": "-19,100", "Other Income Expense": "-11,900", "Pretax Income": "1,017,900", "Tax Provision": "230,800", "Net Income Common Stockholders": "783,600", "Diluted NI Available to Com Stockholders": "783,600", "Basic EPS": "1.59", "Diluted EPS": "1.59", "Basic Average Shares": "491,900", "Diluted Average Shares": "492,400", "Total Operating Income as Reported": "1,048,900", "Rent Expense Supplemental": "147,900", "Total Expenses": "4,517,600", "Net Income from Continuing & Discontinued Operation": "798,900", "Normalized Income": "732,731", "Interest Income": "14,300", "Interest Expense": "33,400", "Net Interest Income": "-19,100", "EBIT": "1,051,300", "EBITDA": "-", "Reconciled Cost of Revenue": "3,502,500", "Reconciled Depreciation": "128,500", "Net Income from Continuing Operation Net Minority Interest": "798,900", "Total Unusual Items Excluding Goodwill": "85,600", "Total Unusual Items": "85,600", "Normalized EBITDA": "1,094,200", "Tax Rate for Calcs": "0", "Tax Effect of Unusual Items": "19,431"}, "9/30/2019": {"Duration": "9/30/2019", "Total Revenue": "5,774,500", "Cost of Revenue": "3,404,300", "Gross Profit": "2,370,200", "Operating Expense": "812,800", "Operating Income": "1,557,400", "Net Non Operating Interest Income Expense": "6,300", "Other Income Expense": "84,100", "Pretax Income": "1,647,800", "Tax Provision": "442,300", "Net Income Common Stockholders": "1,184,800", "Diluted NI Available to Com Stockholders": "1,184,800", "Basic EPS": "2.35", "Diluted EPS": "2.35", "Basic Average Shares": "503,600", "Diluted Average Shares": "504,300", "Total Operating Income as Reported": "1,557,400", "Rent Expense Supplemental": "133,600", "Total Expenses": "4,217,100", "Net Income from Continuing & Discontinued Operation": "1,195,700", "Normalized Income": "1,141,020", "Interest Income": "31,000", "Interest Expense": "24,700", "Net Interest Income": "6,300", "EBIT": "1,672,500", "EBITDA": "-", "Reconciled Cost of Revenue": "3,404,300", "Reconciled Depreciation": "93,400", "Net Income from Continuing Operation Net Minority Interest": "1,195,700", "Total Unusual Items Excluding Goodwill": "74,700", "Total Unusual Items": "74,700", "Normalized EBITDA": "1,691,200", "Tax Rate for Calcs": "0", "Tax Effect of Unusual Items": "20,020"}, "9/30/2018": {"Duration": "9/30/2018", "Total Revenue": "6,319,100", "Cost of Revenue": "3,430,300", "Gross Profit": "2,888,800", "Operating Expense": "770,200", "Operating Income": "2,118,600", "Net Non Operating Interest Income Expense": "27,800", "Other Income Expense": "68,800", "Pretax Income": "2,215,200", "Tax Provision": "1,472,500", "Net Income Common Stockholders": "746,800", "Diluted NI Available to Com Stockholders": "746,800", "Basic EPS": "1.39", "Diluted EPS": "1.39", "Basic Average Shares": "537,400", "Diluted Average Shares": "538,000", "Total Operating Income as Reported": "2,118,600", "Rent Expense Supplemental": "128,600", "Total Expenses": "4,200,500", "Net Income from Continuing & Discontinued Operation": "764,400", "Normalized Income": "758,195", "Interest Income": "76,500", "Interest Expense": "48,700", "Net Interest Income": "27,800", "EBIT": "2,263,900", "EBITDA": "-", "Reconciled Cost of Revenue": "3,430,300", "Reconciled Depreciation": "76,400", "Net Income from Continuing Operation Net Minority Interest": "764,400", "Total Unusual Items Excluding Goodwill": "8,500", "Total Unusual Items": "8,500", "Normalized EBITDA": "2,331,800", "Tax Rate for Calcs": "0", "Tax Effect of Unusual Items": "2,295"}}, "bs": {"9/30/2020": {"Duration": "9/30/2020", "Total Assets": "20,220,900", "Total Liabilities Net Minority Interest": "9,247,100", "Total Equity Gross Minority Interest": "10,973,800", "Total Capitalization": "14,465,000", "Common Stock Equity": "10,114,500", "Capital Lease Obligations": "621,000", "Net Tangible Assets": "699,500", "Working Capital": "3,517,800", "Invested Capital": "14,465,000", "Tangible Book Value": "699,500", "Total Debt": "4,971,500", "Net Debt": "393,000", "Share Issued": "495,117", "Ordinary Shares Number": "495,117"}, "9/30/2019": {"Duration": "9/30/2019", "Total Assets": "14,532,200", "Total Liabilities Net Minority Interest": "3,908,000", "Total Equity Gross Minority Interest": "10,624,200", "Total Capitalization": "10,654,200", "Common Stock Equity": "9,906,500", "Capital Lease Obligations": "-", "Net Tangible Assets": "6,912,000", "Working Capital": "5,530,100", "Invested Capital": "10,654,200", "Tangible Book Value": "6,912,000", "Total Debt": "747,700", "Net Debt": "-", "Share Issued": "499,303", "Ordinary Shares Number": "499,303"}, "9/30/2018": {"Duration": "9/30/2018", "Total Assets": "14,383,500", "Total Liabilities Net Minority Interest": "4,175,600", "Total Equity Gross Minority Interest": "10,207,900", "Total Capitalization": "10,627,700", "Common Stock Equity": "9,899,200", "Capital Lease Obligations": "-", "Net Tangible Assets": "7,565,800", "Working Capital": "6,369,100", "Invested Capital": "10,627,700", "Tangible Book Value": "7,565,800", "Total Debt": "728,500", "Net Debt": "-", "Share Issued": "519,123", "Ordinary Shares Number": "519,123"}}, "cf": {"TTM": {"Duration": "TTM", "Operating Cash Flow": "1,279,700", "Investing Cash Flow": "-3,735,300", "Financing Cash Flow": "869,600", "End Cash Position": "4,390,300", "Income Tax Paid Supplemental Data": "361,500", "Interest Paid Supplemental Data": "42,600", "Capital Expenditure": "-91,600", "Issuance of Capital Stock": "-", "Issuance of Debt": "1,338,800", "Repayment of Debt": "-", "Repurchase of Capital Stock": "-141,900", "Free Cash Flow": "1,188,100"}, "9/30/2020": {"Duration": "9/30/2020", "Operating Cash Flow": "1,021,400", "Investing Cash Flow": "-3,243,100", "Financing Cash Flow": "194,200", "End Cash Position": "3,957,500", "Income Tax Paid Supplemental Data": "359,400", "Interest Paid Supplemental Data": "28,800", "Capital Expenditure": "-103,700", "Issuance of Capital Stock": "20,600", "Issuance of Debt": "635,400", "Repayment of Debt": "-141,300", "Repurchase of Capital Stock": "-218,200", "Free Cash Flow": "917,700"}, "9/30/2019": {"Duration": "9/30/2019", "Operating Cash Flow": "201,600", "Investing Cash Flow": "-1,077,100", "Financing Cash Flow": "-40,500", "End Cash Position": "5,957,600", "Income Tax Paid Supplemental Data": "520,800", "Interest Paid Supplemental Data": "29,700", "Capital Expenditure": "-233,700", "Issuance of Capital Stock": "23,300", "Issuance of Debt": "21,600", "Repayment of Debt": "-3,500", "Repurchase of Capital Stock": "-754,500", "Free Cash Flow": "-32,100"}, "9/30/2018": {"Duration": "9/30/2018", "Operating Cash Flow": "2,229,700", "Investing Cash Flow": "-290,400", "Financing Cash Flow": "-3,761,700", "End Cash Position": "6,910,600", "Income Tax Paid Supplemental Data": "523,500", "Interest Paid Supplemental Data": "41,200", "Capital Expenditure": "-106,500", "Issuance of Capital Stock": "24,800", "Issuance of Debt": "0", "Repayment of Debt": "-382,900", "Repurchase of Capital Stock": "-1,424,800", "Free Cash Flow": "2,123,200"}}}}, {"RILY": {"quote": {"03/28/2021": {"value": "54.46", "Market Cap": "1.481B", "Beta (5Y Monthly)": "1.31", "PE Ratio (TTM)": "7.20", "EPS (TTM)": "7.56", "Earnings Date": "Mar 23, 2021", "Forward Dividend & Yield": "1.43 (2.62%)", "Ex-Dividend Date": "Mar 09, 2021", "1y Target Est": "1.50"}}, "fin": {"TTM": {"Duration": "TTM", "Total Revenue": "902,721", "Cost of Revenue": "115,362", "Gross Profit": "787,359", "Operating Expense": "428,537", "Operating Income": "358,822", "Net Non Operating Interest Income Expense": "-64,685", "Other Income Expense": "-14,680", "Pretax Income": "279,457", "Tax Provision": "75,440", "Net Income Common Stockholders": "200,438", "Diluted NI Available to Com Stockholders": "200,438", "Basic EPS": "-", "Diluted EPS": "-", "Basic Average Shares": "-", "Diluted Average Shares": "-", "Total Operating Income as Reported": "344,765", "Total Expenses": "543,899", "Net Income from Continuing & Discontinued Operation": "205,148", "Normalized Income": "215,410", "Interest Income": "564", "Interest Expense": "65,249", "Net Interest Income": "-64,685", "EBIT": "344,706", "EBITDA": "364,075", "Reconciled Cost of Revenue": "115,362", "Reconciled Depreciation": "19,369", "Net Income from Continuing Operation Net Minority Interest": "205,148", "Total Unusual Items Excluding Goodwill": "-14,057", "Total Unusual Items": "-14,057", "Normalized EBITDA": "378,132", "Tax Rate for Calcs": "0", "Tax Effect of Unusual Items": "-3,795"}, "12/31/2020": {"Duration": "12/31/2020", "Total Revenue": "902,721", "Cost of Revenue": "115,362", "Gross Profit": "787,359", "Operating Expense": "428,537", "Operating Income": "358,822", "Net Non Operating Interest Income Expense": "-64,685", "Other Income Expense": "-14,680", "Pretax Income": "279,457", "Tax Provision": "75,440", "Net Income Common Stockholders": "200,438", "Diluted NI Available to Com Stockholders": "200,438", "Basic EPS": "-", "Diluted EPS": "-", "Basic Average Shares": "-", "Diluted Average Shares": "-", "Total Operating Income as Reported": "344,765", "Total Expenses": "543,899", "Net Income from Continuing & Discontinued Operation": "205,148", "Normalized Income": "215,410", "Interest Income": "564", "Interest Expense": "65,249", "Net Interest Income": "-64,685", "EBIT": "344,706", "EBITDA": "-", "Reconciled Cost of Revenue": "115,362", "Reconciled Depreciation": "19,369", "Net Income from Continuing Operation Net Minority Interest": "205,148", "Total Unusual Items Excluding Goodwill": "-14,057", "Total Unusual Items": "-14,057", "Normalized EBITDA": "378,132", "Tax Rate for Calcs": "0", "Tax Effect of Unusual Items": "-3,795"}, "12/31/2019": {"Duration": "12/31/2019", "Total Revenue": "652,112", "Cost of Revenue": "98,543", "Gross Profit": "553,569", "Operating Expense": "385,219", "Operating Income": "168,350", "Net Non Operating Interest Income Expense": "-48,628", "Other Income Expense": "-3,130", "Pretax Income": "116,592", "Tax Provision": "34,644", "Net Income Common Stockholders": "81,347", "Diluted NI Available to Com Stockholders": "81,347", "Basic EPS": "3.08", "Diluted EPS": "2.95", "Basic Average Shares": "26,401", "Diluted Average Shares": "27,529", "Total Operating Income as Reported": "166,651", "Total Expenses": "483,762", "Net Income from Continuing & Discontinued Operation": "81,611", "Normalized Income": "82,805", "Interest Income": "1,577", "Interest Expense": "50,205", "Net Interest Income": "-48,628", "EBIT": "166,797", "EBITDA": "-", "Reconciled Cost of Revenue": "98,543", "Reconciled Depreciation": "19,048", "Net Income from Continuing Operation Net Minority Interest": "81,611", "Total Unusual Items Excluding Goodwill": "-1,699", "Total Unusual Items": "-1,699", "Normalized EBITDA": "187,544", "Tax Rate for Calcs": "0", "Tax Effect of Unusual Items": "-504.603"}, "12/31/2018": {"Duration": "12/31/2018", "Total Revenue": "422,991", "Cost of Revenue": "75,419", "Gross Profit": "347,572", "Operating Expense": "293,682", "Operating Income": "53,890", "Net Non Operating Interest Income Expense": "-32,067", "Other Income Expense": "-520", "Pretax Income": "21,303", "Tax Provision": "4,903", "Net Income Common Stockholders": "15,509", "Diluted NI Available to Com Stockholders": "15,509", "Basic EPS": "0.60", "Diluted EPS": "0.58", "Basic Average Shares": "25,937", "Diluted Average Shares": "26,765", "Total Operating Income as Reported": "45,384", "Total Expenses": "369,101", "Net Income from Continuing & Discontinued Operation": "15,509", "Normalized Income": "22,059", "Interest Income": "1,326", "Interest Expense": "33,393", "Net Interest Income": "-32,067", "EBIT": "54,696", "EBITDA": "-", "Reconciled Cost of Revenue": "75,419", "Reconciled Depreciation": "13,809", "Net Income from Continuing Operation Net Minority Interest": "15,509", "Total Unusual Items Excluding Goodwill": "-8,506", "Total Unusual Items": "-8,506", "Normalized EBITDA": "77,011", "Tax Rate for Calcs": "0", "Tax Effect of Unusual Items": "-1,956"}}, "bs": {"12/31/2020": {"Duration": "12/31/2020", "Total Assets": "2,662,730", "Total Liabilities Net Minority Interest": "2,123,770", "Total Equity Gross Minority Interest": "538,960", "Total Capitalization": "2,272,675", "Common Stock Equity": "512,586", "Capital Lease Obligations": "60,778", "Net Tangible Assets": "94,795", "Working Capital": "383,731", "Invested Capital": "2,272,675", "Tangible Book Value": "94,795", "Total Debt": "1,820,867", "Net Debt": "1,656,487", "Share Issued": "25,778", "Ordinary Shares Number": "25,778"}, "12/31/2019": {"Duration": "12/31/2019", "Total Assets": "2,318,178", "Total Liabilities Net Minority Interest": "1,927,927", "Total Equity Gross Minority Interest": "390,251", "Total Capitalization": "1,976,578", "Common Stock Equity": "360,660", "Capital Lease Obligations": "61,511", "Net Tangible Assets": "-83,562", "Working Capital": "311,954", "Invested Capital": "1,976,578", "Tangible Book Value": "-83,562", "Total Debt": "1,677,429", "Net Debt": "1,511,650", "Share Issued": "26,972", "Ordinary Shares Number": "26,972"}, "12/31/2018": {"Duration": "12/31/2018", "Total Assets": "1,957,710", "Total Liabilities Net Minority Interest": "1,699,050", "Total Equity Gross Minority Interest": "258,660", "Total Capitalization": "1,729,050", "Common Stock Equity": "258,058", "Capital Lease Obligations": "-", "Net Tangible Assets": "-56,668", "Working Capital": "194,337", "Invested Capital": "1,729,050", "Tangible Book Value": "-56,668", "Total Debt": "1,470,992", "Net Debt": "1,291,552", "Share Issued": "26,603", "Ordinary Shares Number": "26,603"}}, "cf": {"TTM": {"Duration": "TTM", "Operating Cash Flow": "57,689", "Investing Cash Flow": "-128,446", "Financing Cash Flow": "69,544", "End Cash Position": "104,837", "Income Tax Paid Supplemental Data": "2,368", "Interest Paid Supplemental Data": "98,595", "Capital Expenditure": "-2,045", "Issuance of Capital Stock": "39,455", "Issuance of Debt": "261,796", "Repayment of Debt": "-110,798", "Repurchase of Capital Stock": "-48,248", "Free Cash Flow": "55,644"}, "12/31/2020": {"Duration": "12/31/2020", "Operating Cash Flow": "57,689", "Investing Cash Flow": "-128,446", "Financing Cash Flow": "69,544", "End Cash Position": "104,837", "Income Tax Paid Supplemental Data": "2,368", "Interest Paid Supplemental Data": "98,595", "Capital Expenditure": "-2,045", "Issuance of Capital Stock": "39,455", "Issuance of Debt": "261,796", "Repayment of Debt": "-110,798", "Repurchase of Capital Stock": "-48,248", "Free Cash Flow": "55,644"}, "12/31/2019": {"Duration": "12/31/2019", "Operating Cash Flow": "-30,392", "Investing Cash Flow": "-295,396", "Financing Cash Flow": "250,176", "End Cash Position": "104,739", "Income Tax Paid Supplemental Data": "8,649", "Interest Paid Supplemental Data": "75,625", "Capital Expenditure": "-3,461", "Issuance of Capital Stock": "56,629", "Issuance of Debt": "432,363", "Repayment of Debt": "-182,959", "Repurchase of Capital Stock": "-4,273", "Free Cash Flow": "-33,853"}, "12/31/2018": {"Duration": "12/31/2018", "Operating Cash Flow": "-104,814", "Investing Cash Flow": "-151,441", "Financing Cash Flow": "284,859", "End Cash Position": "180,278", "Income Tax Paid Supplemental Data": "6,497", "Interest Paid Supplemental Data": "50,103", "Capital Expenditure": "-5,432", "Issuance of Capital Stock": "0", "Issuance of Debt": "690,017", "Repayment of Debt": "-351,713", "Repurchase of Capital Stock": "-18,703", "Free Cash Flow": "-110,246"}}}}, {"STT": {"quote": {"03/28/2021": {"value": "85.89", "Market Cap": "30.215B", "Beta (5Y Monthly)": "1.58", "PE Ratio (TTM)": "13.59", "EPS (TTM)": "6.32", "Earnings Date": "Apr 16, 2021", "Forward Dividend & Yield": "2.08 (2.42%)", "Ex-Dividend Date": "Mar 31, 2021", "1y Target Est": "88.38"}}, "fin": {"TTM": {"Duration": "TTM", "Total Revenue": "10,623,000", "Credit Losses Provision": "-88,000", "Non Interest Expense": "7,566,000", "Special Income Charges": "-70,000", "Other Non Operating Income Expenses": "-", "Pretax Income": "2,899,000", "Tax Provision": "479,000", "Net Income Common Stockholders": "2,257,000", "Diluted NI Available to Com Stockholders": "2,257,000", "Basic EPS": "-", "Diluted EPS": "-", "Basic Average Shares": "-", "Diluted Average Shares": "-", "INTEREST_INCOME_AFTER_PROVISION_FOR_LOAN_LOSS": "2,112,000", "Net Income from Continuing & Discontinued Operation": "2,420,000", "Normalized Income": "2,478,450", "Total Money Market Investments": "319,000", "Reconciled Depreciation": "1,510,000", "Net Income from Continuing Operation Net Minority Interest": "2,420,000", "Total Unusual Items Excluding Goodwill": "-70,000", "Total Unusual Items": "-70,000", "Tax Rate for Calcs": "0", "Tax Effect of Unusual Items": "-11,550"}, "12/31/2020": {"Duration": "12/31/2020", "Total Revenue": "10,623,000", "Credit Losses Provision": "-88,000", "Non Interest Expense": "7,566,000", "Special Income Charges": "-70,000", "Other Non Operating Income Expenses": "-", "Pretax Income": "2,899,000", "Tax Provision": "479,000", "Net Income Common Stockholders": "2,257,000", "Diluted NI Available to Com Stockholders": "2,257,000", "Basic EPS": "-", "Diluted EPS": "-", "Basic Average Shares": "-", "Diluted Average Shares": "-", "INTEREST_INCOME_AFTER_PROVISION_FOR_LOAN_LOSS": "2,112,000", "Net Income from Continuing & Discontinued Operation": "2,420,000", "Normalized Income": "2,478,450", "Total Money Market Investments": "319,000", "Reconciled Depreciation": "1,510,000", "Net Income from Continuing Operation Net Minority Interest": "2,420,000", "Total Unusual Items Excluding Goodwill": "-70,000", "Total Unusual Items": "-70,000", "Tax Rate for Calcs": "0", "Tax Effect of Unusual Items": "-11,550"}, "12/31/2019": {"Duration": "12/31/2019", "Total Revenue": "10,625,000", "Credit Losses Provision": "-10,000", "Non Interest Expense": "7,775,000", "Special Income Charges": "-128,000", "Other Non Operating Income Expenses": "44,000", "Pretax Income": "2,712,000", "Tax Provision": "470,000", "Net Income Common Stockholders": "2,009,000", "Diluted NI Available to Com Stockholders": "2,009,000", "Basic EPS": "5.81", "Diluted EPS": "5.75", "Basic Average Shares": "369,911", "Diluted Average Shares": "373,666", "INTEREST_INCOME_AFTER_PROVISION_FOR_LOAN_LOSS": "2,556,000", "Net Income from Continuing & Discontinued Operation": "2,242,000", "Normalized Income": "2,347,856", "Total Money Market Investments": "780,000", "Reconciled Depreciation": "1,337,000", "Net Income from Continuing Operation Net Minority Interest": "2,242,000", "Total Unusual Items Excluding Goodwill": "-128,000", "Total Unusual Items": "-128,000", "Tax Rate for Calcs": "0", "Tax Effect of Unusual Items": "-22,144"}, "12/31/2018": {"Duration": "12/31/2018", "Total Revenue": "10,957,000", "Credit Losses Provision": "-15,000", "Non Interest Expense": "7,912,000", "Special Income Charges": "-31,000", "Other Non Operating Income Expenses": "-", "Pretax Income": "2,999,000", "Tax Provision": "400,000", "Net Income Common Stockholders": "2,410,000", "Diluted NI Available to Com Stockholders": "2,410,000", "Basic EPS": "6.48", "Diluted EPS": "6.40", "Basic Average Shares": "371,983", "Diluted Average Shares": "376,476", "INTEREST_INCOME_AFTER_PROVISION_FOR_LOAN_LOSS": "2,656,000", "Net Income from Continuing & Discontinued Operation": "2,599,000", "Normalized Income": "2,625,877", "Total Money Market Investments": "722,000", "Reconciled Depreciation": "1,203,000", "Net Income from Continuing Operation Net Minority Interest": "2,599,000", "Total Unusual Items Excluding Goodwill": "-31,000", "Total Unusual Items": "-31,000", "Tax Rate for Calcs": "0", "Tax Effect of Unusual Items": "-4,123"}}, "cf": {"TTM": {"Duration": "TTM", "Operating Cash Flow": "3,532,000", "Investing Cash Flow": "-65,534,000", "Financing Cash Flow": "62,167,000", "End Cash Position": "3,467,000", "Income Tax Paid Supplemental Data": "403,000", "Interest Paid Supplemental Data": "375,000", "Capital Expenditure": "-560,000", "Issuance of Capital Stock": "0", "Issuance of Debt": "5,791,000", "Repayment of Debt": "-1,878,000", "Repurchase of Capital Stock": "-1,093,000", "Free Cash Flow": "2,972,000"}, "12/31/2020": {"Duration": "12/31/2020", "Operating Cash Flow": "3,532,000", "Investing Cash Flow": "-65,534,000", "Financing Cash Flow": "62,167,000", "End Cash Position": "3,467,000", "Income Tax Paid Supplemental Data": "403,000", "Interest Paid Supplemental Data": "375,000", "Capital Expenditure": "-560,000", "Issuance of Capital Stock": "0", "Issuance of Debt": "5,791,000", "Repayment of Debt": "-1,878,000", "Repurchase of Capital Stock": "-1,093,000", "Free Cash Flow": "2,972,000"}, "12/31/2019": {"Duration": "12/31/2019", "Operating Cash Flow": "5,690,000", "Investing Cash Flow": "-2,626,000", "Financing Cash Flow": "-2,974,000", "End Cash Position": "3,302,000", "Income Tax Paid Supplemental Data": "510,000", "Interest Paid Supplemental Data": "1,382,000", "Capital Expenditure": "-730,000", "Issuance of Capital Stock": "0", "Issuance of Debt": "1,495,000", "Repayment of Debt": "-402,000", "Repurchase of Capital Stock": "-2,416,000", "Free Cash Flow": "4,960,000"}, "12/31/2018": {"Duration": "12/31/2018", "Operating Cash Flow": "10,457,000", "Investing Cash Flow": "-4,496,000", "Financing Cash Flow": "-4,471,000", "End Cash Position": "3,597,000", "Income Tax Paid Supplemental Data": "549,000", "Interest Paid Supplemental Data": "981,000", "Capital Expenditure": "-609,000", "Issuance of Capital Stock": "1,645,000", "Issuance of Debt": "995,000", "Repayment of Debt": "-1,461,000", "Repurchase of Capital Stock": "-474,000", "Free Cash Flow": "9,848,000"}}}}, {"KKR": {"quote": {"03/28/2021": {"value": "48.47", "Market Cap": "27.948B", "Beta (5Y Monthly)": "1.40", "PE Ratio (TTM)": "14.37", "EPS (TTM)": "3.37", "Earnings Date": "May 04, 2021 - May 10, 2021", "Forward Dividend & Yield": "0.58 (1.20%)", "Ex-Dividend Date": "Feb 19, 2021", "1y Target Est": "55.10"}}, "fin": {"TTM": {"Duration": "TTM", "Total Revenue": "4,230,891", "Cost of Revenue": "2,152,490", "Gross Profit": "2,078,401", "Operating Expense": "780,642", "Operating Income": "1,297,759", "Net Non Operating Interest Income Expense": "433,569", "Other Income Expense": "3,995,367", "Pretax Income": "5,726,695", "Tax Provision": "609,097", "Net Income Common Stockholders": "1,942,887", "Average Dilution Earnings": "26,258", "Diluted NI Available to Com Stockholders": "1,969,145", "Basic EPS": "-", "Diluted EPS": "-", "Basic Average Shares": "-", "Diluted Average Shares": "-", "Rent Expense Supplemental": "72,100", "Total Expenses": "2,933,132", "Net Income from Continuing & Discontinued Operation": "2,002,509", "Normalized Income": "-1,108,177", "Interest Income": "1,403,440", "Interest Expense": "969,871", "Net Interest Income": "433,569", "EBIT": "6,696,566", "EBITDA": "6,696,566", "Reconciled Cost of Revenue": "2,152,490", "Net Income from Continuing Operation Net Minority Interest": "2,002,509", "Total Unusual Items Excluding Goodwill": "3,480,682", "Total Unusual Items": "3,480,682", "Normalized EBITDA": "3,215,884", "Tax Rate for Calcs": "0", "Tax Effect of Unusual Items": "369,996"}, "12/31/2020": {"Duration": "12/31/2020", "Total Revenue": "4,230,891", "Cost of Revenue": "2,152,490", "Gross Profit": "2,078,401", "Operating Expense": "780,642", "Operating Income": "1,297,759", "Net Non Operating Interest Income Expense": "433,569", "Other Income Expense": "3,995,367", "Pretax Income": "5,726,695", "Tax Provision": "609,097", "Net Income Common Stockholders": "1,942,887", "Average Dilution Earnings": "26,258", "Diluted NI Available to Com Stockholders": "1,969,145", "Basic EPS": "3.45", "Diluted EPS": "3.37", "Basic Average Shares": "562,813", "Diluted Average Shares": "583,685", "Rent Expense Supplemental": "72,100", "Total Expenses": "2,933,132", "Net Income from Continuing & Discontinued Operation": "2,002,509", "Normalized Income": "-1,108,177", "Interest Income": "1,403,440", "Interest Expense": "969,871", "Net Interest Income": "433,569", "EBIT": "6,696,566", "EBITDA": "-", "Reconciled Cost of Revenue": "2,152,490", "Net Income from Continuing Operation Net Minority Interest": "2,002,509", "Total Unusual Items Excluding Goodwill": "3,480,682", "Total Unusual Items": "3,480,682", "Normalized EBITDA": "3,215,884", "Tax Rate for Calcs": "0", "Tax Effect of Unusual Items": "369,996"}, "12/31/2019": {"Duration": "12/31/2019", "Total Revenue": "4,220,900", "Cost of Revenue": "2,116,890", "Gross Profit": "2,104,010", "Operating Expense": "791,541", "Operating Income": "1,312,469", "Net Non Operating Interest Income Expense": "374,965", "Other Income Expense": "3,480,856", "Pretax Income": "5,168,290", "Tax Provision": "528,750", "Net Income Common Stockholders": "1,971,685", "Average Dilution Earnings": "-", "Diluted NI Available to Com Stockholders": "1,971,685", "Basic EPS": "3.62", "Diluted EPS": "3.54", "Basic Average Shares": "545,097", "Diluted Average Shares": "557,688", "Rent Expense Supplemental": "62,728", "Total Expenses": "2,908,431", "Net Income from Continuing & Discontinued Operation": "2,005,049", "Normalized Income": "-1,119,715", "Interest Income": "1,418,516", "Interest Expense": "1,043,551", "Net Interest Income": "374,965", "EBIT": "6,211,841", "EBITDA": "-", "Reconciled Cost of Revenue": "2,116,890", "Net Income from Continuing Operation Net Minority Interest": "2,005,049", "Total Unusual Items Excluding Goodwill": "3,480,856", "Total Unusual Items": "3,480,856", "Normalized EBITDA": "2,730,985", "Tax Rate for Calcs": "0", "Tax Effect of Unusual Items": "356,092"}, "12/31/2018": {"Duration": "12/31/2018", "Total Revenue": "2,395,836", "Cost of Revenue": "1,374,363", "Gross Profit": "1,021,473", "Operating Expense": "715,114", "Operating Income": "306,359", "Net Non Operating Interest Income Expense": "520,503", "Other Income Expense": "1,429,986", "Pretax Income": "2,256,848", "Tax Provision": "-194,098", "Net Income Common Stockholders": "1,097,699", "Average Dilution Earnings": "-", "Diluted NI Available to Com Stockholders": "1,097,699", "Basic EPS": "2.14", "Diluted EPS": "2.06", "Basic Average Shares": "514,103", "Diluted Average Shares": "533,707", "Rent Expense Supplemental": "59,706", "Total Expenses": "2,089,477", "Net Income from Continuing & Discontinued Operation": "1,131,063", "Normalized Income": "87,173", "Interest Income": "1,396,532", "Interest Expense": "876,029", "Net Interest Income": "520,503", "EBIT": "3,132,877", "EBITDA": "-", "Reconciled Cost of Revenue": "1,374,363", "Net Income from Continuing Operation Net Minority Interest": "1,131,063", "Total Unusual Items Excluding Goodwill": "1,429,986", "Total Unusual Items": "1,429,986", "Normalized EBITDA": "1,702,891", "Tax Rate for Calcs": "0", "Tax Effect of Unusual Items": "386,096"}}, "bs": {"12/31/2020": {"Duration": "12/31/2020", "Total Assets": "79,806,502", "Total Liabilities Net Minority Interest": "39,006,586", "Total Equity Gross Minority Interest": "40,799,916", "Total Capitalization": "47,140,414", "Preferred Stock Equity": "1,601,102", "Common Stock Equity": "12,115,716", "Capital Lease Obligations": "191,564", "Net Tangible Assets": "13,633,318", "Working Capital": "5,539,445", "Invested Capital": "45,539,312", "Tangible Book Value": "12,032,216", "Total Debt": "33,615,160", "Net Debt": "26,915,722", "Share Issued": "572,894", "Ordinary Shares Number": "572,894", "Preferred Shares Number": "43,000"}, "12/31/2019": {"Duration": "12/31/2019", "Total Assets": "60,899,319", "Total Liabilities Net Minority Interest": "30,396,945", "Total Equity Gross Minority Interest": "30,502,374", "Total Capitalization": "37,820,774", "Preferred Stock Equity": "482,554", "Common Stock Equity": "10,324,936", "Capital Lease Obligations": "125,086", "Net Tangible Assets": "10,723,990", "Working Capital": "1,786,364", "Invested Capital": "37,338,220", "Tangible Book Value": "10,241,436", "Total Debt": "27,138,370", "Net Debt": "23,850,130", "Share Issued": "850,389", "Ordinary Shares Number": "850,389", "Preferred Shares Number": "20,000"}, "12/31/2018": {"Duration": "12/31/2018", "Total Assets": "50,743,375", "Total Liabilities Net Minority Interest": "26,483,407", "Total Equity Gross Minority Interest": "24,259,968", "Total Capitalization": "30,990,802", "Preferred Stock Equity": "482,554", "Common Stock Equity": "8,167,056", "Capital Lease Obligations": "-", "Net Tangible Assets": "8,556,247", "Working Capital": "2,050,821", "Invested Capital": "30,508,248", "Tangible Book Value": "8,073,693", "Total Debt": "22,341,192", "Net Debt": "19,896,045", "Share Issued": "833,938", "Ordinary Shares Number": "833,938", "Preferred Shares Number": "20,000"}}, "cf": {"TTM": {"Duration": "TTM", "Operating Cash Flow": "-5,953,693", "Investing Cash Flow": "-153,386", "Financing Cash Flow": "9,803,704", "End Cash Position": "6,993,457", "Income Tax Paid Supplemental Data": "179,915", "Interest Paid Supplemental Data": "1,045,297", "Capital Expenditure": "-153,386", "Issuance of Capital Stock": "1,115,792", "Issuance of Debt": "16,620,416", "Repayment of Debt": "-11,293,648", "Repurchase of Capital Stock": "-246,160", "Free Cash Flow": "-6,107,079"}, "12/31/2020": {"Duration": "12/31/2020", "Operating Cash Flow": "-5,953,693", "Investing Cash Flow": "-153,386", "Financing Cash Flow": "9,803,704", "End Cash Position": "6,993,457", "Income Tax Paid Supplemental Data": "179,915", "Interest Paid Supplemental Data": "1,045,297", "Capital Expenditure": "-153,386", "Issuance of Capital Stock": "1,115,792", "Issuance of Debt": "16,620,416", "Repayment of Debt": "-11,293,648", "Repurchase of Capital Stock": "-246,160", "Free Cash Flow": "-6,107,079"}, "12/31/2019": {"Duration": "12/31/2019", "Operating Cash Flow": "-5,682,155", "Investing Cash Flow": "-207,362", "Financing Cash Flow": "6,484,989", "End Cash Position": "3,237,416", "Income Tax Paid Supplemental Data": "129,929", "Interest Paid Supplemental Data": "1,032,818", "Capital Expenditure": "-207,362", "Issuance of Capital Stock": "-", "Issuance of Debt": "14,811,703", "Repayment of Debt": "-9,310,771", "Repurchase of Capital Stock": "-72,124", "Free Cash Flow": "-5,889,517"}, "12/31/2018": {"Duration": "12/31/2018", "Operating Cash Flow": "-7,606,475", "Investing Cash Flow": "-78,597", "Financing Cash Flow": "6,615,931", "End Cash Position": "2,641,512", "Income Tax Paid Supplemental Data": "148,141", "Interest Paid Supplemental Data": "788,220", "Capital Expenditure": "-105,227", "Issuance of Capital Stock": "0", "Issuance of Debt": "17,117,987", "Repayment of Debt": "-11,712,014", "Repurchase of Capital Stock": "-173,142", "Free Cash Flow": "-7,711,702"}}}}, {"NTRS": {"quote": {"03/28/2021": {"value": "105.85", "Market Cap": "22.008B", "Beta (5Y Monthly)": "1.09", "PE Ratio (TTM)": "19.39", "EPS (TTM)": "5.46", "Earnings Date": "Apr 20, 2021", "Forward Dividend & Yield": "2.80 (2.65%)", "Ex-Dividend Date": "Mar 11, 2021", "1y Target Est": "105.93"}}, "fin": {"TTM": {"Duration": "TTM", "Total Revenue": "5,337,700", "Credit Losses Provision": "-125,000", "Non Interest Expense": "3,585,100", "Pretax Income": "1,627,600", "Tax Provision": "418,300", "Net Income Common Stockholders": "1,141,000", "Diluted NI Available to Com Stockholders": "1,141,000", "Basic EPS": "-", "Diluted EPS": "-", "Basic Average Shares": "-", "Diluted Average Shares": "-", "INTEREST_INCOME_AFTER_PROVISION_FOR_LOAN_LOSS": "1,318,200", "Net Income from Continuing & Discontinued Operation": "1,209,300", "Normalized Income": "1,209,300", "Total Money Market Investments": "55,100", "Reconciled Depreciation": "500,300", "Net Income from Continuing Operation Net Minority Interest": "1,209,300", "Tax Rate for Calcs": "0", "Tax Effect of Unusual Items": "0"}, "12/31/2020": {"Duration": "12/31/2020", "Total Revenue": "5,337,700", "Credit Losses Provision": "-125,000", "Non Interest Expense": "3,585,100", "Pretax Income": "1,627,600", "Tax Provision": "418,300", "Net Income Common Stockholders": "1,141,000", "Diluted NI Available to Com Stockholders": "1,141,000", "Basic EPS": "-", "Diluted EPS": "-", "Basic Average Shares": "-", "Diluted Average Shares": "-", "INTEREST_INCOME_AFTER_PROVISION_FOR_LOAN_LOSS": "1,318,200", "Net Income from Continuing & Discontinued Operation": "1,209,300", "Normalized Income": "1,209,300", "Total Money Market Investments": "55,100", "Reconciled Depreciation": "500,300", "Net Income from Continuing Operation Net Minority Interest": "1,209,300", "Tax Rate for Calcs": "0", "Tax Effect of Unusual Items": "0"}, "12/31/2019": {"Duration": "12/31/2019", "Total Revenue": "5,298,600", "Credit Losses Provision": "14,500", "Non Interest Expense": "3,369,000", "Pretax Income": "1,944,100", "Tax Provision": "451,900", "Net Income Common Stockholders": "1,428,900", "Diluted NI Available to Com Stockholders": "1,428,900", "Basic EPS": "6.66", "Diluted EPS": "6.63", "Basic Average Shares": "214,526", "Diluted Average Shares": "215,603", "INTEREST_INCOME_AFTER_PROVISION_FOR_LOAN_LOSS": "1,692,400", "Net Income from Continuing & Discontinued Operation": "1,492,200", "Normalized Income": "1,492,200", "Total Money Market Investments": "272,000", "Reconciled Depreciation": "458,900", "Net Income from Continuing Operation Net Minority Interest": "1,492,200", "Tax Rate for Calcs": "0", "Tax Effect of Unusual Items": "0"}, "12/31/2018": {"Duration": "12/31/2018", "Total Revenue": "5,220,800", "Credit Losses Provision": "14,500", "Non Interest Expense": "3,277,500", "Pretax Income": "1,957,800", "Tax Provision": "401,400", "Net Income Common Stockholders": "1,489,900", "Diluted NI Available to Com Stockholders": "1,489,900", "Basic EPS": "6.68", "Diluted EPS": "6.64", "Basic Average Shares": "223,148", "Diluted Average Shares": "224,488", "INTEREST_INCOME_AFTER_PROVISION_FOR_LOAN_LOSS": "1,637,200", "Net Income from Continuing & Discontinued Operation": "1,556,400", "Normalized Income": "1,556,400", "Total Money Market Investments": "310,400", "Reconciled Depreciation": "460,900", "Net Income from Continuing Operation Net Minority Interest": "1,556,400", "Tax Rate for Calcs": "0", "Tax Effect of Unusual Items": "0"}}, "cf": {"TTM": {"Duration": "TTM", "Operating Cash Flow": "1,896,800", "Investing Cash Flow": "-29,923,000", "Financing Cash Flow": "27,871,900", "End Cash Position": "4,389,500", "Income Tax Paid Supplemental Data": "327,700", "Interest Paid Supplemental Data": "226,800", "Capital Expenditure": "-560,400", "Issuance of Capital Stock": "0", "Issuance of Debt": "993,200", "Repayment of Debt": "-508,600", "Repurchase of Capital Stock": "-699,800", "Free Cash Flow": "1,336,400"}, "12/31/2020": {"Duration": "12/31/2020", "Operating Cash Flow": "1,896,800", "Investing Cash Flow": "-29,923,000", "Financing Cash Flow": "27,871,900", "End Cash Position": "4,389,500", "Income Tax Paid Supplemental Data": "327,700", "Interest Paid Supplemental Data": "226,800", "Capital Expenditure": "-560,400", "Issuance of Capital Stock": "0", "Issuance of Debt": "993,200", "Repayment of Debt": "-508,600", "Repurchase of Capital Stock": "-699,800", "Free Cash Flow": "1,336,400"}, "12/31/2019": {"Duration": "12/31/2019", "Operating Cash Flow": "2,592,000", "Investing Cash Flow": "-3,405,000", "Financing Cash Flow": "615,900", "End Cash Position": "4,459,200", "Income Tax Paid Supplemental Data": "437,000", "Interest Paid Supplemental Data": "845,500", "Capital Expenditure": "-599,800", "Issuance of Capital Stock": "392,500", "Issuance of Debt": "498,000", "Repayment of Debt": "0", "Repurchase of Capital Stock": "-1,100,200", "Free Cash Flow": "1,992,200"}, "12/31/2018": {"Duration": "12/31/2018", "Operating Cash Flow": "1,767,500", "Investing Cash Flow": "4,327,100", "Financing Cash Flow": "-5,818,200", "End Cash Position": "4,581,600", "Income Tax Paid Supplemental Data": "493,500", "Interest Paid Supplemental Data": "670,200", "Capital Expenditure": "-506,000", "Issuance of Capital Stock": "0", "Issuance of Debt": "497,900", "Repayment of Debt": "-314,300", "Repurchase of Capital Stock": "-924,300", "Free Cash Flow": "1,261,500"}}}}, {"CG": {"quote": {"03/28/2021": {"value": "36.79", "Market Cap": "13.047B", "Beta (5Y Monthly)": "1.36", "PE Ratio (TTM)": "37.93", "EPS (TTM)": "0.97", "Earnings Date": "Apr 28, 2021 - May 03, 2021", "Forward Dividend & Yield": "1.00 (2.72%)", "Ex-Dividend Date": "Feb 12, 2021", "1y Target Est": "40.32"}}, "fin": {"TTM": {"Duration": "TTM", "Total Revenue": "1,876,700", "Pretax Income": "580,000", "Tax Provision": "197,200", "Net Income Common Stockholders": "348,200", "Diluted NI Available to Com Stockholders": "348,200", "Basic EPS": "-", "Diluted EPS": "-", "Basic Average Shares": "-", "Diluted Average Shares": "-", "Net Income from Continuing & Discontinued Operation": "348,200", "Normalized Income": "348,200", "Reconciled Depreciation": "52,100", "Net Income from Continuing Operation Net Minority Interest": "348,200", "Tax Rate for Calcs": "0", "Tax Effect of Unusual Items": "0"}, "12/31/2020": {"Duration": "12/31/2020", "Total Revenue": "1,876,700", "Pretax Income": "580,000", "Tax Provision": "197,200", "Net Income Common Stockholders": "348,200", "Diluted NI Available to Com Stockholders": "348,200", "Basic EPS": "0.99", "Diluted EPS": "0.97", "Basic Average Shares": "350,464", "Diluted Average Shares": "358,394", "Net Income from Continuing & Discontinued Operation": "348,200", "Normalized Income": "348,200", "Reconciled Depreciation": "52,100", "Net Income from Continuing Operation Net Minority Interest": "348,200", "Tax Rate for Calcs": "0", "Tax Effect of Unusual Items": "0"}, "12/31/2019": {"Duration": "12/31/2019", "Total Revenue": "2,702,500", "Pretax Income": "1,233,400", "Tax Provision": "49,000", "Net Income Common Stockholders": "345,300", "Diluted NI Available to Com Stockholders": "345,300", "Basic EPS": "3.05", "Diluted EPS": "2.82", "Basic Average Shares": "113,083", "Diluted Average Shares": "122,633", "Net Income from Continuing & Discontinued Operation": "380,900", "Normalized Income": "380,900", "Reconciled Depreciation": "65,600", "Net Income from Continuing Operation Net Minority Interest": "380,900", "Tax Rate for Calcs": "0", "Tax Effect of Unusual Items": "0"}, "12/31/2018": {"Duration": "12/31/2018", "Total Revenue": "1,808,600", "Pretax Income": "360,200", "Tax Provision": "31,300", "Net Income Common Stockholders": "92,900", "Diluted NI Available to Com Stockholders": "92,900", "Basic EPS": "0.89", "Diluted EPS": "0.82", "Basic Average Shares": "104,198", "Diluted Average Shares": "113,389", "Net Income from Continuing & Discontinued Operation": "116,500", "Normalized Income": "116,500", "Reconciled Depreciation": "46,900", "Net Income from Continuing Operation Net Minority Interest": "116,500", "Tax Rate for Calcs": "0", "Tax Effect of Unusual Items": "0"}}, "bs": {"12/31/2020": {"Duration": "12/31/2020", "Total Assets": "15,644,800", "Total Liabilities Net Minority Interest": "12,714,600", "Total Equity Gross Minority Interest": "2,930,200", "Total Capitalization": "10,223,100", "Preferred Stock Equity": "-", "Common Stock Equity": "2,689,200", "Net Tangible Assets": "2,640,500", "Invested Capital": "10,223,100", "Tangible Book Value": "2,640,500", "Total Debt": "8,047,400", "Net Debt": "6,397,700", "Share Issued": "353,521", "Ordinary Shares Number": "353,521", "Preferred Shares Number": "-"}, "12/31/2019": {"Duration": "12/31/2019", "Total Assets": "13,808,800", "Total Liabilities Net Minority Interest": "10,839,200", "Total Equity Gross Minority Interest": "2,969,600", "Total Capitalization": "7,301,600", "Preferred Stock Equity": "-", "Common Stock Equity": "618,600", "Net Tangible Assets": "556,300", "Invested Capital": "7,301,600", "Tangible Book Value": "556,300", "Total Debt": "6,971,200", "Net Debt": "5,767,200", "Share Issued": "347,128", "Ordinary Shares Number": "347,128", "Preferred Shares Number": "-"}, "12/31/2018": {"Duration": "12/31/2018", "Total Assets": "12,914,200", "Total Liabilities Net Minority Interest": "10,077,900", "Total Equity Gross Minority Interest": "2,836,300", "Total Capitalization": "7,368,100", "Preferred Stock Equity": "387,500", "Common Stock Equity": "590,100", "Net Tangible Assets": "900,300", "Invested Capital": "6,980,600", "Tangible Book Value": "512,800", "Total Debt": "6,390,500", "Net Debt": "5,513,400", "Share Issued": "338,726", "Ordinary Shares Number": "338,726", "Preferred Shares Number": "16,000"}}, "cf": {"TTM": {"Duration": "TTM", "Operating Cash Flow": "-169,200", "Investing Cash Flow": "-61,200", "Financing Cash Flow": "370,300", "End Cash Position": "989,600", "Capital Expenditure": "-61,200", "Issuance of Capital Stock": "-", "Issuance of Debt": "314,600", "Repayment of Debt": "370,400", "Repurchase of Capital Stock": "-26,400", "Free Cash Flow": "-230,400"}, "12/31/2020": {"Duration": "12/31/2020", "Operating Cash Flow": "-169,200", "Investing Cash Flow": "-61,200", "Financing Cash Flow": "370,300", "End Cash Position": "989,600", "Capital Expenditure": "-61,200", "Issuance of Capital Stock": "-", "Issuance of Debt": "314,600", "Repayment of Debt": "370,400", "Repurchase of Capital Stock": "-26,400", "Free Cash Flow": "-230,400"}, "12/31/2019": {"Duration": "12/31/2019", "Operating Cash Flow": "358,600", "Investing Cash Flow": "-27,800", "Financing Cash Flow": "-149,200", "End Cash Position": "828,000", "Capital Expenditure": "-27,800", "Issuance of Capital Stock": "0", "Issuance of Debt": "554,300", "Repayment of Debt": "97,700", "Repurchase of Capital Stock": "-439,900", "Free Cash Flow": "330,800"}, "12/31/2018": {"Duration": "12/31/2018", "Operating Cash Flow": "-343,500", "Investing Cash Flow": "-99,100", "Financing Cash Flow": "72,000", "End Cash Position": "638,300", "Capital Expenditure": "-31,300", "Issuance of Capital Stock": "0", "Issuance of Debt": "1,204,500", "Repayment of Debt": "-411,800", "Repurchase of Capital Stock": "-107,500", "Free Cash Flow": "-374,800"}}}}, {"ECPG": {"quote": {"03/28/2021": {"value": "41.65", "Market Cap": "1.306B", "Beta (5Y Monthly)": "1.60", "PE Ratio (TTM)": "6.24", "EPS (TTM)": "6.68", "Earnings Date": "May 10, 2021 - May 14, 2021", "Forward Dividend & Yield": "N/A (N/A)", "Ex-Dividend Date": "N/A", "1y Target Est": "51.25"}}, "fin": {"TTM": {"Duration": "TTM", "Total Revenue": "1,501,400", "Cost of Revenue": "427,930", "Gross Profit": "1,073,470", "Operating Expense": "300,837", "Operating Income": "772,633", "Net Non Operating Interest Income Expense": "-209,356", "Other Income Expense": "-280,379", "Pretax Income": "282,898", "Tax Provision": "70,374", "Net Income Common Stockholders": "211,848", "Diluted NI Available to Com Stockholders": "211,848", "Basic EPS": "-", "Diluted EPS": "-", "Basic Average Shares": "-", "Diluted Average Shares": "-", "Total Operating Income as Reported": "533,562", "Total Expenses": "728,767", "Net Income from Continuing & Discontinued Operation": "211,848", "Normalized Income": "422,145", "Interest Expense": "193,013", "Net Interest Income": "-209,356", "EBIT": "475,911", "EBITDA": "518,691", "Reconciled Cost of Revenue": "427,930", "Reconciled Depreciation": "42,780", "Net Income from Continuing Operation Net Minority Interest": "211,848", "Total Unusual Items Excluding Goodwill": "-280,022", "Total Unusual Items": "-280,022", "Normalized EBITDA": "798,713", "Tax Rate for Calcs": "0", "Tax Effect of Unusual Items": "-69,725"}, "12/31/2020": {"Duration": "12/31/2020", "Total Revenue": "1,501,400", "Cost of Revenue": "427,930", "Gross Profit": "1,073,470", "Operating Expense": "300,837", "Operating Income": "772,633", "Net Non Operating Interest Income Expense": "-209,356", "Other Income Expense": "-280,379", "Pretax Income": "282,898", "Tax Provision": "70,374", "Net Income Common Stockholders": "211,848", "Diluted NI Available to Com Stockholders": "211,848", "Basic EPS": "6.74", "Diluted EPS": "6.68", "Basic Average Shares": "31,427", "Diluted Average Shares": "31,710", "Total Operating Income as Reported": "533,562", "Total Expenses": "728,767", "Net Income from Continuing & Discontinued Operation": "211,848", "Normalized Income": "422,145", "Interest Expense": "193,013", "Net Interest Income": "-209,356", "EBIT": "475,911", "EBITDA": "-", "Reconciled Cost of Revenue": "427,930", "Reconciled Depreciation": "42,780", "Net Income from Continuing Operation Net Minority Interest": "211,848", "Total Unusual Items Excluding Goodwill": "-280,022", "Total Unusual Items": "-280,022", "Normalized EBITDA": "798,713", "Tax Rate for Calcs": "0", "Tax Effect of Unusual Items": "-69,725"}, "12/31/2019": {"Duration": "12/31/2019", "Total Revenue": "1,397,681", "Cost of Revenue": "440,230", "Gross Profit": "957,451", "Operating Expense": "297,718", "Operating Income": "659,733", "Net Non Operating Interest Income Expense": "-226,760", "Other Income Expense": "-231,731", "Pretax Income": "201,242", "Tax Provision": "32,333", "Net Income Common Stockholders": "167,869", "Diluted NI Available to Com Stockholders": "167,869", "Basic EPS": "5.38", "Diluted EPS": "5.33", "Basic Average Shares": "31,210", "Diluted Average Shares": "31,474", "Total Operating Income as Reported": "446,345", "Total Expenses": "737,948", "Net Income from Continuing & Discontinued Operation": "167,869", "Normalized Income": "346,902", "Interest Expense": "205,983", "Net Interest Income": "-226,760", "EBIT": "407,225", "EBITDA": "-", "Reconciled Cost of Revenue": "440,230", "Reconciled Depreciation": "41,029", "Net Income from Continuing Operation Net Minority Interest": "167,869", "Total Unusual Items Excluding Goodwill": "-213,388", "Total Unusual Items": "-213,388", "Normalized EBITDA": "661,642", "Tax Rate for Calcs": "0", "Tax Effect of Unusual Items": "-34,355"}, "12/31/2018": {"Duration": "12/31/2018", "Total Revenue": "1,362,030", "Cost of Revenue": "417,012", "Gross Profit": "945,018", "Operating Expense": "334,514", "Operating Income": "610,504", "Net Non Operating Interest Income Expense": "-240,048", "Other Income Expense": "-213,968", "Pretax Income": "156,488", "Tax Provision": "46,752", "Net Income Common Stockholders": "115,886", "Diluted NI Available to Com Stockholders": "115,886", "Basic EPS": "4.09", "Diluted EPS": "4.06", "Basic Average Shares": "28,313", "Diluted Average Shares": "28,572", "Total Operating Income as Reported": "405,300", "Total Expenses": "751,526", "Net Income from Continuing & Discontinued Operation": "115,886", "Normalized Income": "259,734", "Interest Expense": "214,716", "Net Interest Income": "-240,048", "EBIT": "371,204", "EBITDA": "-", "Reconciled Cost of Revenue": "417,012", "Reconciled Depreciation": "41,228", "Net Income from Continuing Operation Net Minority Interest": "115,886", "Total Unusual Items Excluding Goodwill": "-205,204", "Total Unusual Items": "-205,204", "Normalized EBITDA": "617,636", "Tax Rate for Calcs": "0", "Tax Effect of Unusual Items": "-61,356"}}, "cf": {"TTM": {"Duration": "TTM", "Operating Cash Flow": "312,864", "Investing Cash Flow": "82,826", "Financing Cash Flow": "-403,200", "End Cash Position": "189,184", "Income Tax Paid Supplemental Data": "88,816", "Interest Paid Supplemental Data": "169,553", "Capital Expenditure": "-34,600", "Issuance of Debt": "3,134,019", "Repayment of Debt": "-3,413,942", "Free Cash Flow": "278,264"}, "12/31/2020": {"Duration": "12/31/2020", "Operating Cash Flow": "312,864", "Investing Cash Flow": "82,826", "Financing Cash Flow": "-403,200", "End Cash Position": "189,184", "Income Tax Paid Supplemental Data": "88,816", "Interest Paid Supplemental Data": "169,553", "Capital Expenditure": "-34,600", "Issuance of Debt": "3,134,019", "Repayment of Debt": "-3,413,942", "Free Cash Flow": "278,264"}, "12/31/2019": {"Duration": "12/31/2019", "Operating Cash Flow": "244,733", "Investing Cash Flow": "-202,333", "Financing Cash Flow": "-19,770", "End Cash Position": "192,335", "Income Tax Paid Supplemental Data": "43,973", "Interest Paid Supplemental Data": "178,948", "Capital Expenditure": "-39,602", "Issuance of Debt": "1,176,541", "Repayment of Debt": "-1,167,328", "Free Cash Flow": "205,131"}, "12/31/2018": {"Duration": "12/31/2018", "Operating Cash Flow": "186,791", "Investing Cash Flow": "-397,516", "Financing Cash Flow": "166,377", "End Cash Position": "157,418", "Income Tax Paid Supplemental Data": "30,247", "Interest Paid Supplemental Data": "198,797", "Capital Expenditure": "-67,475", "Issuance of Debt": "1,142,380", "Repayment of Debt": "-716,888", "Free Cash Flow": "119,316"}}}}, {"CNS": {"quote": {"03/28/2021": {"value": "65.09", "Market Cap": "3.139B", "Beta (5Y Monthly)": "1.37", "PE Ratio (TTM)": "41.46", "EPS (TTM)": "1.57", "Earnings Date": "Apr 20, 2021 - Apr 26, 2021", "Forward Dividend & Yield": "1.80 (2.77%)", "Ex-Dividend Date": "Mar 05, 2021", "1y Target Est": "80.25"}}, "fin": {"TTM": {"Duration": "TTM", "Total Revenue": "427,536", "Cost of Revenue": "271,541", "Gross Profit": "155,995", "Operating Expense": "60,938", "Operating Income": "95,057", "Net Non Operating Interest Income Expense": "3,362", "Other Income Expense": "-5,032", "Pretax Income": "93,387", "Tax Provision": "18,222", "Net Income Common Stockholders": "76,584", "Diluted NI Available to Com Stockholders": "76,584", "Basic EPS": "-", "Diluted EPS": "-", "Basic Average Shares": "-", "Diluted Average Shares": "-", "Total Operating Income as Reported": "95,057", "Total Expenses": "332,479", "Net Income from Continuing & Discontinued Operation": "76,584", "Normalized Income": "80,650", "Interest Income": "3,362", "Net Interest Income": "3,362", "EBIT": "95,057", "EBITDA": "109,837", "Reconciled Cost of Revenue": "261,413", "Reconciled Depreciation": "14,780", "Net Income from Continuing Operation Net Minority Interest": "76,584", "Total Unusual Items Excluding Goodwill": "-5,032", "Total Unusual Items": "-5,032", "Normalized EBITDA": "114,869", "Tax Rate for Calcs": "0", "Tax Effect of Unusual Items": "-966.144"}, "12/31/2020": {"Duration": "12/31/2020", "Total Revenue": "427,536", "Cost of Revenue": "271,541", "Gross Profit": "155,995", "Operating Expense": "60,938", "Operating Income": "95,057", "Net Non Operating Interest Income Expense": "3,362", "Other Income Expense": "-5,032", "Pretax Income": "93,387", "Tax Provision": "18,222", "Net Income Common Stockholders": "76,584", "Diluted NI Available to Com Stockholders": "76,584", "Basic EPS": "-", "Diluted EPS": "-", "Basic Average Shares": "-", "Diluted Average Shares": "-", "Total Operating Income as Reported": "95,057", "Total Expenses": "332,479", "Net Income from Continuing & Discontinued Operation": "76,584", "Normalized Income": "80,650", "Interest Income": "3,362", "Net Interest Income": "3,362", "EBIT": "95,057", "EBITDA": "-", "Reconciled Cost of Revenue": "261,413", "Reconciled Depreciation": "14,780", "Net Income from Continuing Operation Net Minority Interest": "76,584", "Total Unusual Items Excluding Goodwill": "-5,032", "Total Unusual Items": "-5,032", "Normalized EBITDA": "114,869", "Tax Rate for Calcs": "0", "Tax Effect of Unusual Items": "-966.144"}, "12/31/2019": {"Duration": "12/31/2019", "Total Revenue": "410,830", "Cost of Revenue": "198,668", "Gross Profit": "212,162", "Operating Expense": "52,028", "Operating Income": "160,134", "Net Non Operating Interest Income Expense": "6,716", "Other Income Expense": "20,699", "Pretax Income": "187,549", "Tax Provision": "40,565", "Net Income Common Stockholders": "134,621", "Diluted NI Available to Com Stockholders": "134,621", "Basic EPS": "2.85", "Diluted EPS": "2.79", "Basic Average Shares": "47,273", "Diluted Average Shares": "48,297", "Total Operating Income as Reported": "160,134", "Total Expenses": "250,696", "Net Income from Continuing & Discontinued Operation": "134,621", "Normalized Income": "118,724", "Interest Income": "6,716", "Net Interest Income": "6,716", "EBIT": "160,134", "EBITDA": "-", "Reconciled Cost of Revenue": "188,620", "Reconciled Depreciation": "14,444", "Net Income from Continuing Operation Net Minority Interest": "134,621", "Total Unusual Items Excluding Goodwill": "20,699", "Total Unusual Items": "20,699", "Normalized EBITDA": "153,879", "Tax Rate for Calcs": "0", "Tax Effect of Unusual Items": "4,802"}, "12/31/2018": {"Duration": "12/31/2018", "Total Revenue": "381,111", "Cost of Revenue": "181,335", "Gross Profit": "199,776", "Operating Expense": "52,738", "Operating Income": "147,038", "Net Non Operating Interest Income Expense": "10,426", "Other Income Expense": "-13,685", "Pretax Income": "143,779", "Tax Provision": "34,257", "Net Income Common Stockholders": "113,896", "Diluted NI Available to Com Stockholders": "113,896", "Basic EPS": "2.43", "Diluted EPS": "2.40", "Basic Average Shares": "46,794", "Diluted Average Shares": "47,381", "Total Operating Income as Reported": "147,038", "Total Expenses": "234,073", "Net Income from Continuing & Discontinued Operation": "113,896", "Normalized Income": "124,420", "Interest Income": "10,426", "Net Interest Income": "10,426", "EBIT": "147,038", "EBITDA": "-", "Reconciled Cost of Revenue": "181,335", "Reconciled Depreciation": "4,473", "Net Income from Continuing Operation Net Minority Interest": "113,896", "Total Unusual Items Excluding Goodwill": "-13,685", "Total Unusual Items": "-13,685", "Normalized EBITDA": "165,196", "Tax Rate for Calcs": "0", "Tax Effect of Unusual Items": "-3,161"}}, "bs": {"12/31/2020": {"Duration": "12/31/2020", "Total Assets": "348,453", "Total Liabilities Net Minority Interest": "174,214", "Total Equity Gross Minority Interest": "174,239", "Total Capitalization": "174,239", "Common Stock Equity": "174,239", "Capital Lease Obligations": "34,926", "Net Tangible Assets": "153,744", "Working Capital": "95,116", "Invested Capital": "174,239", "Tangible Book Value": "153,744", "Total Debt": "34,926", "Share Issued": "53,463", "Ordinary Shares Number": "47,788", "Treasury Shares Number": "5,675"}, "12/31/2019": {"Duration": "12/31/2019", "Total Assets": "402,419", "Total Liabilities Net Minority Interest": "188,716", "Total Equity Gross Minority Interest": "213,703", "Total Capitalization": "213,703", "Common Stock Equity": "213,703", "Capital Lease Obligations": "43,349", "Net Tangible Assets": "194,143", "Working Capital": "132,318", "Invested Capital": "213,703", "Tangible Book Value": "194,143", "Total Debt": "43,349", "Share Issued": "52,580", "Ordinary Shares Number": "47,250", "Treasury Shares Number": "5,330"}, "12/31/2018": {"Duration": "12/31/2018", "Total Assets": "432,551", "Total Liabilities Net Minority Interest": "209,905", "Total Equity Gross Minority Interest": "222,646", "Total Capitalization": "222,646", "Common Stock Equity": "222,646", "Capital Lease Obligations": "-", "Net Tangible Assets": "202,895", "Working Capital": "125,077", "Invested Capital": "222,646", "Tangible Book Value": "202,895", "Total Debt": "-", "Share Issued": "51,818", "Ordinary Shares Number": "46,768", "Treasury Shares Number": "5,050"}}, "cf": {"TTM": {"Duration": "TTM", "Operating Cash Flow": "89,186", "Investing Cash Flow": "-1,770", "Financing Cash Flow": "-148,895", "End Cash Position": "41,232", "Capital Expenditure": "-2,502", "Issuance of Capital Stock": "859", "Repurchase of Capital Stock": "-25,937", "Free Cash Flow": "86,684"}, "12/31/2020": {"Duration": "12/31/2020", "Operating Cash Flow": "89,186", "Investing Cash Flow": "-1,770", "Financing Cash Flow": "-148,895", "End Cash Position": "41,232", "Capital Expenditure": "-2,502", "Issuance of Capital Stock": "859", "Repurchase of Capital Stock": "-25,937", "Free Cash Flow": "86,684"}, "12/31/2019": {"Duration": "12/31/2019", "Operating Cash Flow": "141,445", "Investing Cash Flow": "35,949", "Financing Cash Flow": "-170,130", "End Cash Position": "101,352", "Capital Expenditure": "-2,752", "Issuance of Capital Stock": "741", "Repurchase of Capital Stock": "-10,408", "Free Cash Flow": "138,693"}, "12/31/2018": {"Duration": "12/31/2018", "Operating Cash Flow": "72,598", "Investing Cash Flow": "-53,194", "Financing Cash Flow": "-118,110", "End Cash Position": "92,733", "Capital Expenditure": "-3,470", "Issuance of Capital Stock": "597", "Repurchase of Capital Stock": "-10,599", "Free Cash Flow": "69,128"}}}}, {"MC": {"quote": {"03/28/2021": {"value": "55.97", "Market Cap": "3.248B", "Beta (5Y Monthly)": "1.31", "PE Ratio (TTM)": "18.16", "EPS (TTM)": "3.08", "Earnings Date": "Apr 20, 2021 - Apr 26, 2021", "Forward Dividend & Yield": "2.20 (3.93%)", "Ex-Dividend Date": "Feb 19, 2021", "1y Target Est": "58.00"}}, "fin": {"TTM": {"Duration": "TTM", "Total Revenue": "943,276", "Cost of Revenue": "560,803", "Gross Profit": "382,473", "Operating Expense": "116,764", "Operating Income": "265,709", "Other Income Expense": "4,404", "Pretax Income": "270,113", "Tax Provision": "51,675", "Net Income Common Stockholders": "178,831", "Diluted NI Available to Com Stockholders": "178,831", "Basic EPS": "-", "Diluted EPS": "-", "Basic Average Shares": "-", "Diluted Average Shares": "-", "Total Operating Income as Reported": "265,709", "Rent Expense Supplemental": "30,033", "Total Expenses": "677,567", "Net Income from Continuing & Discontinued Operation": "178,831", "Normalized Income": "178,831", "EBIT": "265,709", "EBITDA": "270,417", "Reconciled Cost of Revenue": "560,803", "Reconciled Depreciation": "4,708", "Net Income from Continuing Operation Net Minority Interest": "178,831", "Normalized EBITDA": "270,417", "Tax Rate for Calcs": "0", "Tax Effect of Unusual Items": "0"}, "12/31/2020": {"Duration": "12/31/2020", "Total Revenue": "943,276", "Cost of Revenue": "560,803", "Gross Profit": "382,473", "Operating Expense": "116,764", "Operating Income": "265,709", "Other Income Expense": "4,404", "Pretax Income": "270,113", "Tax Provision": "51,675", "Net Income Common Stockholders": "178,831", "Diluted NI Available to Com Stockholders": "178,831", "Basic EPS": "-", "Diluted EPS": "-", "Basic Average Shares": "-", "Diluted Average Shares": "-", "Total Operating Income as Reported": "265,709", "Rent Expense Supplemental": "30,033", "Total Expenses": "677,567", "Net Income from Continuing & Discontinued Operation": "178,831", "Normalized Income": "178,831", "EBIT": "265,709", "EBITDA": "-", "Reconciled Cost of Revenue": "560,803", "Reconciled Depreciation": "4,708", "Net Income from Continuing Operation Net Minority Interest": "178,831", "Normalized EBITDA": "270,417", "Tax Rate for Calcs": "0", "Tax Effect of Unusual Items": "0"}, "12/31/2019": {"Duration": "12/31/2019", "Total Revenue": "746,534", "Cost of Revenue": "488,439", "Gross Profit": "258,095", "Operating Expense": "143,552", "Operating Income": "114,543", "Other Income Expense": "32,962", "Pretax Income": "147,505", "Tax Provision": "11,813", "Net Income Common Stockholders": "105,095", "Diluted NI Available to Com Stockholders": "105,095", "Basic EPS": "2.09", "Diluted EPS": "1.89", "Basic Average Shares": "50,374", "Diluted Average Shares": "55,513", "Total Operating Income as Reported": "114,543", "Rent Expense Supplemental": "20,209", "Total Expenses": "631,991", "Net Income from Continuing & Discontinued Operation": "105,095", "Normalized Income": "105,095", "EBIT": "114,543", "EBITDA": "-", "Reconciled Cost of Revenue": "488,439", "Reconciled Depreciation": "4,965", "Net Income from Continuing Operation Net Minority Interest": "105,095", "Normalized EBITDA": "119,508", "Tax Rate for Calcs": "0", "Tax Effect of Unusual Items": "0"}, "12/31/2018": {"Duration": "12/31/2018", "Total Revenue": "885,840", "Cost of Revenue": "513,863", "Gross Profit": "371,977", "Operating Expense": "145,196", "Operating Income": "226,781", "Other Income Expense": "11,671", "Pretax Income": "238,452", "Tax Provision": "30,448", "Net Income Common Stockholders": "140,680", "Diluted NI Available to Com Stockholders": "140,680", "Basic EPS": "3.26", "Diluted EPS": "2.78", "Basic Average Shares": "43,216", "Diluted Average Shares": "50,691", "Total Operating Income as Reported": "226,781", "Rent Expense Supplemental": "18,952", "Total Expenses": "659,059", "Net Income from Continuing & Discontinued Operation": "140,680", "Normalized Income": "140,680", "EBIT": "226,781", "EBITDA": "-", "Reconciled Cost of Revenue": "513,863", "Reconciled Depreciation": "4,625", "Net Income from Continuing Operation Net Minority Interest": "140,680", "Normalized EBITDA": "231,406", "Tax Rate for Calcs": "0", "Tax Effect of Unusual Items": "0"}}, "bs": {"12/31/2020": {"Duration": "12/31/2020", "Total Assets": "1,196,444", "Total Liabilities Net Minority Interest": "751,971", "Total Equity Gross Minority Interest": "444,473", "Total Capitalization": "479,948", "Common Stock Equity": "479,948", "Capital Lease Obligations": "196,614", "Net Tangible Assets": "479,948", "Working Capital": "59,413", "Invested Capital": "479,948", "Tangible Book Value": "479,948", "Total Debt": "196,614", "Share Issued": "61,990", "Ordinary Shares Number": "58,031", "Treasury Shares Number": "3,959"}, "12/31/2019": {"Duration": "12/31/2019", "Total Assets": "1,071,699", "Total Liabilities Net Minority Interest": "677,872", "Total Equity Gross Minority Interest": "393,827", "Total Capitalization": "442,827", "Common Stock Equity": "442,827", "Capital Lease Obligations": "197,625", "Net Tangible Assets": "442,827", "Working Capital": "45,130", "Invested Capital": "442,827", "Tangible Book Value": "442,827", "Total Debt": "197,625", "Share Issued": "52,779", "Ordinary Shares Number": "50,022", "Treasury Shares Number": "2,758"}, "12/31/2018": {"Duration": "12/31/2018", "Total Assets": "914,375", "Total Liabilities Net Minority Interest": "542,622", "Total Equity Gross Minority Interest": "371,753", "Total Capitalization": "404,361", "Common Stock Equity": "404,361", "Capital Lease Obligations": "-", "Net Tangible Assets": "404,361", "Working Capital": "112,857", "Invested Capital": "404,361", "Tangible Book Value": "404,361", "Total Debt": "-", "Share Issued": "47,037", "Ordinary Shares Number": "45,611", "Treasury Shares Number": "1,426"}}, "cf": {"TTM": {"Duration": "TTM", "Operating Cash Flow": "429,215", "Investing Cash Flow": "-39,951", "Financing Cash Flow": "-351,790", "End Cash Position": "203,284", "Income Tax Paid Supplemental Data": "-", "Capital Expenditure": "-40,659", "Repurchase of Capital Stock": "-44,334", "Free Cash Flow": "388,556"}, "12/31/2020": {"Duration": "12/31/2020", "Operating Cash Flow": "429,215", "Investing Cash Flow": "-39,951", "Financing Cash Flow": "-351,790", "End Cash Position": "203,284", "Income Tax Paid Supplemental Data": "-", "Capital Expenditure": "-40,659", "Repurchase of Capital Stock": "-44,334", "Free Cash Flow": "388,556"}, "12/31/2019": {"Duration": "12/31/2019", "Operating Cash Flow": "209,307", "Investing Cash Flow": "-51,873", "Financing Cash Flow": "-252,692", "End Cash Position": "168,572", "Income Tax Paid Supplemental Data": "13,405", "Capital Expenditure": "-6,467", "Repurchase of Capital Stock": "-51,175", "Free Cash Flow": "202,840"}, "12/31/2018": {"Duration": "12/31/2018", "Operating Cash Flow": "390,889", "Investing Cash Flow": "9,284", "Financing Cash Flow": "-351,741", "End Cash Position": "261,771", "Income Tax Paid Supplemental Data": "23,491", "Capital Expenditure": "-6,920", "Repurchase of Capital Stock": "-33,766", "Free Cash Flow": "383,969"}}}}, {"CORR": {"quote": {"03/28/2021": {"value": "7.24", "Market Cap": "98.837M", "Beta (5Y Monthly)": "1.24", "PE Ratio (TTM)": "N/A", "EPS (TTM)": "-23.09", "Earnings Date": "May 10, 2021 - May 14, 2021", "Forward Dividend & Yield": "0.20 (2.76%)", "Ex-Dividend Date": "Feb 11, 2021", "1y Target Est": "8.25"}}, "fin": {"TTM": {"Duration": "TTM", "Total Revenue": "11,338", "Cost of Revenue": "6,060", "Gross Profit": "5,278", "Operating Expense": "19,955", "Operating Income": "-14,676", "Net Non Operating Interest Income Expense": "-10,302", "Other Income Expense": "-281,174", "Pretax Income": "-306,152", "Tax Provision": "-84.858", "Net Income Common Stockholders": "-315,257", "Average Dilution Earnings": "-", "Diluted NI Available to Com Stockholders": "-315,257", "Basic EPS": "-", "Diluted EPS": "-", "Basic Average Shares": "-", "Diluted Average Shares": "-", "Total Operating Income as Reported": "-307,872", "Total Expenses": "26,014", "Net Income from Continuing & Discontinued Operation": "-306,068", "Normalized Income": "-24,971", "Interest Income": "-", "Interest Expense": "10,302", "Net Interest Income": "-10,302", "EBIT": "-295,851", "EBITDA": "-280,926", "Reconciled Cost of Revenue": "4,790", "Reconciled Depreciation": "14,924", "Net Income from Continuing Operation Net Minority Interest": "-306,068", "Total Unusual Items Excluding Goodwill": "-281,174", "Total Unusual Items": "-281,174", "Normalized EBITDA": "248.105", "Tax Rate for Calcs": "0", "Tax Effect of Unusual Items": "-77.9347"}, "12/31/2020": {"Duration": "12/31/2020", "Total Revenue": "11,338", "Cost of Revenue": "6,060", "Gross Profit": "5,278", "Operating Expense": "19,955", "Operating Income": "-14,676", "Net Non Operating Interest Income Expense": "-10,302", "Other Income Expense": "-281,174", "Pretax Income": "-306,152", "Tax Provision": "-84.858", "Net Income Common Stockholders": "-315,257", "Average Dilution Earnings": "-", "Diluted NI Available to Com Stockholders": "-315,257", "Basic EPS": "-23.09", "Diluted EPS": "-23.09", "Basic Average Shares": "13,651", "Diluted Average Shares": "13,651", "Total Operating Income as Reported": "-307,872", "Total Expenses": "26,014", "Net Income from Continuing & Discontinued Operation": "-306,068", "Normalized Income": "-24,971", "Interest Income": "-", "Interest Expense": "10,302", "Net Interest Income": "-10,302", "EBIT": "-295,851", "EBITDA": "-", "Reconciled Cost of Revenue": "4,790", "Reconciled Depreciation": "14,924", "Net Income from Continuing Operation Net Minority Interest": "-306,068", "Total Unusual Items Excluding Goodwill": "-281,174", "Total Unusual Items": "-281,174", "Normalized EBITDA": "248.105", "Tax Rate for Calcs": "0", "Tax Effect of Unusual Items": "-77.9347"}, "12/31/2019": {"Duration": "12/31/2019", "Total Revenue": "85,946", "Cost of Revenue": "5,242", "Gross Profit": "80,703", "Operating Expense": "30,765", "Operating Income": "49,938", "Net Non Operating Interest Income Expense": "-10,579", "Other Income Expense": "-35,045", "Pretax Income": "4,314", "Tax Provision": "234.618", "Net Income Common Stockholders": "-5,176", "Average Dilution Earnings": "0", "Diluted NI Available to Com Stockholders": "-5,176", "Basic EPS": "-0.40", "Diluted EPS": "-0.40", "Basic Average Shares": "13,042", "Diluted Average Shares": "13,042", "Total Operating Income as Reported": "47,525", "Total Expenses": "36,007", "Net Income from Continuing & Discontinued Operation": "4,079", "Normalized Income": "37,219", "Interest Income": "-", "Interest Expense": "10,579", "Net Interest Income": "-10,579", "EBIT": "14,893", "EBITDA": "-", "Reconciled Cost of Revenue": "4,016", "Reconciled Depreciation": "23,808", "Net Income from Continuing Operation Net Minority Interest": "4,079", "Total Unusual Items Excluding Goodwill": "-35,045", "Total Unusual Items": "-35,045", "Normalized EBITDA": "73,746", "Tax Rate for Calcs": "0", "Tax Effect of Unusual Items": "-1,906"}, "12/31/2018": {"Duration": "12/31/2018", "Total Revenue": "89,232", "Cost of Revenue": "7,211", "Gross Profit": "82,021", "Operating Expense": "37,953", "Operating Income": "44,067", "Net Non Operating Interest Income Expense": "-12,759", "Other Income Expense": "9,985", "Pretax Income": "41,293", "Tax Provision": "-2,419", "Net Income Common Stockholders": "34,163", "Average Dilution Earnings": "8,766", "Diluted NI Available to Com Stockholders": "42,930", "Basic EPS": "2.86", "Diluted EPS": "2.79", "Basic Average Shares": "11,935", "Diluted Average Shares": "15,389", "Total Operating Income as Reported": "44,067", "Total Expenses": "45,164", "Net Income from Continuing & Discontinued Operation": "43,712", "Normalized Income": "36,423", "Interest Income": "0", "Interest Expense": "12,759", "Net Interest Income": "-12,759", "EBIT": "54,052", "EBITDA": "-", "Reconciled Cost of Revenue": "5,796", "Reconciled Depreciation": "26,362", "Net Income from Continuing Operation Net Minority Interest": "43,712", "Total Unusual Items Excluding Goodwill": "9,985", "Total Unusual Items": "9,985", "Normalized EBITDA": "70,429", "Tax Rate for Calcs": "0", "Tax Effect of Unusual Items": "2,696"}}, "bs": {"12/31/2020": {"Duration": "12/31/2020", "Total Assets": "284,953", "Total Liabilities Net Minority Interest": "135,553", "Total Equity Gross Minority Interest": "149,400", "Total Capitalization": "264,408", "Preferred Stock Equity": "125,270", "Common Stock Equity": "24,129", "Net Tangible Assets": "147,681", "Working Capital": "101,054", "Invested Capital": "139,138", "Tangible Book Value": "22,411", "Total Debt": "115,008", "Net Debt": "15,411", "Share Issued": "13,652", "Ordinary Shares Number": "13,652", "Preferred Shares Number": "5,011"}, "12/31/2019": {"Duration": "12/31/2019", "Total Assets": "651,456", "Total Liabilities Net Minority Interest": "174,716", "Total Equity Gross Minority Interest": "476,739", "Total Capitalization": "595,063", "Preferred Stock Equity": "125,493", "Common Stock Equity": "351,246", "Net Tangible Assets": "475,021", "Working Capital": "115,447", "Invested Capital": "503,356", "Tangible Book Value": "349,527", "Total Debt": "152,109", "Net Debt": "31,246", "Share Issued": "13,639", "Ordinary Shares Number": "13,639", "Preferred Shares Number": "5,020"}, "12/31/2018": {"Duration": "12/31/2018", "Total Assets": "624,883", "Total Liabilities Net Minority Interest": "169,872", "Total Equity Gross Minority Interest": "455,011", "Total Capitalization": "567,789", "Preferred Stock Equity": "125,556", "Common Stock Equity": "329,456", "Net Tangible Assets": "453,292", "Working Capital": "64,696", "Invested Capital": "479,494", "Tangible Book Value": "327,737", "Total Debt": "150,038", "Net Debt": "80,751", "Share Issued": "11,960", "Ordinary Shares Number": "11,960", "Preferred Shares Number": "5,022"}}, "cf": {"TTM": {"Duration": "TTM", "Operating Cash Flow": "10,383", "Investing Cash Flow": "-2,128", "Financing Cash Flow": "-29,522", "End Cash Position": "99,597", "Income Tax Paid Supplemental Data": "-", "Interest Paid Supplemental Data": "9,272", "Capital Expenditure": "-2,186", "Issuance of Capital Stock": "-", "Issuance of Debt": "0", "Repayment of Debt": "-7,831", "Repurchase of Capital Stock": "-161.997", "Free Cash Flow": "8,197"}, "12/31/2020": {"Duration": "12/31/2020", "Operating Cash Flow": "10,383", "Investing Cash Flow": "-2,128", "Financing Cash Flow": "-29,522", "End Cash Position": "99,597", "Income Tax Paid Supplemental Data": "-", "Interest Paid Supplemental Data": "9,272", "Capital Expenditure": "-2,186", "Issuance of Capital Stock": "-", "Issuance of Debt": "0", "Repayment of Debt": "-7,831", "Repurchase of Capital Stock": "-161.997", "Free Cash Flow": "8,197"}, "12/31/2019": {"Duration": "12/31/2019", "Operating Cash Flow": "61,779", "Investing Cash Flow": "4,699", "Financing Cash Flow": "-14,902", "End Cash Position": "120,864", "Income Tax Paid Supplemental Data": "89.433", "Interest Paid Supplemental Data": "6,834", "Capital Expenditure": "-372.934", "Issuance of Capital Stock": "0", "Issuance of Debt": "116,355", "Repayment of Debt": "-82,468", "Repurchase of Capital Stock": "-60.55", "Free Cash Flow": "61,406"}, "12/31/2018": {"Duration": "12/31/2018", "Operating Cash Flow": "48,623", "Investing Cash Flow": "56,816", "Financing Cash Flow": "-51,939", "End Cash Position": "69,287", "Income Tax Paid Supplemental Data": "2,137", "Interest Paid Supplemental Data": "11,201", "Capital Expenditure": "-105.357", "Issuance of Capital Stock": "0", "Issuance of Debt": "0", "Repayment of Debt": "-3,528", "Repurchase of Capital Stock": "-4,276", "Free Cash Flow": "48,623"}}}}, {"SEIC": {"quote": {"03/28/2021": {"value": "61.33", "Market Cap": "8.802B", "Beta (5Y Monthly)": "1.11", "PE Ratio (TTM)": "20.44", "EPS (TTM)": "3.00", "Earnings Date": "Apr 21, 2021 - Apr 26, 2021", "Forward Dividend & Yield": "0.74 (1.21%)", "Ex-Dividend Date": "Dec 18, 2020", "1y Target Est": "68.60"}}, "fin": {"TTM": {"Duration": "TTM", "Total Revenue": "1,684,058", "Cost of Revenue": "738,064", "Gross Profit": "945,994", "Operating Expense": "500,107", "Operating Income": "445,887", "Net Non Operating Interest Income Expense": "5,959", "Other Income Expense": "116,848", "Pretax Income": "568,694", "Tax Provision": "121,408", "Net Income Common Stockholders": "447,286", "Diluted NI Available to Com Stockholders": "447,286", "Basic EPS": "-", "Diluted EPS": "-", "Basic Average Shares": "-", "Diluted Average Shares": "-", "Total Operating Income as Reported": "445,887", "Total Expenses": "1,238,171", "Net Income from Continuing & Discontinued Operation": "447,286", "Normalized Income": "447,511", "Interest Income": "6,568", "Interest Expense": "609", "Net Interest Income": "5,959", "EBIT": "569,303", "EBITDA": "653,237", "Reconciled Cost of Revenue": "738,064", "Reconciled Depreciation": "83,934", "Net Income from Continuing Operation Net Minority Interest": "447,286", "Total Unusual Items Excluding Goodwill": "-286", "Total Unusual Items": "-286", "Normalized EBITDA": "653,523", "Tax Rate for Calcs": "0", "Tax Effect of Unusual Items": "-60.918"}, "12/31/2020": {"Duration": "12/31/2020", "Total Revenue": "1,684,058", "Cost of Revenue": "738,064", "Gross Profit": "945,994", "Operating Expense": "500,107", "Operating Income": "445,887", "Net Non Operating Interest Income Expense": "5,959", "Other Income Expense": "116,848", "Pretax Income": "568,694", "Tax Provision": "121,408", "Net Income Common Stockholders": "447,286", "Diluted NI Available to Com Stockholders": "447,286", "Basic EPS": "3.05", "Diluted EPS": "3.00", "Basic Average Shares": "146,709", "Diluted Average Shares": "149,003", "Total Operating Income as Reported": "445,887", "Total Expenses": "1,238,171", "Net Income from Continuing & Discontinued Operation": "447,286", "Normalized Income": "447,511", "Interest Income": "6,568", "Interest Expense": "609", "Net Interest Income": "5,959", "EBIT": "569,303", "EBITDA": "-", "Reconciled Cost of Revenue": "738,064", "Reconciled Depreciation": "83,934", "Net Income from Continuing Operation Net Minority Interest": "447,286", "Total Unusual Items Excluding Goodwill": "-286", "Total Unusual Items": "-286", "Normalized EBITDA": "653,523", "Tax Rate for Calcs": "0", "Tax Effect of Unusual Items": "-60.918"}, "12/31/2019": {"Duration": "12/31/2019", "Total Revenue": "1,649,885", "Cost of Revenue": "729,328", "Gross Profit": "920,557", "Operating Expense": "460,133", "Operating Income": "460,424", "Net Non Operating Interest Income Expense": "15,952", "Other Income Expense": "155,065", "Pretax Income": "631,441", "Tax Provision": "130,015", "Net Income Common Stockholders": "501,426", "Diluted NI Available to Com Stockholders": "501,426", "Basic EPS": "3.31", "Diluted EPS": "3.24", "Basic Average Shares": "151,540", "Diluted Average Shares": "154,901", "Total Operating Income as Reported": "460,424", "Total Expenses": "1,189,461", "Net Income from Continuing & Discontinued Operation": "501,426", "Normalized Income": "498,906", "Interest Income": "16,582", "Interest Expense": "630", "Net Interest Income": "15,952", "EBIT": "632,071", "EBITDA": "-", "Reconciled Cost of Revenue": "729,328", "Reconciled Depreciation": "80,855", "Net Income from Continuing Operation Net Minority Interest": "501,426", "Total Unusual Items Excluding Goodwill": "3,174", "Total Unusual Items": "3,174", "Normalized EBITDA": "709,752", "Tax Rate for Calcs": "0", "Tax Effect of Unusual Items": "653.844"}, "12/31/2018": {"Duration": "12/31/2018", "Total Revenue": "1,624,167", "Cost of Revenue": "724,195", "Gross Profit": "899,972", "Operating Expense": "457,984", "Operating Income": "441,988", "Net Non Operating Interest Income Expense": "12,752", "Other Income Expense": "159,466", "Pretax Income": "614,206", "Tax Provision": "108,338", "Net Income Common Stockholders": "505,868", "Diluted NI Available to Com Stockholders": "505,868", "Basic EPS": "3.23", "Diluted EPS": "3.14", "Basic Average Shares": "156,579", "Diluted Average Shares": "161,232", "Total Operating Income as Reported": "441,988", "Total Expenses": "1,182,179", "Net Income from Continuing & Discontinued Operation": "505,868", "Normalized Income": "506,136", "Interest Income": "13,397", "Interest Expense": "645", "Net Interest Income": "12,752", "EBIT": "614,851", "EBITDA": "-", "Reconciled Cost of Revenue": "724,195", "Reconciled Depreciation": "77,687", "Net Income from Continuing Operation Net Minority Interest": "505,868", "Total Unusual Items Excluding Goodwill": "-325", "Total Unusual Items": "-325", "Normalized EBITDA": "692,863", "Tax Rate for Calcs": "0", "Tax Effect of Unusual Items": "-57.2"}}, "bs": {"12/31/2020": {"Duration": "12/31/2020", "Total Assets": "2,167,256", "Total Liabilities Net Minority Interest": "427,349", "Total Equity Gross Minority Interest": "1,739,907", "Total Capitalization": "1,739,907", "Common Stock Equity": "1,739,907", "Capital Lease Obligations": "42,637", "Net Tangible Assets": "1,380,137", "Working Capital": "983,702", "Invested Capital": "1,739,907", "Tangible Book Value": "1,380,137", "Total Debt": "42,637", "Share Issued": "143,396", "Ordinary Shares Number": "143,396"}, "12/31/2019": {"Duration": "12/31/2019", "Total Assets": "2,151,370", "Total Liabilities Net Minority Interest": "412,592", "Total Equity Gross Minority Interest": "1,738,778", "Total Capitalization": "1,738,778", "Common Stock Equity": "1,738,778", "Capital Lease Obligations": "47,606", "Net Tangible Assets": "1,350,234", "Working Capital": "1,011,280", "Invested Capital": "1,738,778", "Tangible Book Value": "1,350,234", "Total Debt": "47,606", "Share Issued": "149,745", "Ordinary Shares Number": "149,745"}, "12/31/2018": {"Duration": "12/31/2018", "Total Assets": "1,971,668", "Total Liabilities Net Minority Interest": "378,521", "Total Equity Gross Minority Interest": "1,593,147", "Total Capitalization": "1,593,147", "Common Stock Equity": "1,593,147", "Capital Lease Obligations": "-", "Net Tangible Assets": "1,187,488", "Working Capital": "895,104", "Invested Capital": "1,593,147", "Tangible Book Value": "1,187,488", "Total Debt": "-", "Share Issued": "153,634", "Ordinary Shares Number": "153,634"}}, "cf": {"TTM": {"Duration": "TTM", "Operating Cash Flow": "488,682", "Investing Cash Flow": "-67,496", "Financing Cash Flow": "-482,135", "End Cash Position": "787,727", "Income Tax Paid Supplemental Data": "121,987", "Interest Paid Supplemental Data": "612", "Capital Expenditure": "-78,567", "Issuance of Capital Stock": "49,413", "Issuance of Debt": "-", "Repayment of Debt": "-", "Repurchase of Capital Stock": "-427,001", "Free Cash Flow": "410,115"}, "12/31/2020": {"Duration": "12/31/2020", "Operating Cash Flow": "488,682", "Investing Cash Flow": "-67,496", "Financing Cash Flow": "-482,135", "End Cash Position": "787,727", "Income Tax Paid Supplemental Data": "121,987", "Interest Paid Supplemental Data": "612", "Capital Expenditure": "-78,567", "Issuance of Capital Stock": "49,413", "Issuance of Debt": "-", "Repayment of Debt": "-", "Repurchase of Capital Stock": "-427,001", "Free Cash Flow": "410,115"}, "12/31/2019": {"Duration": "12/31/2019", "Operating Cash Flow": "545,122", "Investing Cash Flow": "-78,180", "Financing Cash Flow": "-386,620", "End Cash Position": "844,547", "Income Tax Paid Supplemental Data": "139,326", "Interest Paid Supplemental Data": "493", "Capital Expenditure": "-77,171", "Issuance of Capital Stock": "60,910", "Issuance of Debt": "0", "Repayment of Debt": "0", "Repurchase of Capital Stock": "-346,352", "Free Cash Flow": "467,951"}, "12/31/2018": {"Duration": "12/31/2018", "Operating Cash Flow": "588,401", "Investing Cash Flow": "-123,370", "Financing Cash Flow": "-443,720", "End Cash Position": "758,039", "Income Tax Paid Supplemental Data": "110,203", "Interest Paid Supplemental Data": "806", "Capital Expenditure": "-73,316", "Issuance of Capital Stock": "87,982", "Issuance of Debt": "0", "Repayment of Debt": "-30,000", "Repurchase of Capital Stock": "-407,384", "Free Cash Flow": "515,085"}}}}, {"CSWC": {"quote": {"03/28/2021": {"value": "21.97", "Market Cap": "436.496M", "Beta (5Y Monthly)": "1.23", "PE Ratio (TTM)": "26.19", "EPS (TTM)": "0.84", "Earnings Date": "Feb 02, 2021", "Forward Dividend & Yield": "1.68 (7.65%)", "Ex-Dividend Date": "Mar 12, 2021", "1y Target Est": "20.57"}}, "fin": {"TTM": {"Duration": "TTM", "Total Revenue": "35,426", "Pretax Income": "19,523", "Tax Provision": "3,817", "Net Income Common Stockholders": "15,706", "Diluted NI Available to Com Stockholders": "15,706", "Basic EPS": "-", "Diluted EPS": "-", "Basic Average Shares": "-", "Diluted Average Shares": "-", "Net Income from Continuing & Discontinued Operation": "15,706", "Normalized Income": "15,706", "Reconciled Depreciation": "2,273", "Net Income from Continuing Operation Net Minority Interest": "15,706", "Tax Rate for Calcs": "0", "Tax Effect of Unusual Items": "0"}, "3/31/2020": {"Duration": "3/31/2020", "Total Revenue": "-236", "Pretax Income": "-16,145", "Tax Provision": "6,206", "Net Income Common Stockholders": "-22,351", "Diluted NI Available to Com Stockholders": "-22,351", "Basic EPS": "-1.24", "Diluted EPS": "-1.24", "Basic Average Shares": "18,000", "Diluted Average Shares": "18,000", "Net Income from Continuing & Discontinued Operation": "-22,351", "Normalized Income": "-22,351", "Reconciled Depreciation": "2,405", "Net Income from Continuing Operation Net Minority Interest": "-22,351", "Tax Rate for Calcs": "0", "Tax Effect of Unusual Items": "0"}, "3/31/2019": {"Duration": "3/31/2019", "Total Revenue": "48,873", "Pretax Income": "33,928", "Tax Provision": "870", "Net Income Common Stockholders": "33,058", "Diluted NI Available to Com Stockholders": "33,058", "Basic EPS": "1.98", "Diluted EPS": "1.98", "Basic Average Shares": "16,727", "Diluted Average Shares": "16,734", "Net Income from Continuing & Discontinued Operation": "33,058", "Normalized Income": "33,058", "Reconciled Depreciation": "1,393", "Net Income from Continuing Operation Net Minority Interest": "33,058", "Tax Rate for Calcs": "0", "Tax Effect of Unusual Items": "0"}, "3/31/2018": {"Duration": "3/31/2018", "Total Revenue": "53,192", "Pretax Income": "39,369", "Tax Provision": "62", "Net Income Common Stockholders": "39,307", "Diluted NI Available to Com Stockholders": "39,307", "Basic EPS": "2.43", "Diluted EPS": "2.43", "Basic Average Shares": "16,162", "Diluted Average Shares": "16,162", "Net Income from Continuing & Discontinued Operation": "39,307", "Normalized Income": "39,307", "Reconciled Depreciation": "927", "Net Income from Continuing Operation Net Minority Interest": "39,307", "Tax Rate for Calcs": "0", "Tax Effect of Unusual Items": "0"}}, "bs": {"3/31/2020": {"Duration": "3/31/2020", "Total Assets": "584,959", "Total Liabilities Net Minority Interest": "312,737", "Total Equity Gross Minority Interest": "272,222", "Total Capitalization": "575,518", "Common Stock Equity": "272,222", "Net Tangible Assets": "272,222", "Invested Capital": "575,518", "Tangible Book Value": "272,222", "Total Debt": "303,296", "Net Debt": "289,552", "Share Issued": "20,338", "Ordinary Shares Number": "17,998", "Treasury Shares Number": "2,340"}, "3/31/2019": {"Duration": "3/31/2019", "Total Assets": "551,843", "Total Liabilities Net Minority Interest": "225,880", "Total Equity Gross Minority Interest": "325,963", "Total Capitalization": "542,062", "Common Stock Equity": "325,963", "Net Tangible Assets": "325,963", "Invested Capital": "542,062", "Tangible Book Value": "325,963", "Total Debt": "216,099", "Net Debt": "206,175", "Share Issued": "19,843", "Ordinary Shares Number": "17,503", "Treasury Shares Number": "2,340"}}, "cf": {"TTM": {"Duration": "TTM", "Operating Cash Flow": "-69,477", "Financing Cash Flow": "90,235", "End Cash Position": "43,724", "Issuance of Capital Stock": "30,322", "Issuance of Debt": "299,500", "Repayment of Debt": "-191,000", "Repurchase of Capital Stock": "0", "Free Cash Flow": "-69,477"}, "3/31/2020": {"Duration": "3/31/2020", "Operating Cash Flow": "-47,947", "Financing Cash Flow": "51,767", "End Cash Position": "13,744", "Issuance of Capital Stock": "26,084", "Issuance of Debt": "205,500", "Repayment of Debt": "-119,000", "Repurchase of Capital Stock": "-9,209", "Free Cash Flow": "-47,947"}, "3/31/2019": {"Duration": "3/31/2019", "Operating Cash Flow": "-94,706", "Financing Cash Flow": "96,723", "End Cash Position": "9,924", "Issuance of Capital Stock": "18,891", "Issuance of Debt": "165,524", "Repayment of Debt": "-45,000", "Repurchase of Capital Stock": "-185", "Free Cash Flow": "-94,706"}}}}, {"GLCH": {"quote": {"03/28/2021": {"value": "", "Net Assets": "N/A", "Beta (5Y Monthly)": "N/A", "Yield": "N/A", "5y Average Return": "N/A", "Holdings Turnover": "N/A", "Last Dividend": "N/A", "Average for Category": "N/A", "Inception Date": "N/A"}}, "fin": {}, "cf": {}}}, {"CET": {"quote": {"03/28/2021": {"value": "37.82", "Market Cap": "992.412M", "Beta (5Y Monthly)": "0.86", "PE Ratio (TTM)": "13.46", "EPS (TTM)": "2.81", "Earnings Date": "Feb 07, 2020", "Forward Dividend & Yield": "1.70 (4.49%)", "Ex-Dividend Date": "Nov 13, 2020", "1y Target Est": "N/A"}}, "fin": {"TTM": {"Duration": "TTM", "Total Revenue": "79,895", "Pretax Income": "73,716", "Net Income Common Stockholders": "73,716", "Diluted NI Available to Com Stockholders": "73,716", "Basic EPS": "-", "Diluted EPS": "-", "Basic Average Shares": "-", "Diluted Average Shares": "-", "Net Income from Continuing & Discontinued Operation": "73,716", "Normalized Income": "73,716", "Reconciled Depreciation": "7.317", "Net Income from Continuing Operation Net Minority Interest": "73,716", "Tax Rate for Calcs": "0", "Tax Effect of Unusual Items": "0"}, "12/31/2020": {"Duration": "12/31/2020", "Total Revenue": "79,895", "Pretax Income": "73,716", "Net Income Common Stockholders": "73,716", "Diluted NI Available to Com Stockholders": "73,716", "Basic EPS": "-", "Diluted EPS": "-", "Basic Average Shares": "-", "Diluted Average Shares": "-", "Net Income from Continuing & Discontinued Operation": "73,716", "Normalized Income": "73,716", "Reconciled Depreciation": "7.317", "Net Income from Continuing Operation Net Minority Interest": "73,716", "Tax Rate for Calcs": "0", "Tax Effect of Unusual Items": "0"}, "12/31/2019": {"Duration": "12/31/2019", "Total Revenue": "256,964", "Pretax Income": "251,013", "Net Income Common Stockholders": "251,013", "Diluted NI Available to Com Stockholders": "251,013", "Basic EPS": "9.85", "Diluted EPS": "9.85", "Basic Average Shares": "25,484", "Diluted Average Shares": "25,484", "Net Income from Continuing & Discontinued Operation": "251,013", "Normalized Income": "251,013", "Reconciled Depreciation": "3.733", "Net Income from Continuing Operation Net Minority Interest": "251,013", "Tax Rate for Calcs": "0", "Tax Effect of Unusual Items": "0"}, "12/31/2018": {"Duration": "12/31/2018", "Total Revenue": "-28,486", "Pretax Income": "-34,279", "Net Income Common Stockholders": "-34,279", "Diluted NI Available to Com Stockholders": "-34,279", "Basic EPS": "-1.37", "Diluted EPS": "-1.37", "Basic Average Shares": "25,021", "Diluted Average Shares": "25,021", "Net Income from Continuing & Discontinued Operation": "-34,279", "Normalized Income": "-34,279", "Reconciled Depreciation": "4.402", "Net Income from Continuing Operation Net Minority Interest": "-34,279", "Tax Rate for Calcs": "0", "Tax Effect of Unusual Items": "0"}}, "bs": {"12/31/2020": {"Duration": "12/31/2020", "Total Assets": "1,037,066", "Total Liabilities Net Minority Interest": "729.115", "Total Equity Gross Minority Interest": "1,036,336", "Common Stock Equity": "1,036,336", "Net Tangible Assets": "1,036,336", "Tangible Book Value": "1,036,336", "Total Debt": "584.839", "Share Issued": "26,240", "Ordinary Shares Number": "26,240"}, "12/31/2019": {"Duration": "12/31/2019", "Total Assets": "995,711", "Total Liabilities Net Minority Interest": "1,116", "Total Equity Gross Minority Interest": "994,595", "Common Stock Equity": "994,595", "Net Tangible Assets": "994,595", "Tangible Book Value": "994,595", "Total Debt": "960.382", "Share Issued": "25,889", "Ordinary Shares Number": "25,889"}, "12/31/2018": {"Duration": "12/31/2018", "Total Assets": "765,462", "Total Liabilities Net Minority Interest": "118.925", "Total Equity Gross Minority Interest": "765,343", "Common Stock Equity": "765,343", "Net Tangible Assets": "765,343", "Tangible Book Value": "765,343", "Total Debt": "-", "Share Issued": "25,497", "Ordinary Shares Number": "25,497"}}, "cf": {"TTM": {"Duration": "TTM", "Operating Cash Flow": "32,703", "Financing Cash Flow": "-32,393", "End Cash Position": "970.842", "Repurchase of Capital Stock": "-5,367", "Free Cash Flow": "32,703"}, "12/31/2020": {"Duration": "12/31/2020", "Operating Cash Flow": "32,703", "Financing Cash Flow": "-32,393", "End Cash Position": "970.842", "Repurchase of Capital Stock": "-5,367", "Free Cash Flow": "32,703"}, "12/31/2019": {"Duration": "12/31/2019", "Operating Cash Flow": "22,498", "Financing Cash Flow": "-22,068", "End Cash Position": "660.845", "Repurchase of Capital Stock": "-428.002", "Free Cash Flow": "22,498"}, "12/31/2018": {"Duration": "12/31/2018", "Operating Cash Flow": "24,600", "Financing Cash Flow": "-27,031", "End Cash Position": "230.919", "Repurchase of Capital Stock": "-3,983", "Free Cash Flow": "24,600"}}}}, {"RAND": {"quote": {"03/28/2021": {"value": "18.89", "Market Cap": "48.777M", "Beta (5Y Monthly)": "0.29", "PE Ratio (TTM)": "57.59", "EPS (TTM)": "0.33", "Earnings Date": "Mar 08, 2021", "Forward Dividend & Yield": "0.40 (2.20%)", "Ex-Dividend Date": "Mar 12, 2021", "1y Target Est": "N/A"}}, "fin": {"TTM": {"Duration": "TTM", "Total Revenue": "3,040", "Non Interest Expense": "-", "Special Income Charges": "-", "Other Non Operating Income Expenses": "-", "Pretax Income": "2,072", "Tax Provision": "1,328", "Net Income Common Stockholders": "743.766", "Diluted NI Available to Com Stockholders": "743.766", "Basic EPS": "-", "Diluted EPS": "-", "Basic Average Shares": "-", "Diluted Average Shares": "-", "INTEREST_INCOME_AFTER_PROVISION_FOR_LOAN_LOSS": "-", "Net Income from Continuing & Discontinued Operation": "743.766", "Normalized Income": "743.766", "Reconciled Depreciation": "37.675", "Net Income from Continuing Operation Net Minority Interest": "743.766", "Total Unusual Items Excluding Goodwill": "-", "Total Unusual Items": "-", "Tax Rate for Calcs": "0", "Tax Effect of Unusual Items": "0"}, "12/31/2020": {"Duration": "12/31/2020", "Total Revenue": "3,040", "Non Interest Expense": "-", "Special Income Charges": "-", "Other Non Operating Income Expenses": "-", "Pretax Income": "2,072", "Tax Provision": "1,328", "Net Income Common Stockholders": "743.766", "Diluted NI Available to Com Stockholders": "743.766", "Basic EPS": "-", "Diluted EPS": "-", "Basic Average Shares": "-", "Diluted Average Shares": "-", "INTEREST_INCOME_AFTER_PROVISION_FOR_LOAN_LOSS": "-", "Net Income from Continuing & Discontinued Operation": "743.766", "Normalized Income": "743.766", "Reconciled Depreciation": "37.675", "Net Income from Continuing Operation Net Minority Interest": "743.766", "Total Unusual Items Excluding Goodwill": "-", "Total Unusual Items": "-", "Tax Rate for Calcs": "0", "Tax Effect of Unusual Items": "0"}, "12/31/2019": {"Duration": "12/31/2019", "Total Revenue": "-624.397", "Non Interest Expense": "-", "Special Income Charges": "-", "Other Non Operating Income Expenses": "-", "Pretax Income": "-2,902", "Tax Provision": "-611.921", "Net Income Common Stockholders": "-2,290", "Diluted NI Available to Com Stockholders": "-2,290", "Basic EPS": "-2.70", "Diluted EPS": "-2.70", "Basic Average Shares": "836.891", "Diluted Average Shares": "836.891", "INTEREST_INCOME_AFTER_PROVISION_FOR_LOAN_LOSS": "-", "Net Income from Continuing & Discontinued Operation": "-2,290", "Normalized Income": "-2,290", "Reconciled Depreciation": "37.295", "Net Income from Continuing Operation Net Minority Interest": "-2,290", "Total Unusual Items Excluding Goodwill": "-", "Total Unusual Items": "-", "Tax Rate for Calcs": "0", "Tax Effect of Unusual Items": "0"}, "12/31/2018": {"Duration": "12/31/2018", "Total Revenue": "1,112", "Non Interest Expense": "1,883", "Special Income Charges": "0", "Other Non Operating Income Expenses": "-", "Pretax Income": "-770.942", "Tax Provision": "-376.444", "Net Income Common Stockholders": "-394.498", "Diluted NI Available to Com Stockholders": "-394.498", "Basic EPS": "-0.54", "Diluted EPS": "-0.54", "Basic Average Shares": "702.442", "Diluted Average Shares": "702.442", "INTEREST_INCOME_AFTER_PROVISION_FOR_LOAN_LOSS": "1,225", "Net Income from Continuing & Discontinued Operation": "-394.498", "Normalized Income": "-394.498", "Reconciled Depreciation": "29.686", "Net Income from Continuing Operation Net Minority Interest": "-394.498", "Total Unusual Items Excluding Goodwill": "0", "Total Unusual Items": "0", "Tax Rate for Calcs": "0", "Tax Effect of Unusual Items": "0"}}, "bs": {"12/31/2020": {"Duration": "12/31/2020", "Total Assets": "60,967", "Total Liabilities Net Minority Interest": "14,862", "Total Equity Gross Minority Interest": "46,105", "Total Capitalization": "56,929", "Common Stock Equity": "46,105", "Net Tangible Assets": "46,105", "Invested Capital": "56,929", "Tangible Book Value": "46,105", "Total Debt": "10,825", "Net Debt": "-", "Share Issued": "2,649", "Ordinary Shares Number": "2,582", "Treasury Shares Number": "66.747"}, "12/31/2019": {"Duration": "12/31/2019", "Total Assets": "64,791", "Total Liabilities Net Minority Interest": "11,163", "Total Equity Gross Minority Interest": "53,629", "Total Capitalization": "64,415", "Common Stock Equity": "53,629", "Net Tangible Assets": "53,629", "Invested Capital": "64,415", "Tangible Book Value": "53,629", "Total Debt": "10,787", "Net Debt": "-", "Share Issued": "1,688", "Ordinary Shares Number": "1,628", "Treasury Shares Number": "60.116"}, "12/31/2018": {"Duration": "12/31/2018", "Total Assets": "40,522", "Total Liabilities Net Minority Interest": "8,998", "Total Equity Gross Minority Interest": "31,524", "Total Capitalization": "40,079", "Common Stock Equity": "31,524", "Net Tangible Assets": "31,524", "Invested Capital": "40,079", "Tangible Book Value": "31,524", "Total Debt": "8,554", "Net Debt": "4,521", "Share Issued": "762.558", "Ordinary Shares Number": "702.442", "Treasury Shares Number": "60.116"}}, "cf": {"TTM": {"Duration": "TTM", "Operating Cash Flow": "-616.97", "Investing Cash Flow": "-", "Financing Cash Flow": "-4,833", "End Cash Position": "20,365", "Issuance of Capital Stock": "0", "Issuance of Debt": "0", "Repayment of Debt": "-", "Repurchase of Capital Stock": "-76.729", "Free Cash Flow": "-616.97"}, "12/31/2020": {"Duration": "12/31/2020", "Operating Cash Flow": "-616.97", "Investing Cash Flow": "-", "Financing Cash Flow": "-4,833", "End Cash Position": "20,365", "Issuance of Capital Stock": "0", "Issuance of Debt": "0", "Repayment of Debt": "-", "Repurchase of Capital Stock": "-76.729", "Free Cash Flow": "-616.97"}, "12/31/2019": {"Duration": "12/31/2019", "Operating Cash Flow": "4,742", "Investing Cash Flow": "-", "Financing Cash Flow": "17,040", "End Cash Position": "25,816", "Issuance of Capital Stock": "14,845", "Issuance of Debt": "2,250", "Repayment of Debt": "-", "Repurchase of Capital Stock": "-", "Free Cash Flow": "4,742"}, "12/31/2018": {"Duration": "12/31/2018", "Operating Cash Flow": "-2,900", "Investing Cash Flow": "0", "Financing Cash Flow": "671.812", "End Cash Position": "4,034", "Issuance of Capital Stock": "-", "Issuance of Debt": "750", "Repayment of Debt": "-78.188", "Repurchase of Capital Stock": "0", "Free Cash Flow": "-2,900"}}}}, {"DHIL": {"quote": {"03/28/2021": {"value": "161.75", "Market Cap": "511.133M", "Beta (5Y Monthly)": "0.87", "PE Ratio (TTM)": "13.45", "EPS (TTM)": "12.03", "Earnings Date": "Apr 26, 2021 - Apr 30, 2021", "Forward Dividend & Yield": "4.00 (2.52%)", "Ex-Dividend Date": "Mar 10, 2021", "1y Target Est": "N/A"}}, "fin": {"TTM": {"Duration": "TTM", "Total Revenue": "126,388", "Cost of Revenue": "63,847", "Gross Profit": "62,541", "Operating Expense": "17,002", "Operating Income": "45,538", "Net Non Operating Interest Income Expense": "0", "Other Income Expense": "6,585", "Pretax Income": "52,123", "Tax Provision": "13,958", "Net Income Common Stockholders": "38,661", "Diluted NI Available to Com Stockholders": "38,661", "Basic EPS": "-", "Diluted EPS": "-", "Basic Average Shares": "-", "Diluted Average Shares": "-", "Total Operating Income as Reported": "45,538", "Total Expenses": "80,850", "Net Income from Continuing & Discontinued Operation": "38,661", "Normalized Income": "33,840", "Interest Income": "0", "Net Interest Income": "0", "EBIT": "45,538", "EBITDA": "46,531", "Reconciled Cost of Revenue": "63,847", "Reconciled Depreciation": "992.836", "Net Income from Continuing Operation Net Minority Interest": "38,661", "Total Unusual Items Excluding Goodwill": "6,585", "Total Unusual Items": "6,585", "Normalized EBITDA": "39,946", "Tax Rate for Calcs": "0", "Tax Effect of Unusual Items": "1,765"}, "12/31/2020": {"Duration": "12/31/2020", "Total Revenue": "126,388", "Cost of Revenue": "63,847", "Gross Profit": "62,541", "Operating Expense": "17,002", "Operating Income": "45,538", "Net Non Operating Interest Income Expense": "0", "Other Income Expense": "6,585", "Pretax Income": "52,123", "Tax Provision": "13,958", "Net Income Common Stockholders": "38,661", "Diluted NI Available to Com Stockholders": "38,661", "Basic EPS": "-", "Diluted EPS": "-", "Basic Average Shares": "-", "Diluted Average Shares": "-", "Total Operating Income as Reported": "45,538", "Total Expenses": "80,850", "Net Income from Continuing & Discontinued Operation": "38,661", "Normalized Income": "33,840", "Interest Income": "0", "Net Interest Income": "0", "EBIT": "45,538", "EBITDA": "-", "Reconciled Cost of Revenue": "63,847", "Reconciled Depreciation": "992.836", "Net Income from Continuing Operation Net Minority Interest": "38,661", "Total Unusual Items Excluding Goodwill": "6,585", "Total Unusual Items": "6,585", "Normalized EBITDA": "39,946", "Tax Rate for Calcs": "0", "Tax Effect of Unusual Items": "1,765"}, "12/31/2019": {"Duration": "12/31/2019", "Total Revenue": "136,624", "Cost of Revenue": "69,544", "Gross Profit": "67,081", "Operating Expense": "19,145", "Operating Income": "47,935", "Net Non Operating Interest Income Expense": "-", "Other Income Expense": "30,507", "Pretax Income": "78,443", "Tax Provision": "18,688", "Net Income Common Stockholders": "54,959", "Diluted NI Available to Com Stockholders": "54,959", "Basic EPS": "16.68", "Diluted EPS": "15.99", "Basic Average Shares": "3,295", "Diluted Average Shares": "3,437", "Total Operating Income as Reported": "47,935", "Total Expenses": "88,689", "Net Income from Continuing & Discontinued Operation": "54,959", "Normalized Income": "31,712", "Interest Income": "-", "Net Interest Income": "-", "EBIT": "47,935", "EBITDA": "-", "Reconciled Cost of Revenue": "69,544", "Reconciled Depreciation": "1,164", "Net Income from Continuing Operation Net Minority Interest": "54,959", "Total Unusual Items Excluding Goodwill": "30,507", "Total Unusual Items": "30,507", "Normalized EBITDA": "18,592", "Tax Rate for Calcs": "0", "Tax Effect of Unusual Items": "7,261"}, "12/31/2018": {"Duration": "12/31/2018", "Total Revenue": "145,628", "Cost of Revenue": "57,480", "Gross Profit": "88,148", "Operating Expense": "16,892", "Operating Income": "71,256", "Net Non Operating Interest Income Expense": "-", "Other Income Expense": "-6,273", "Pretax Income": "64,984", "Tax Provision": "18,669", "Net Income Common Stockholders": "47,376", "Diluted NI Available to Com Stockholders": "47,376", "Basic EPS": "13.54", "Diluted EPS": "13.48", "Basic Average Shares": "3,499", "Diluted Average Shares": "3,515", "Total Operating Income as Reported": "71,256", "Total Expenses": "74,371", "Net Income from Continuing & Discontinued Operation": "47,376", "Normalized Income": "51,848", "Interest Income": "-", "Net Interest Income": "-", "EBIT": "71,256", "EBITDA": "-", "Reconciled Cost of Revenue": "57,480", "Reconciled Depreciation": "1,159", "Net Income from Continuing Operation Net Minority Interest": "47,376", "Total Unusual Items Excluding Goodwill": "-6,273", "Total Unusual Items": "-6,273", "Normalized EBITDA": "78,688", "Tax Rate for Calcs": "0", "Tax Effect of Unusual Items": "-1,800"}}, "bs": {"12/31/2020": {"Duration": "12/31/2020", "Total Assets": "263,097", "Total Liabilities Net Minority Interest": "79,017", "Total Equity Gross Minority Interest": "184,081", "Total Capitalization": "184,081", "Preferred Stock Equity": "-", "Common Stock Equity": "184,081", "Net Tangible Assets": "184,081", "Working Capital": "83,116", "Invested Capital": "184,081", "Tangible Book Value": "184,081", "Share Issued": "3,169", "Ordinary Shares Number": "3,169"}, "12/31/2019": {"Duration": "12/31/2019", "Total Assets": "272,664", "Total Liabilities Net Minority Interest": "79,808", "Total Equity Gross Minority Interest": "192,856", "Total Capitalization": "192,856", "Preferred Stock Equity": "14,179", "Common Stock Equity": "192,856", "Net Tangible Assets": "192,856", "Working Capital": "81,819", "Invested Capital": "192,856", "Tangible Book Value": "192,856", "Share Issued": "3,295", "Ordinary Shares Number": "3,295"}, "12/31/2018": {"Duration": "12/31/2018", "Total Assets": "325,728", "Total Liabilities Net Minority Interest": "130,152", "Total Equity Gross Minority Interest": "195,576", "Total Capitalization": "195,576", "Preferred Stock Equity": "62,680", "Common Stock Equity": "195,576", "Net Tangible Assets": "195,576", "Working Capital": "62,009", "Invested Capital": "195,576", "Tangible Book Value": "195,576", "Share Issued": "3,499", "Ordinary Shares Number": "3,499"}}, "cf": {"TTM": {"Duration": "TTM", "Operating Cash Flow": "59,772", "Investing Cash Flow": "8,412", "Financing Cash Flow": "-62,882", "End Cash Position": "98,478", "Income Tax Paid Supplemental Data": "8,416", "Capital Expenditure": "-2,450", "Repurchase of Capital Stock": "-18,647", "Free Cash Flow": "57,322"}, "12/31/2020": {"Duration": "12/31/2020", "Operating Cash Flow": "59,772", "Investing Cash Flow": "8,412", "Financing Cash Flow": "-62,882", "End Cash Position": "98,478", "Income Tax Paid Supplemental Data": "8,416", "Capital Expenditure": "-2,450", "Repurchase of Capital Stock": "-18,647", "Free Cash Flow": "57,322"}, "12/31/2019": {"Duration": "12/31/2019", "Operating Cash Flow": "56,966", "Investing Cash Flow": "10,855", "Financing Cash Flow": "-59,075", "End Cash Position": "93,176", "Income Tax Paid Supplemental Data": "24,227", "Capital Expenditure": "-707.79", "Repurchase of Capital Stock": "-38,750", "Free Cash Flow": "56,258"}, "12/31/2018": {"Duration": "12/31/2018", "Operating Cash Flow": "28,131", "Investing Cash Flow": "-4,261", "Financing Cash Flow": "-16,042", "End Cash Position": "84,430", "Income Tax Paid Supplemental Data": "17,408", "Capital Expenditure": "-781.951", "Repurchase of Capital Stock": "-7,229", "Free Cash Flow": "27,349"}}}}, {"EVR": {"quote": {"03/28/2021": {"value": "129.50", "Market Cap": "5.442B", "Beta (5Y Monthly)": "1.71", "PE Ratio (TTM)": "15.75", "EPS (TTM)": "8.22", "Earnings Date": "Apr 20, 2021 - Apr 26, 2021", "Forward Dividend & Yield": "2.44 (1.88%)", "Ex-Dividend Date": "Feb 25, 2021", "1y Target Est": "147.25"}}, "fin": {"TTM": {"Duration": "TTM", "Total Revenue": "2,250,313", "Non Interest Expense": "1,723,318", "Income from Associates & Other Participating Interests": "14,398", "Special Income Charges": "-562", "Pretax Income": "540,831", "Tax Provision": "128,151", "Net Income Common Stockholders": "350,574", "Diluted NI Available to Com Stockholders": "350,574", "Basic EPS": "-", "Diluted EPS": "-", "Basic Average Shares": "-", "Diluted Average Shares": "-", "INTEREST_INCOME_AFTER_PROVISION_FOR_LOAN_LOSS": "-21,414", "Net Income from Continuing & Discontinued Operation": "350,574", "Normalized Income": "351,003", "Reconciled Depreciation": "30,002", "Net Income from Continuing Operation Net Minority Interest": "350,574", "Total Unusual Items Excluding Goodwill": "-562", "Total Unusual Items": "-562", "Tax Rate for Calcs": "0", "Tax Effect of Unusual Items": "-133.194"}, "12/31/2020": {"Duration": "12/31/2020", "Total Revenue": "2,250,313", "Non Interest Expense": "1,723,318", "Income from Associates & Other Participating Interests": "14,398", "Special Income Charges": "-562", "Pretax Income": "540,831", "Tax Provision": "128,151", "Net Income Common Stockholders": "350,574", "Diluted NI Available to Com Stockholders": "350,574", "Basic EPS": "-", "Diluted EPS": "-", "Basic Average Shares": "-", "Diluted Average Shares": "-", "INTEREST_INCOME_AFTER_PROVISION_FOR_LOAN_LOSS": "-21,414", "Net Income from Continuing & Discontinued Operation": "350,574", "Normalized Income": "351,003", "Reconciled Depreciation": "30,002", "Net Income from Continuing Operation Net Minority Interest": "350,574", "Total Unusual Items Excluding Goodwill": "-562", "Total Unusual Items": "-562", "Tax Rate for Calcs": "0", "Tax Effect of Unusual Items": "-133.194"}, "12/31/2019": {"Duration": "12/31/2019", "Total Revenue": "1,995,731", "Non Interest Expense": "1,557,007", "Income from Associates & Other Participating Interests": "10,996", "Special Income Charges": "-1,013", "Pretax Income": "448,707", "Tax Provision": "95,046", "Net Income Common Stockholders": "297,436", "Diluted NI Available to Com Stockholders": "297,436", "Basic EPS": "7.44", "Diluted EPS": "6.89", "Basic Average Shares": "39,994", "Diluted Average Shares": "43,194", "INTEREST_INCOME_AFTER_PROVISION_FOR_LOAN_LOSS": "-20,139", "Net Income from Continuing & Discontinued Operation": "297,436", "Normalized Income": "298,234", "Reconciled Depreciation": "35,730", "Net Income from Continuing Operation Net Minority Interest": "297,436", "Total Unusual Items Excluding Goodwill": "-1,013", "Total Unusual Items": "-1,013", "Tax Rate for Calcs": "0", "Tax Effect of Unusual Items": "-214.756"}, "12/31/2018": {"Duration": "12/31/2018", "Total Revenue": "2,053,235", "Non Interest Expense": "1,511,137", "Income from Associates & Other Participating Interests": "9,294", "Special Income Charges": "-21", "Pretax Income": "551,371", "Tax Provision": "108,520", "Net Income Common Stockholders": "377,240", "Diluted NI Available to Com Stockholders": "377,240", "Basic EPS": "9.29", "Diluted EPS": "8.33", "Basic Average Shares": "40,595", "Diluted Average Shares": "45,279", "INTEREST_INCOME_AFTER_PROVISION_FOR_LOAN_LOSS": "-17,771", "Net Income from Continuing & Discontinued Operation": "377,240", "Normalized Income": "377,257", "Reconciled Depreciation": "29,374", "Net Income from Continuing Operation Net Minority Interest": "377,240", "Total Unusual Items Excluding Goodwill": "-21", "Total Unusual Items": "-21", "Tax Rate for Calcs": "0", "Tax Effect of Unusual Items": "-4.2"}}, "cf": {"TTM": {"Duration": "TTM", "Operating Cash Flow": "978,371", "Investing Cash Flow": "-483,871", "Financing Cash Flow": "-307,793", "End Cash Position": "838,224", "Income Tax Paid Supplemental Data": "111,319", "Interest Paid Supplemental Data": "23,748", "Capital Expenditure": "-53,330", "Issuance of Debt": "0", "Repayment of Debt": "0", "Repurchase of Capital Stock": "-147,411", "Free Cash Flow": "925,041"}, "12/31/2020": {"Duration": "12/31/2020", "Operating Cash Flow": "978,371", "Investing Cash Flow": "-483,871", "Financing Cash Flow": "-307,793", "End Cash Position": "838,224", "Income Tax Paid Supplemental Data": "111,319", "Interest Paid Supplemental Data": "23,748", "Capital Expenditure": "-53,330", "Issuance of Debt": "0", "Repayment of Debt": "0", "Repurchase of Capital Stock": "-147,411", "Free Cash Flow": "925,041"}, "12/31/2019": {"Duration": "12/31/2019", "Operating Cash Flow": "504,697", "Investing Cash Flow": "-373,471", "Financing Cash Flow": "-290,009", "End Cash Position": "643,886", "Income Tax Paid Supplemental Data": "155,478", "Interest Paid Supplemental Data": "16,405", "Capital Expenditure": "-70,816", "Issuance of Debt": "235,718", "Repayment of Debt": "-30,000", "Repurchase of Capital Stock": "-333,296", "Free Cash Flow": "433,881"}, "12/31/2018": {"Duration": "12/31/2018", "Operating Cash Flow": "849,574", "Investing Cash Flow": "-212,566", "Financing Cash Flow": "-452,927", "End Cash Position": "800,096", "Income Tax Paid Supplemental Data": "86,232", "Interest Paid Supplemental Data": "17,818", "Capital Expenditure": "-33,324", "Issuance of Debt": "30,000", "Repayment of Debt": "-36,799", "Repurchase of Capital Stock": "-315,233", "Free Cash Flow": "816,250"}}}}, {"WDR": {"quote": {"03/28/2021": {"value": "25.09", "Market Cap": "1.56B", "Beta (5Y Monthly)": "1.41", "PE Ratio (TTM)": "23.23", "EPS (TTM)": "1.08", "Earnings Date": "Apr 26, 2021 - Apr 30, 2021", "Forward Dividend & Yield": "1.00 (3.99%)", "Ex-Dividend Date": "Apr 08, 2021", "1y Target Est": "22.14"}}, "fin": {"TTM": {"Duration": "TTM", "Total Revenue": "1,049,497", "Cost of Revenue": "757,289", "Gross Profit": "292,208", "Operating Expense": "197,438", "Operating Income": "94,770", "Net Non Operating Interest Income Expense": "-6,233", "Other Income Expense": "14,243", "Pretax Income": "102,780", "Tax Provision": "30,123", "Net Income Common Stockholders": "70,457", "Diluted NI Available to Com Stockholders": "70,457", "Basic EPS": "-", "Diluted EPS": "-", "Basic Average Shares": "-", "Diluted Average Shares": "-", "Total Operating Income as Reported": "94,770", "Rent Expense Supplemental": "16,559", "Total Expenses": "954,727", "Net Income from Continuing & Discontinued Operation": "70,457", "Normalized Income": "60,387", "Interest Expense": "6,233", "Net Interest Income": "-6,233", "EBIT": "109,013", "EBITDA": "121,846", "Reconciled Cost of Revenue": "757,531", "Reconciled Depreciation": "12,591", "Net Income from Continuing Operation Net Minority Interest": "70,457", "Total Unusual Items Excluding Goodwill": "14,243", "Total Unusual Items": "14,243", "Normalized EBITDA": "107,603", "Tax Rate for Calcs": "0", "Tax Effect of Unusual Items": "4,173"}, "12/31/2020": {"Duration": "12/31/2020", "Total Revenue": "1,049,497", "Cost of Revenue": "757,289", "Gross Profit": "292,208", "Operating Expense": "197,438", "Operating Income": "94,770", "Net Non Operating Interest Income Expense": "-6,233", "Other Income Expense": "14,243", "Pretax Income": "102,780", "Tax Provision": "30,123", "Net Income Common Stockholders": "70,457", "Diluted NI Available to Com Stockholders": "70,457", "Basic EPS": "-", "Diluted EPS": "-", "Basic Average Shares": "-", "Diluted Average Shares": "-", "Total Operating Income as Reported": "94,770", "Rent Expense Supplemental": "16,559", "Total Expenses": "954,727", "Net Income from Continuing & Discontinued Operation": "70,457", "Normalized Income": "60,387", "Interest Expense": "6,233", "Net Interest Income": "-6,233", "EBIT": "109,013", "EBITDA": "-", "Reconciled Cost of Revenue": "757,531", "Reconciled Depreciation": "12,591", "Net Income from Continuing Operation Net Minority Interest": "70,457", "Total Unusual Items Excluding Goodwill": "14,243", "Total Unusual Items": "14,243", "Normalized EBITDA": "107,603", "Tax Rate for Calcs": "0", "Tax Effect of Unusual Items": "4,173"}, "12/31/2019": {"Duration": "12/31/2019", "Total Revenue": "1,070,315", "Cost of Revenue": "715,455", "Gross Profit": "354,860", "Operating Expense": "209,168", "Operating Income": "145,692", "Net Non Operating Interest Income Expense": "-6,195", "Other Income Expense": "18,886", "Pretax Income": "158,383", "Tax Provision": "41,418", "Net Income Common Stockholders": "114,992", "Diluted NI Available to Com Stockholders": "114,992", "Basic EPS": "1.57", "Diluted EPS": "1.57", "Basic Average Shares": "73,299", "Diluted Average Shares": "73,299", "Total Operating Income as Reported": "145,692", "Rent Expense Supplemental": "24,243", "Total Expenses": "924,623", "Net Income from Continuing & Discontinued Operation": "114,992", "Normalized Income": "101,054", "Interest Expense": "6,195", "Net Interest Income": "-6,195", "EBIT": "164,578", "EBITDA": "-", "Reconciled Cost of Revenue": "715,314", "Reconciled Depreciation": "19,970", "Net Income from Continuing Operation Net Minority Interest": "114,992", "Total Unusual Items Excluding Goodwill": "18,886", "Total Unusual Items": "18,886", "Normalized EBITDA": "165,662", "Tax Rate for Calcs": "0", "Tax Effect of Unusual Items": "4,948"}, "12/31/2018": {"Duration": "12/31/2018", "Total Revenue": "1,160,301", "Cost of Revenue": "720,161", "Gross Profit": "440,140", "Operating Expense": "216,892", "Operating Income": "223,248", "Net Non Operating Interest Income Expense": "-6,461", "Other Income Expense": "21,505", "Pretax Income": "238,292", "Tax Provision": "55,480", "Net Income Common Stockholders": "183,588", "Diluted NI Available to Com Stockholders": "183,588", "Basic EPS": "2.28", "Diluted EPS": "2.28", "Basic Average Shares": "80,468", "Diluted Average Shares": "80,468", "Total Operating Income as Reported": "222,048", "Rent Expense Supplemental": "27,197", "Total Expenses": "937,053", "Net Income from Continuing & Discontinued Operation": "183,588", "Normalized Income": "167,094", "Interest Expense": "6,461", "Net Interest Income": "-6,461", "EBIT": "244,753", "EBITDA": "-", "Reconciled Cost of Revenue": "717,532", "Reconciled Depreciation": "28,278", "Net Income from Continuing Operation Net Minority Interest": "183,588", "Total Unusual Items Excluding Goodwill": "21,505", "Total Unusual Items": "21,505", "Normalized EBITDA": "251,526", "Tax Rate for Calcs": "0", "Tax Effect of Unusual Items": "5,011"}}, "bs": {"12/31/2020": {"Duration": "12/31/2020", "Total Assets": "1,153,831", "Total Liabilities Net Minority Interest": "426,074", "Total Equity Gross Minority Interest": "727,757", "Total Capitalization": "727,757", "Common Stock Equity": "727,757", "Net Tangible Assets": "581,888", "Working Capital": "547,189", "Invested Capital": "822,754", "Tangible Book Value": "581,888", "Total Debt": "94,997", "Share Issued": "99,701", "Ordinary Shares Number": "62,398", "Treasury Shares Number": "37,303"}, "12/31/2019": {"Duration": "12/31/2019", "Total Assets": "1,266,328", "Total Liabilities Net Minority Interest": "457,431", "Total Equity Gross Minority Interest": "808,897", "Total Capitalization": "903,823", "Common Stock Equity": "808,897", "Net Tangible Assets": "663,028", "Working Capital": "732,202", "Invested Capital": "903,823", "Tangible Book Value": "663,028", "Total Debt": "94,926", "Share Issued": "99,701", "Ordinary Shares Number": "68,847", "Treasury Shares Number": "30,854"}, "12/31/2018": {"Duration": "12/31/2018", "Total Assets": "1,344,079", "Total Liabilities Net Minority Interest": "460,629", "Total Equity Gross Minority Interest": "883,450", "Total Capitalization": "978,304", "Common Stock Equity": "883,450", "Net Tangible Assets": "737,581", "Working Capital": "767,359", "Invested Capital": "978,304", "Tangible Book Value": "737,581", "Total Debt": "94,854", "Share Issued": "99,701", "Ordinary Shares Number": "76,790", "Treasury Shares Number": "22,911"}}, "cf": {"TTM": {"Duration": "TTM", "Operating Cash Flow": "188,044", "Investing Cash Flow": "98,660", "Financing Cash Flow": "-175,494", "End Cash Position": "337,350", "Income Tax Paid Supplemental Data": "39,249", "Interest Paid Supplemental Data": "5,493", "Capital Expenditure": "-8,564", "Repayment of Debt": "0", "Repurchase of Capital Stock": "-115,594", "Free Cash Flow": "179,480"}, "12/31/2020": {"Duration": "12/31/2020", "Operating Cash Flow": "188,044", "Investing Cash Flow": "98,660", "Financing Cash Flow": "-175,494", "End Cash Position": "337,350", "Income Tax Paid Supplemental Data": "39,249", "Interest Paid Supplemental Data": "5,493", "Capital Expenditure": "-8,564", "Repayment of Debt": "0", "Repurchase of Capital Stock": "-115,594", "Free Cash Flow": "179,480"}, "12/31/2019": {"Duration": "12/31/2019", "Operating Cash Flow": "165,983", "Investing Cash Flow": "-6,851", "Financing Cash Flow": "-224,547", "End Cash Position": "226,140", "Income Tax Paid Supplemental Data": "53,022", "Interest Paid Supplemental Data": "5,503", "Capital Expenditure": "-5,753", "Repayment of Debt": "0", "Repurchase of Capital Stock": "-155,807", "Free Cash Flow": "160,230"}, "12/31/2018": {"Duration": "12/31/2018", "Operating Cash Flow": "357,015", "Investing Cash Flow": "10,343", "Financing Cash Flow": "-311,788", "End Cash Position": "291,555", "Income Tax Paid Supplemental Data": "59,147", "Interest Paid Supplemental Data": "7,948", "Capital Expenditure": "-2,566", "Repayment of Debt": "-94,925", "Repurchase of Capital Stock": "-133,378", "Free Cash Flow": "354,449"}}}}, {"FIG": {"quote": {"03/28/2021": {"value": "", "Net Assets": "N/A", "Beta (5Y Monthly)": "N/A", "Yield": "N/A", "5y Average Return": "N/A", "Holdings Turnover": "N/A", "Last Dividend": "N/A", "Average for Category": "N/A", "Inception Date": "N/A"}}, "fin": {}, "bs": {}, "cf": {}}}, {"VOYA": {"quote": {"03/28/2021": {"value": "63.14", "Market Cap": "7.817B", "Beta (5Y Monthly)": "1.41", "PE Ratio (TTM)": "N/A", "EPS (TTM)": "-1.84", "Earnings Date": "May 03, 2021 - May 07, 2021", "Forward Dividend & Yield": "0.66 (1.05%)", "Ex-Dividend Date": "Feb 25, 2021", "1y Target Est": "69.25"}}, "fin": {"TTM": {"Duration": "TTM", "Total Revenue": "7,649,000", "Total Expenses": "7,297,000", "Pretax Income": "352,000", "Tax Provision": "-18,000", "Net Income Common Stockholders": "-242,000", "Diluted NI Available to Com Stockholders": "-242,000", "Basic EPS": "-", "Diluted EPS": "-", "Basic Average Shares": "-", "Diluted Average Shares": "-", "Net Income from Continuing & Discontinued Operation": "-206,000", "Normalized Income": "213,000", "EBIT": "538,000", "Net Income from Continuing Operation Net Minority Interest": "213,000", "Total Unusual Items Excluding Goodwill": "-101,000", "Total Unusual Items": "-101,000", "Tax Rate for Calcs": "0", "Tax Effect of Unusual Items": "0", "Interest Expense": "186,000"}, "12/31/2020": {"Duration": "12/31/2020", "Total Revenue": "7,649,000", "Total Expenses": "7,297,000", "Pretax Income": "352,000", "Tax Provision": "-18,000", "Net Income Common Stockholders": "-242,000", "Diluted NI Available to Com Stockholders": "-242,000", "Basic EPS": "-", "Diluted EPS": "-", "Basic Average Shares": "-", "Diluted Average Shares": "-", "Net Income from Continuing & Discontinued Operation": "-206,000", "Normalized Income": "213,000", "EBIT": "538,000", "Net Income from Continuing Operation Net Minority Interest": "213,000", "Total Unusual Items Excluding Goodwill": "-", "Total Unusual Items": "-", "Tax Rate for Calcs": "0", "Tax Effect of Unusual Items": "0", "Interest Expense": "186,000"}, "12/31/2019": {"Duration": "12/31/2019", "Total Revenue": "7,476,000", "Total Expenses": "6,916,000", "Pretax Income": "560,000", "Tax Provision": "-205,000", "Net Income Common Stockholders": "-379,000", "Diluted NI Available to Com Stockholders": "-379,000", "Basic EPS": "-2.69", "Diluted EPS": "-2.69", "Basic Average Shares": "141,000", "Diluted Average Shares": "147,000", "Net Income from Continuing & Discontinued Operation": "-351,000", "Normalized Income": "867,570", "EBIT": "774,000", "Net Income from Continuing Operation Net Minority Interest": "715,000", "Total Unusual Items Excluding Goodwill": "-209,000", "Total Unusual Items": "-209,000", "Tax Rate for Calcs": "0", "Tax Effect of Unusual Items": "-56,430", "Interest Expense": "214,000"}, "12/31/2018": {"Duration": "12/31/2018", "Total Revenue": "8,514,000", "Total Expenses": "7,904,000", "Pretax Income": "610,000", "Tax Provision": "55,000", "Net Income Common Stockholders": "875,000", "Diluted NI Available to Com Stockholders": "875,000", "Basic EPS": "5.36", "Diluted EPS": "5.20", "Basic Average Shares": "163,000", "Diluted Average Shares": "168,200", "Net Income from Continuing & Discontinued Operation": "875,000", "Normalized Income": "489,890", "EBIT": "872,000", "Net Income from Continuing Operation Net Minority Interest": "418,000", "Total Unusual Items Excluding Goodwill": "-79,000", "Total Unusual Items": "-79,000", "Tax Rate for Calcs": "0", "Tax Effect of Unusual Items": "-7,110", "Interest Expense": "262,000"}}, "cf": {"TTM": {"Duration": "TTM", "Operating Cash Flow": "1,209,000", "Investing Cash Flow": "-2,461,000", "Financing Cash Flow": "1,702,000", "End Cash Position": "1,922,000", "Income Tax Paid Supplemental Data": "-", "Interest Paid Supplemental Data": "154,000", "Issuance of Capital Stock": "4,000", "Issuance of Debt": "697,000", "Repayment of Debt": "-991,000", "Repurchase of Capital Stock": "-516,000", "Free Cash Flow": "1,209,000"}, "12/31/2020": {"Duration": "12/31/2020", "Operating Cash Flow": "1,209,000", "Investing Cash Flow": "-2,461,000", "Financing Cash Flow": "1,702,000", "End Cash Position": "1,922,000", "Income Tax Paid Supplemental Data": "-", "Interest Paid Supplemental Data": "154,000", "Issuance of Capital Stock": "4,000", "Issuance of Debt": "697,000", "Repayment of Debt": "-991,000", "Repurchase of Capital Stock": "-516,000", "Free Cash Flow": "1,209,000"}, "12/31/2019": {"Duration": "12/31/2019", "Operating Cash Flow": "1,310,000", "Investing Cash Flow": "-1,255,000", "Financing Cash Flow": "-121,000", "End Cash Position": "1,472,000", "Income Tax Paid Supplemental Data": "-", "Interest Paid Supplemental Data": "159,000", "Issuance of Capital Stock": "296,000", "Issuance of Debt": "1,106,000", "Repayment of Debt": "-1,016,000", "Repurchase of Capital Stock": "-1,136,000", "Free Cash Flow": "1,310,000"}, "12/31/2018": {"Duration": "12/31/2018", "Operating Cash Flow": "1,868,000", "Investing Cash Flow": "-282,000", "Financing Cash Flow": "-1,764,000", "End Cash Position": "1,538,000", "Income Tax Paid Supplemental Data": "1,000", "Interest Paid Supplemental Data": "180,000", "Issuance of Capital Stock": "322,000", "Issuance of Debt": "1,123,000", "Repayment of Debt": "-1,366,000", "Repurchase of Capital Stock": "-1,025,000", "Free Cash Flow": "1,868,000"}}}}, {"TROW": {"quote": {"03/28/2021": {"value": "178.13", "Market Cap": "40.516B", "Beta (5Y Monthly)": "1.17", "PE Ratio (TTM)": "17.85", "EPS (TTM)": "9.98", "Earnings Date": "Apr 29, 2021", "Forward Dividend & Yield": "4.32 (2.43%)", "Ex-Dividend Date": "Mar 15, 2021", "1y Target Est": "175.08"}}, "fin": {"TTM": {"Duration": "TTM", "Total Revenue": "6,206,700", "Cost of Revenue": "2,616,400", "Gross Profit": "3,590,300", "Operating Expense": "844,600", "Operating Income": "2,745,700", "Other Income Expense": "496,500", "Pretax Income": "3,242,200", "Tax Provision": "718,900", "Net Income Common Stockholders": "2,307,400", "Diluted NI Available to Com Stockholders": "2,307,400", "Basic EPS": "-", "Diluted EPS": "-", "Basic Average Shares": "-", "Diluted Average Shares": "-", "Total Operating Income as Reported": "2,745,700", "Rent Expense Supplemental": "-", "Total Expenses": "3,461,000", "Net Income from Continuing & Discontinued Operation": "2,372,700", "Normalized Income": "1,984,867", "EBIT": "2,745,700", "EBITDA": "2,935,300", "Reconciled Cost of Revenue": "2,616,400", "Reconciled Depreciation": "189,600", "Net Income from Continuing Operation Net Minority Interest": "2,372,700", "Total Unusual Items Excluding Goodwill": "498,500", "Total Unusual Items": "498,500", "Normalized EBITDA": "2,436,800", "Tax Rate for Calcs": "0", "Tax Effect of Unusual Items": "110,667"}, "12/31/2020": {"Duration": "12/31/2020", "Total Revenue": "6,206,700", "Cost of Revenue": "2,616,400", "Gross Profit": "3,590,300", "Operating Expense": "844,600", "Operating Income": "2,745,700", "Other Income Expense": "496,500", "Pretax Income": "3,242,200", "Tax Provision": "718,900", "Net Income Common Stockholders": "2,307,400", "Diluted NI Available to Com Stockholders": "2,307,400", "Basic EPS": "-", "Diluted EPS": "-", "Basic Average Shares": "-", "Diluted Average Shares": "-", "Total Operating Income as Reported": "2,745,700", "Rent Expense Supplemental": "-", "Total Expenses": "3,461,000", "Net Income from Continuing & Discontinued Operation": "2,372,700", "Normalized Income": "1,984,867", "EBIT": "2,745,700", "EBITDA": "-", "Reconciled Cost of Revenue": "2,616,400", "Reconciled Depreciation": "189,600", "Net Income from Continuing Operation Net Minority Interest": "2,372,700", "Total Unusual Items Excluding Goodwill": "498,500", "Total Unusual Items": "498,500", "Normalized EBITDA": "2,436,800", "Tax Rate for Calcs": "0", "Tax Effect of Unusual Items": "110,667"}, "12/31/2019": {"Duration": "12/31/2019", "Total Revenue": "5,617,900", "Cost of Revenue": "2,384,900", "Gross Profit": "3,233,000", "Operating Expense": "846,000", "Operating Income": "2,387,000", "Other Income Expense": "540,300", "Pretax Income": "2,927,300", "Tax Provision": "678,400", "Net Income Common Stockholders": "2,076,000", "Diluted NI Available to Com Stockholders": "2,076,000", "Basic EPS": "8.82", "Diluted EPS": "8.70", "Basic Average Shares": "235,400", "Diluted Average Shares": "238,600", "Total Operating Income as Reported": "2,387,000", "Rent Expense Supplemental": "-", "Total Expenses": "3,230,900", "Net Income from Continuing & Discontinued Operation": "2,131,300", "Normalized Income": "1,721,726", "EBIT": "2,387,000", "EBITDA": "-", "Reconciled Cost of Revenue": "2,384,900", "Reconciled Depreciation": "190,800", "Net Income from Continuing Operation Net Minority Interest": "2,131,300", "Total Unusual Items Excluding Goodwill": "533,300", "Total Unusual Items": "533,300", "Normalized EBITDA": "2,044,500", "Tax Rate for Calcs": "0", "Tax Effect of Unusual Items": "123,726"}, "12/31/2018": {"Duration": "12/31/2018", "Total Revenue": "5,372,600", "Cost of Revenue": "2,246,900", "Gross Profit": "3,125,700", "Operating Expense": "779,500", "Operating Income": "2,346,200", "Other Income Expense": "38,400", "Pretax Income": "2,384,600", "Tax Provision": "615,900", "Net Income Common Stockholders": "1,837,500", "Diluted NI Available to Com Stockholders": "1,837,500", "Basic EPS": "7.41", "Diluted EPS": "7.27", "Basic Average Shares": "242,200", "Diluted Average Shares": "246,900", "Total Operating Income as Reported": "2,361,400", "Rent Expense Supplemental": "-", "Total Expenses": "3,026,400", "Net Income from Continuing & Discontinued Operation": "1,837,500", "Normalized Income": "1,806,707", "EBIT": "2,346,200", "EBITDA": "-", "Reconciled Cost of Revenue": "2,246,900", "Reconciled Depreciation": "159,500", "Net Income from Continuing Operation Net Minority Interest": "1,837,500", "Total Unusual Items Excluding Goodwill": "41,500", "Total Unusual Items": "41,500", "Normalized EBITDA": "2,464,200", "Tax Rate for Calcs": "0", "Tax Effect of Unusual Items": "10,707"}}, "bs": {"12/31/2020": {"Duration": "12/31/2020", "Total Assets": "10,659,000", "Total Liabilities Net Minority Interest": "2,952,000", "Total Equity Gross Minority Interest": "7,707,000", "Total Capitalization": "7,707,000", "Common Stock Equity": "7,707,000", "Capital Lease Obligations": "154,100", "Net Tangible Assets": "7,041,300", "Working Capital": "2,742,100", "Invested Capital": "7,707,000", "Tangible Book Value": "7,041,300", "Total Debt": "154,100", "Share Issued": "227,965", "Ordinary Shares Number": "227,965"}, "12/31/2019": {"Duration": "12/31/2019", "Total Assets": "9,330,400", "Total Liabilities Net Minority Interest": "2,228,300", "Total Equity Gross Minority Interest": "7,102,100", "Total Capitalization": "7,102,100", "Common Stock Equity": "7,102,100", "Capital Lease Obligations": "146,300", "Net Tangible Assets": "6,436,400", "Working Capital": "2,182,100", "Invested Capital": "7,102,100", "Tangible Book Value": "6,436,400", "Total Debt": "146,300", "Share Issued": "235,214", "Ordinary Shares Number": "235,214"}, "12/31/2018": {"Duration": "12/31/2018", "Total Assets": "7,689,300", "Total Liabilities Net Minority Interest": "1,565,000", "Total Equity Gross Minority Interest": "6,124,300", "Total Capitalization": "6,124,300", "Common Stock Equity": "6,124,300", "Capital Lease Obligations": "-", "Net Tangible Assets": "5,458,600", "Working Capital": "1,692,100", "Invested Capital": "6,124,300", "Tangible Book Value": "5,458,600", "Total Debt": "-", "Share Issued": "238,069", "Ordinary Shares Number": "238,069"}}, "cf": {"TTM": {"Duration": "TTM", "Operating Cash Flow": "1,918,900", "Investing Cash Flow": "-36,300", "Financing Cash Flow": "-1,486,300", "End Cash Position": "2,256,500", "Capital Expenditure": "-214,600", "Repurchase of Capital Stock": "-1,201,900", "Free Cash Flow": "1,704,300"}, "12/31/2020": {"Duration": "12/31/2020", "Operating Cash Flow": "1,918,900", "Investing Cash Flow": "-36,300", "Financing Cash Flow": "-1,486,300", "End Cash Position": "2,256,500", "Capital Expenditure": "-214,600", "Repurchase of Capital Stock": "-1,201,900", "Free Cash Flow": "1,704,300"}, "12/31/2019": {"Duration": "12/31/2019", "Operating Cash Flow": "1,522,700", "Investing Cash Flow": "-324,500", "Financing Cash Flow": "-832,700", "End Cash Position": "1,858,300", "Capital Expenditure": "-204,600", "Repurchase of Capital Stock": "-705,800", "Free Cash Flow": "1,318,100"}, "12/31/2018": {"Duration": "12/31/2018", "Operating Cash Flow": "1,619,900", "Investing Cash Flow": "-875,500", "Financing Cash Flow": "-1,239,500", "End Cash Position": "1,495,300", "Capital Expenditure": "-168,500", "Repurchase of Capital Stock": "-1,090,400", "Free Cash Flow": "1,451,400"}}}}, {"GBL": {"quote": {"03/28/2021": {"value": "18.40", "Market Cap": "505.115M", "Beta (5Y Monthly)": "1.68", "PE Ratio (TTM)": "8.36", "EPS (TTM)": "2.20", "Earnings Date": "May 06, 2021 - May 10, 2021", "Forward Dividend & Yield": "0.08 (0.43%)", "Ex-Dividend Date": "Mar 15, 2021", "1y Target Est": "N/A"}}, "fin": {"TTM": {"Duration": "TTM", "Total Revenue": "259,726", "Cost of Revenue": "130,821", "Gross Profit": "128,905", "Operating Expense": "29,296", "Operating Income": "99,609", "Net Non Operating Interest Income Expense": "-2,620", "Other Income Expense": "-13,305", "Pretax Income": "83,684", "Tax Provision": "24,991", "Net Income Common Stockholders": "58,693", "Diluted NI Available to Com Stockholders": "58,693", "Basic EPS": "-", "Diluted EPS": "-", "Basic Average Shares": "-", "Diluted Average Shares": "-", "Total Operating Income as Reported": "99,609", "Total Expenses": "160,117", "Net Income from Continuing & Discontinued Operation": "58,693", "Normalized Income": "64,209", "Interest Income": "826", "Interest Expense": "2,620", "Net Interest Income": "-2,620", "EBIT": "86,304", "EBITDA": "86,304", "Reconciled Cost of Revenue": "130,821", "Reconciled Depreciation": "973", "Net Income from Continuing Operation Net Minority Interest": "58,693", "Total Unusual Items Excluding Goodwill": "-7,869", "Total Unusual Items": "-7,869", "Normalized EBITDA": "94,173", "Tax Rate for Calcs": "0", "Tax Effect of Unusual Items": "-2,353"}, "12/31/2020": {"Duration": "12/31/2020", "Total Revenue": "259,726", "Cost of Revenue": "130,821", "Gross Profit": "128,905", "Operating Expense": "29,296", "Operating Income": "99,609", "Net Non Operating Interest Income Expense": "-1,794", "Other Income Expense": "-14,131", "Pretax Income": "83,684", "Tax Provision": "24,991", "Net Income Common Stockholders": "58,693", "Diluted NI Available to Com Stockholders": "58,693", "Basic EPS": "-", "Diluted EPS": "-", "Basic Average Shares": "-", "Diluted Average Shares": "-", "Total Operating Income as Reported": "99,609", "Total Expenses": "160,117", "Net Income from Continuing & Discontinued Operation": "58,693", "Normalized Income": "64,788", "Interest Income": "826", "Interest Expense": "2,620", "Net Interest Income": "-1,794", "EBIT": "86,304", "EBITDA": "-", "Reconciled Cost of Revenue": "130,821", "Reconciled Depreciation": "973", "Net Income from Continuing Operation Net Minority Interest": "58,693", "Total Unusual Items Excluding Goodwill": "-8,695", "Total Unusual Items": "-8,695", "Normalized EBITDA": "95,972", "Tax Rate for Calcs": "0", "Tax Effect of Unusual Items": "-2,600"}, "12/31/2019": {"Duration": "12/31/2019", "Total Revenue": "312,368", "Cost of Revenue": "157,754", "Gross Profit": "154,614", "Operating Expense": "36,630", "Operating Income": "117,984", "Net Non Operating Interest Income Expense": "566", "Other Income Expense": "-9,892", "Pretax Income": "108,658", "Tax Provision": "26,741", "Net Income Common Stockholders": "81,917", "Diluted NI Available to Com Stockholders": "81,917", "Basic EPS": "2.99", "Diluted EPS": "2.98", "Basic Average Shares": "27,407", "Diluted Average Shares": "27,479", "Total Operating Income as Reported": "117,984", "Total Expenses": "194,384", "Net Income from Continuing & Discontinued Operation": "81,917", "Normalized Income": "85,983", "Interest Income": "3,175", "Interest Expense": "2,609", "Net Interest Income": "566", "EBIT": "111,267", "EBITDA": "-", "Reconciled Cost of Revenue": "157,754", "Reconciled Depreciation": "1,222", "Net Income from Continuing Operation Net Minority Interest": "81,917", "Total Unusual Items Excluding Goodwill": "-5,392", "Total Unusual Items": "-5,392", "Normalized EBITDA": "117,881", "Tax Rate for Calcs": "0", "Tax Effect of Unusual Items": "-1,326"}, "12/31/2018": {"Duration": "12/31/2018", "Total Revenue": "341,455", "Cost of Revenue": "122,962", "Gross Profit": "218,493", "Operating Expense": "31,706", "Operating Income": "186,787", "Net Non Operating Interest Income Expense": "-1,284", "Other Income Expense": "-30,844", "Pretax Income": "154,659", "Tax Provision": "37,463", "Net Income Common Stockholders": "117,196", "Diluted NI Available to Com Stockholders": "117,196", "Basic EPS": "4.08", "Diluted EPS": "4.07", "Basic Average Shares": "28,744", "Diluted Average Shares": "28,777", "Total Operating Income as Reported": "186,787", "Total Expenses": "154,668", "Net Income from Continuing & Discontinued Operation": "117,196", "Normalized Income": "140,576", "Interest Income": "2,241", "Interest Expense": "3,525", "Net Interest Income": "-1,284", "EBIT": "158,184", "EBITDA": "-", "Reconciled Cost of Revenue": "122,962", "Reconciled Depreciation": "562", "Net Income from Continuing Operation Net Minority Interest": "117,196", "Total Unusual Items Excluding Goodwill": "-30,844", "Total Unusual Items": "-30,844", "Normalized EBITDA": "189,590", "Tax Rate for Calcs": "0", "Tax Effect of Unusual Items": "-7,464"}}, "cf": {"TTM": {"Duration": "TTM", "Operating Cash Flow": "40,734", "Investing Cash Flow": "-63,511", "Financing Cash Flow": "-30,026", "End Cash Position": "33,325", "Income Tax Paid Supplemental Data": "16,546", "Interest Paid Supplemental Data": "2,581", "Issuance of Debt": "-", "Repayment of Debt": "-218", "Repurchase of Capital Stock": "-3,902", "Free Cash Flow": "40,734"}, "12/31/2020": {"Duration": "12/31/2020", "Operating Cash Flow": "40,734", "Investing Cash Flow": "-63,511", "Financing Cash Flow": "-30,026", "End Cash Position": "33,325", "Income Tax Paid Supplemental Data": "16,546", "Interest Paid Supplemental Data": "2,581", "Issuance of Debt": "-", "Repayment of Debt": "-218", "Repurchase of Capital Stock": "-3,902", "Free Cash Flow": "40,734"}, "12/31/2019": {"Duration": "12/31/2019", "Operating Cash Flow": "89,991", "Investing Cash Flow": "-4,756", "Financing Cash Flow": "-40,293", "End Cash Position": "86,136", "Income Tax Paid Supplemental Data": "26,874", "Interest Paid Supplemental Data": "2,539", "Issuance of Debt": "0", "Repayment of Debt": "-180", "Repurchase of Capital Stock": "-37,357", "Free Cash Flow": "89,991"}, "12/31/2018": {"Duration": "12/31/2018", "Operating Cash Flow": "117,882", "Investing Cash Flow": "-2,388", "Financing Cash Flow": "-92,029", "End Cash Position": "41,202", "Income Tax Paid Supplemental Data": "36,400", "Interest Paid Supplemental Data": "3,622", "Issuance of Debt": "11,000", "Repayment of Debt": "-90,115", "Repurchase of Capital Stock": "-10,610", "Free Cash Flow": "117,882"}}}}, {"WHG": {"quote": {"03/28/2021": {"value": "15.06", "Market Cap": "126.973M", "Beta (5Y Monthly)": "1.61", "PE Ratio (TTM)": "N/A", "EPS (TTM)": "-1.12", "Earnings Date": "Apr 27, 2021 - May 03, 2021", "Forward Dividend & Yield": "0.53 (3.52%)", "Ex-Dividend Date": "Mar 01, 2021", "1y Target Est": "N/A"}}, "fin": {"TTM": {"Duration": "TTM", "Total Revenue": "65,111", "Cost of Revenue": "42,141", "Gross Profit": "22,970", "Operating Expense": "24,198", "Operating Income": "-1,228", "Other Income Expense": "-6,360", "Pretax Income": "-7,588", "Tax Provision": "1,359", "Net Income Common Stockholders": "-8,947", "Diluted NI Available to Com Stockholders": "-8,947", "Basic EPS": "-", "Diluted EPS": "-", "Basic Average Shares": "-", "Diluted Average Shares": "-", "Total Operating Income as Reported": "-3,447", "Total Expenses": "66,339", "Net Income from Continuing & Discontinued Operation": "-8,947", "Normalized Income": "-4,206", "EBIT": "-1,228", "EBITDA": "1,414", "Reconciled Cost of Revenue": "42,141", "Reconciled Depreciation": "2,642", "Net Income from Continuing Operation Net Minority Interest": "-8,947", "Total Unusual Items Excluding Goodwill": "-6,495", "Total Unusual Items": "-6,495", "Normalized EBITDA": "7,909", "Tax Rate for Calcs": "0", "Tax Effect of Unusual Items": "-1,754"}, "12/31/2020": {"Duration": "12/31/2020", "Total Revenue": "65,111", "Cost of Revenue": "42,141", "Gross Profit": "22,970", "Operating Expense": "24,198", "Operating Income": "-1,228", "Other Income Expense": "-6,360", "Pretax Income": "-7,588", "Tax Provision": "1,359", "Net Income Common Stockholders": "-8,947", "Diluted NI Available to Com Stockholders": "-8,947", "Basic EPS": "-", "Diluted EPS": "-", "Basic Average Shares": "-", "Diluted Average Shares": "-", "Total Operating Income as Reported": "-3,447", "Total Expenses": "66,339", "Net Income from Continuing & Discontinued Operation": "-8,947", "Normalized Income": "-4,206", "EBIT": "-1,228", "EBITDA": "-", "Reconciled Cost of Revenue": "42,141", "Reconciled Depreciation": "2,642", "Net Income from Continuing Operation Net Minority Interest": "-8,947", "Total Unusual Items Excluding Goodwill": "-6,495", "Total Unusual Items": "-6,495", "Normalized EBITDA": "7,909", "Tax Rate for Calcs": "0", "Tax Effect of Unusual Items": "-1,754"}, "12/31/2019": {"Duration": "12/31/2019", "Total Revenue": "84,079", "Cost of Revenue": "50,152", "Gross Profit": "33,927", "Operating Expense": "27,429", "Operating Income": "6,498", "Other Income Expense": "2,904", "Pretax Income": "9,402", "Tax Provision": "3,491", "Net Income Common Stockholders": "5,911", "Diluted NI Available to Com Stockholders": "5,911", "Basic EPS": "0.70", "Diluted EPS": "0.70", "Basic Average Shares": "8,408", "Diluted Average Shares": "8,463", "Total Operating Income as Reported": "4,644", "Total Expenses": "77,581", "Net Income from Continuing & Discontinued Operation": "5,911", "Normalized Income": "4,175", "EBIT": "6,498", "EBITDA": "-", "Reconciled Cost of Revenue": "50,152", "Reconciled Depreciation": "2,624", "Net Income from Continuing Operation Net Minority Interest": "5,911", "Total Unusual Items Excluding Goodwill": "2,760", "Total Unusual Items": "2,760", "Normalized EBITDA": "6,362", "Tax Rate for Calcs": "0", "Tax Effect of Unusual Items": "1,024"}, "12/31/2018": {"Duration": "12/31/2018", "Total Revenue": "122,300", "Cost of Revenue": "59,959", "Gross Profit": "62,341", "Operating Expense": "29,194", "Operating Income": "33,147", "Other Income Expense": "3,315", "Pretax Income": "36,462", "Tax Provision": "9,711", "Net Income Common Stockholders": "26,751", "Diluted NI Available to Com Stockholders": "26,751", "Basic EPS": "3.20", "Diluted EPS": "3.13", "Basic Average Shares": "8,365", "Diluted Average Shares": "8,547", "Total Operating Income as Reported": "35,938", "Total Expenses": "89,153", "Net Income from Continuing & Discontinued Operation": "26,751", "Normalized Income": "24,318", "EBIT": "33,147", "EBITDA": "-", "Reconciled Cost of Revenue": "59,959", "Reconciled Depreciation": "2,539", "Net Income from Continuing Operation Net Minority Interest": "26,751", "Total Unusual Items Excluding Goodwill": "3,315", "Total Unusual Items": "3,315", "Normalized EBITDA": "32,371", "Tax Rate for Calcs": "0", "Tax Effect of Unusual Items": "881.79"}}, "cf": {"TTM": {"Duration": "TTM", "Operating Cash Flow": "-9,770", "Investing Cash Flow": "-4", "Financing Cash Flow": "-25,812", "End Cash Position": "13,016", "Income Tax Paid Supplemental Data": "1,271", "Capital Expenditure": "-93", "Repurchase of Capital Stock": "-12,952", "Free Cash Flow": "-9,863"}, "12/31/2020": {"Duration": "12/31/2020", "Operating Cash Flow": "-9,770", "Investing Cash Flow": "-4", "Financing Cash Flow": "-25,812", "End Cash Position": "13,016", "Income Tax Paid Supplemental Data": "1,271", "Capital Expenditure": "-93", "Repurchase of Capital Stock": "-12,952", "Free Cash Flow": "-9,863"}, "12/31/2019": {"Duration": "12/31/2019", "Operating Cash Flow": "32,172", "Investing Cash Flow": "-4,848", "Financing Cash Flow": "-31,870", "End Cash Position": "49,766", "Income Tax Paid Supplemental Data": "1,431", "Capital Expenditure": "-1,177", "Repurchase of Capital Stock": "-2,414", "Free Cash Flow": "30,995"}, "12/31/2018": {"Duration": "12/31/2018", "Operating Cash Flow": "31,484", "Investing Cash Flow": "3,597", "Financing Cash Flow": "-34,115", "End Cash Position": "52,449", "Income Tax Paid Supplemental Data": "9,766", "Capital Expenditure": "-991", "Repurchase of Capital Stock": "-4,000", "Free Cash Flow": "30,493"}}}}, {"GROW": {"quote": {"03/28/2021": {"value": "7.10", "Market Cap": "106.966M", "Beta (5Y Monthly)": "3.05", "PE Ratio (TTM)": "5.83", "EPS (TTM)": "1.22", "Earnings Date": "May 12, 2021 - May 17, 2021", "Forward Dividend & Yield": "0.06 (0.85%)", "Ex-Dividend Date": "Apr 09, 2021", "1y Target Est": "N/A"}}, "fin": {"TTM": {"Duration": "TTM", "Total Revenue": "11,195", "Cost of Revenue": "5,695", "Gross Profit": "5,500", "Operating Expense": "5,268", "Operating Income": "232", "Other Income Expense": "23,482", "Pretax Income": "23,714", "Tax Provision": "5,168", "Net Income Common Stockholders": "18,491", "Diluted NI Available to Com Stockholders": "18,491", "Basic EPS": "-", "Diluted EPS": "-", "Basic Average Shares": "-", "Diluted Average Shares": "-", "Total Operating Income as Reported": "232", "Total Expenses": "10,963", "Net Income from Continuing & Discontinued Operation": "18,491", "Normalized Income": "507.0625", "EBIT": "232", "EBITDA": "430", "Reconciled Cost of Revenue": "5,695", "Reconciled Depreciation": "198", "Net Income from Continuing Operation Net Minority Interest": "18,576", "Total Unusual Items Excluding Goodwill": "23,104", "Total Unusual Items": "23,104", "Normalized EBITDA": "-22,674", "Tax Rate for Calcs": "0", "Tax Effect of Unusual Items": "5,035"}, "6/30/2020": {"Duration": "6/30/2020", "Total Revenue": "4,476", "Cost of Revenue": "2,840", "Gross Profit": "1,636", "Operating Expense": "4,039", "Operating Income": "-2,403", "Other Income Expense": "-2,236", "Pretax Income": "-4,639", "Tax Provision": "-175", "Net Income Common Stockholders": "-4,684", "Diluted NI Available to Com Stockholders": "-4,684", "Basic EPS": "-0.31", "Diluted EPS": "-0.31", "Basic Average Shares": "15,108", "Diluted Average Shares": "15,108", "Total Operating Income as Reported": "-2,403", "Total Expenses": "6,879", "Net Income from Continuing & Discontinued Operation": "-4,684", "Normalized Income": "-2,218", "EBIT": "-2,403", "EBITDA": "-", "Reconciled Cost of Revenue": "2,840", "Reconciled Depreciation": "202", "Net Income from Continuing Operation Net Minority Interest": "-4,346", "Total Unusual Items Excluding Goodwill": "-2,211", "Total Unusual Items": "-2,211", "Normalized EBITDA": "10", "Tax Rate for Calcs": "0", "Tax Effect of Unusual Items": "-83.407"}, "6/30/2019": {"Duration": "6/30/2019", "Total Revenue": "4,917", "Cost of Revenue": "3,418", "Gross Profit": "1,499", "Operating Expense": "4,463", "Operating Income": "-2,964", "Other Income Expense": "-1,452", "Pretax Income": "-4,416", "Tax Provision": "-977", "Net Income Common Stockholders": "-3,388", "Diluted NI Available to Com Stockholders": "-3,388", "Basic EPS": "-0.22", "Diluted EPS": "-0.22", "Basic Average Shares": "15,138", "Diluted Average Shares": "15,138", "Total Operating Income as Reported": "-2,964", "Total Expenses": "7,881", "Net Income from Continuing & Discontinued Operation": "-3,388", "Normalized Income": "-2,170", "EBIT": "-2,964", "EBITDA": "-", "Reconciled Cost of Revenue": "3,418", "Reconciled Depreciation": "224", "Net Income from Continuing Operation Net Minority Interest": "-3,388", "Total Unusual Items Excluding Goodwill": "-1,564", "Total Unusual Items": "-1,564", "Normalized EBITDA": "-1,176", "Tax Rate for Calcs": "0", "Tax Effect of Unusual Items": "-346.0208"}, "6/30/2018": {"Duration": "6/30/2018", "Total Revenue": "6,261", "Cost of Revenue": "4,270", "Gross Profit": "1,991", "Operating Expense": "4,279", "Operating Income": "-2,288", "Other Income Expense": "3,174", "Pretax Income": "886", "Tax Provision": "197", "Net Income Common Stockholders": "647", "Diluted NI Available to Com Stockholders": "647", "Basic EPS": "0.04", "Diluted EPS": "0.04", "Basic Average Shares": "15,158", "Diluted Average Shares": "15,158", "Total Operating Income as Reported": "-2,288", "Total Expenses": "8,549", "Net Income from Continuing & Discontinued Operation": "647", "Normalized Income": "-522.5892", "EBIT": "-2,288", "EBITDA": "-", "Reconciled Cost of Revenue": "4,270", "Reconciled Depreciation": "241", "Net Income from Continuing Operation Net Minority Interest": "647", "Total Unusual Items Excluding Goodwill": "1,504", "Total Unusual Items": "1,504", "Normalized EBITDA": "-3,551", "Tax Rate for Calcs": "0", "Tax Effect of Unusual Items": "334.4108"}}, "bs": {"6/30/2020": {"Duration": "6/30/2020", "Total Assets": "18,816", "Total Liabilities Net Minority Interest": "2,052", "Total Equity Gross Minority Interest": "16,764", "Total Capitalization": "16,764", "Common Stock Equity": "16,764", "Capital Lease Obligations": "93", "Net Tangible Assets": "16,764", "Working Capital": "8,533", "Invested Capital": "17,206", "Tangible Book Value": "16,764", "Total Debt": "535", "Share Issued": "15,936", "Ordinary Shares Number": "15,080", "Treasury Shares Number": "855.432"}, "6/30/2019": {"Duration": "6/30/2019", "Total Assets": "23,736", "Total Liabilities Net Minority Interest": "1,557", "Total Equity Gross Minority Interest": "22,179", "Total Capitalization": "21,712", "Common Stock Equity": "21,712", "Capital Lease Obligations": "-", "Net Tangible Assets": "21,712", "Working Capital": "11,615", "Invested Capital": "21,712", "Tangible Book Value": "21,712", "Total Debt": "-", "Share Issued": "15,936", "Ordinary Shares Number": "15,131", "Treasury Shares Number": "804.959"}, "6/30/2018": {"Duration": "6/30/2018", "Total Assets": "28,932", "Total Liabilities Net Minority Interest": "2,872", "Total Equity Gross Minority Interest": "26,060", "Total Capitalization": "25,542", "Common Stock Equity": "25,542", "Capital Lease Obligations": "-", "Net Tangible Assets": "25,542", "Working Capital": "15,349", "Invested Capital": "25,542", "Tangible Book Value": "25,542", "Total Debt": "-", "Share Issued": "15,936", "Ordinary Shares Number": "15,145", "Treasury Shares Number": "790.445"}}, "cf": {"TTM": {"Duration": "TTM", "Operating Cash Flow": "-188", "Investing Cash Flow": "20,161", "Financing Cash Flow": "-175", "End Cash Position": "22,619", "Income Tax Paid Supplemental Data": "5", "Issuance of Capital Stock": "3", "Issuance of Debt": "-", "Repurchase of Capital Stock": "-169", "Free Cash Flow": "-211"}, "6/30/2020": {"Duration": "6/30/2020", "Operating Cash Flow": "-240", "Investing Cash Flow": "830", "Financing Cash Flow": "-120", "End Cash Position": "2,961", "Income Tax Paid Supplemental Data": "3", "Issuance of Capital Stock": "3", "Issuance of Debt": "442", "Repurchase of Capital Stock": "-113", "Free Cash Flow": "-240"}, "6/30/2019": {"Duration": "6/30/2019", "Operating Cash Flow": "-1,192", "Investing Cash Flow": "-1,726", "Financing Cash Flow": "-474", "End Cash Position": "3,974", "Income Tax Paid Supplemental Data": "124", "Issuance of Capital Stock": "4", "Issuance of Debt": "-", "Repurchase of Capital Stock": "-24", "Free Cash Flow": "-1,192"}, "6/30/2018": {"Duration": "6/30/2018", "Operating Cash Flow": "-34", "Investing Cash Flow": "3,058", "Financing Cash Flow": "-590", "End Cash Position": "7,364", "Income Tax Paid Supplemental Data": "-9", "Issuance of Capital Stock": "6", "Issuance of Debt": "-", "Repurchase of Capital Stock": "-141", "Free Cash Flow": "-34"}}}}, {"ZAIS": {"quote": {"03/28/2021": {"value": "", "Net Assets": "N/A", "Beta (5Y Monthly)": "N/A", "Yield": "N/A", "5y Average Return": "N/A", "Holdings Turnover": "N/A", "Last Dividend": "N/A", "Average for Category": "N/A", "Inception Date": "N/A"}}, "fin": {}, "bs": {}, "cf": {}}}, {"NOAH": {"quote": {"03/28/2021": {"value": "43.66", "Market Cap": "2.691B", "Beta (5Y Monthly)": "1.43", "PE Ratio (TTM)": "N/A", "EPS (TTM)": "-1.84", "Earnings Date": "Mar 15, 2021", "Forward Dividend & Yield": "N/A (N/A)", "Ex-Dividend Date": "Mar 18, 2013", "1y Target Est": "54.85"}}, "fin": {"TTM": {"Duration": "TTM", "Total Revenue": "3,305,826", "Cost of Revenue": "1,504,012", "Gross Profit": "1,801,814", "Operating Expense": "543,338", "Operating Income": "1,258,476", "Net Non Operating Interest Income Expense": "67,317", "Other Income Expense": "-1,911,112", "Pretax Income": "-585,319", "Tax Provision": "258,460", "Earnings from Equity Interest Net of Tax": "100,257", "Net Income Common Stockholders": "-745,225", "Average Dilution Earnings": "-", "Diluted NI Available to Com Stockholders": "-745,225", "Basic EPS": "-", "Diluted EPS": "-", "Basic Average Shares": "-", "Diluted Average Shares": "-", "Total Operating Income as Reported": "1,258,476", "Total Expenses": "2,047,350", "Net Income from Continuing & Discontinued Operation": "-745,225", "Normalized Income": "691,232", "Interest Income": "67,317", "Interest Expense": "0", "Net Interest Income": "67,317", "EBIT": "-585,319", "EBITDA": "-585,319", "Reconciled Cost of Revenue": "1,504,012", "Reconciled Depreciation": "-", "Net Income from Continuing Operation Net Minority Interest": "-745,225", "Total Unusual Items Excluding Goodwill": "-1,915,276", "Total Unusual Items": "-1,915,276", "Normalized EBITDA": "1,329,957", "Tax Rate for Calcs": "0", "Tax Effect of Unusual Items": "-478,819"}, "12/31/2020": {"Duration": "12/31/2020", "Total Revenue": "3,305,826", "Cost of Revenue": "1,504,012", "Gross Profit": "1,801,814", "Operating Expense": "543,338", "Operating Income": "1,258,476", "Net Non Operating Interest Income Expense": "67,317", "Other Income Expense": "-1,911,112", "Pretax Income": "-585,319", "Tax Provision": "258,460", "Earnings from Equity Interest Net of Tax": "100,257", "Net Income Common Stockholders": "-745,225", "Average Dilution Earnings": "-", "Diluted NI Available to Com Stockholders": "-745,225", "Basic EPS": "-", "Diluted EPS": "-", "Basic Average Shares": "-", "Diluted Average Shares": "-", "Total Operating Income as Reported": "1,258,476", "Total Expenses": "2,047,350", "Net Income from Continuing & Discontinued Operation": "-745,225", "Normalized Income": "691,232", "Interest Income": "67,317", "Interest Expense": "0", "Net Interest Income": "67,317", "EBIT": "-585,319", "EBITDA": "-", "Reconciled Cost of Revenue": "1,504,012", "Reconciled Depreciation": "-", "Net Income from Continuing Operation Net Minority Interest": "-745,225", "Total Unusual Items Excluding Goodwill": "-1,915,276", "Total Unusual Items": "-1,915,276", "Normalized EBITDA": "1,329,957", "Tax Rate for Calcs": "0", "Tax Effect of Unusual Items": "-478,819"}, "12/31/2019": {"Duration": "12/31/2019", "Total Revenue": "3,391,812", "Cost of Revenue": "1,610,770", "Gross Profit": "1,781,042", "Operating Expense": "866,076", "Operating Income": "914,966", "Net Non Operating Interest Income Expense": "88,669", "Other Income Expense": "-35,660", "Pretax Income": "967,975", "Tax Provision": "220,025", "Earnings from Equity Interest Net of Tax": "115,809", "Net Income Common Stockholders": "829,151", "Average Dilution Earnings": "-", "Diluted NI Available to Com Stockholders": "829,151", "Basic EPS": "13.56", "Diluted EPS": "13.42", "Basic Average Shares": "61,160", "Diluted Average Shares": "61,848", "Total Operating Income as Reported": "914,966", "Total Expenses": "2,476,846", "Net Income from Continuing & Discontinued Operation": "829,151", "Normalized Income": "851,266", "Interest Income": "89,099", "Interest Expense": "430", "Net Interest Income": "88,669", "EBIT": "968,405", "EBITDA": "-", "Reconciled Cost of Revenue": "1,610,770", "Reconciled Depreciation": "105,432", "Net Income from Continuing Operation Net Minority Interest": "829,151", "Total Unusual Items Excluding Goodwill": "-28,620", "Total Unusual Items": "-28,620", "Normalized EBITDA": "1,102,457", "Tax Rate for Calcs": "0", "Tax Effect of Unusual Items": "-6,505"}, "12/31/2018": {"Duration": "12/31/2018", "Total Revenue": "3,289,608", "Cost of Revenue": "1,564,192", "Gross Profit": "1,725,416", "Operating Expense": "798,892", "Operating Income": "926,524", "Net Non Operating Interest Income Expense": "59,813", "Other Income Expense": "25,260", "Pretax Income": "1,011,597", "Tax Provision": "222,320", "Earnings from Equity Interest Net of Tax": "14,469", "Net Income Common Stockholders": "811,297", "Average Dilution Earnings": "7,707", "Diluted NI Available to Com Stockholders": "819,004", "Basic EPS": "13.49", "Diluted EPS": "12.95", "Basic Average Shares": "56,551", "Diluted Average Shares": "60,468", "Total Operating Income as Reported": "926,524", "Total Expenses": "2,363,084", "Net Income from Continuing & Discontinued Operation": "811,297", "Normalized Income": "773,365", "Interest Income": "69,841", "Interest Expense": "10,028", "Net Interest Income": "59,813", "EBIT": "1,021,625", "EBITDA": "-", "Reconciled Cost of Revenue": "1,564,192", "Reconciled Depreciation": "92,282", "Net Income from Continuing Operation Net Minority Interest": "811,297", "Total Unusual Items Excluding Goodwill": "48,616", "Total Unusual Items": "48,616", "Normalized EBITDA": "1,065,291", "Tax Rate for Calcs": "0", "Tax Effect of Unusual Items": "10,684"}}, "bs": {"12/31/2020": {"Duration": "12/31/2020", "Total Assets": "9,399,586", "Total Liabilities Net Minority Interest": "2,122,215", "Total Equity Gross Minority Interest": "7,277,371", "Total Capitalization": "7,277,371", "Common Stock Equity": "7,277,371", "Capital Lease Obligations": "272,212", "Net Tangible Assets": "7,277,371", "Working Capital": "4,899,895", "Invested Capital": "-", "Tangible Book Value": "7,277,371", "Total Debt": "272,212", "Share Issued": "-", "Ordinary Shares Number": "-", "Treasury Shares Number": "-"}, "12/31/2019": {"Duration": "12/31/2019", "Total Assets": "9,802,604", "Total Liabilities Net Minority Interest": "1,927,644", "Total Equity Gross Minority Interest": "7,874,960", "Total Capitalization": "7,013,467", "Common Stock Equity": "7,013,467", "Capital Lease Obligations": "374,431", "Net Tangible Assets": "7,013,467", "Working Capital": "5,226,171", "Invested Capital": "7,013,467", "Tangible Book Value": "7,013,467", "Total Debt": "374,431", "Share Issued": "30,800", "Ordinary Shares Number": "30,800", "Treasury Shares Number": "-"}, "12/31/2018": {"Duration": "12/31/2018", "Total Assets": "8,014,264", "Total Liabilities Net Minority Interest": "1,838,887", "Total Equity Gross Minority Interest": "6,175,377", "Total Capitalization": "5,982,704", "Common Stock Equity": "5,837,700", "Capital Lease Obligations": "-", "Net Tangible Assets": "5,837,700", "Working Capital": "3,513,008", "Invested Capital": "5,982,704", "Tangible Book Value": "5,837,700", "Total Debt": "145,004", "Share Issued": "30,205", "Ordinary Shares Number": "30,065", "Treasury Shares Number": "140.479"}}, "cf": {"TTM": {"Duration": "TTM", "Operating Cash Flow": "-", "Investing Cash Flow": "-", "Financing Cash Flow": "-", "End Cash Position": "-", "Income Tax Paid Supplemental Data": "-", "Interest Paid Supplemental Data": "-", "Capital Expenditure": "-", "Issuance of Debt": "-", "Repayment of Debt": "-", "Repurchase of Capital Stock": "-", "Free Cash Flow": "-"}, "12/31/2019": {"Duration": "12/31/2019", "Operating Cash Flow": "1,288,233", "Investing Cash Flow": "-182,012", "Financing Cash Flow": "543,311", "End Cash Position": "4,393,934", "Income Tax Paid Supplemental Data": "209,975", "Interest Paid Supplemental Data": "430", "Capital Expenditure": "-65,333", "Issuance of Debt": "-", "Repayment of Debt": "-", "Repurchase of Capital Stock": "0", "Free Cash Flow": "1,222,900"}, "12/31/2018": {"Duration": "12/31/2018", "Operating Cash Flow": "1,029,386", "Investing Cash Flow": "-395,677", "Financing Cash Flow": "109,825", "End Cash Position": "2,706,591", "Income Tax Paid Supplemental Data": "211,503", "Interest Paid Supplemental Data": "13,022", "Capital Expenditure": "-128,223", "Issuance of Debt": "-", "Repayment of Debt": "-", "Repurchase of Capital Stock": "0", "Free Cash Flow": "901,163"}}}}, {"MERR": {"quote": {"03/28/2021": {"value": "0.1000", "Market Cap": "410,427", "Beta (5Y Monthly)": "-0.39", "PE Ratio (TTM)": "N/A", "EPS (TTM)": "-1.7420", "Earnings Date": "N/A", "Forward Dividend & Yield": "N/A (N/A)", "Ex-Dividend Date": "N/A", "1y Target Est": "1.00"}}, "fin": {}, "bs": {}, "cf": {}}}, {"IVZ": {"quote": {"03/28/2021": {"value": "24.76", "Market Cap": "11.367B", "Beta (5Y Monthly)": "1.32", "PE Ratio (TTM)": "21.91", "EPS (TTM)": "1.13", "Earnings Date": "Apr 21, 2021 - Apr 26, 2021", "Forward Dividend & Yield": "0.62 (2.50%)", "Ex-Dividend Date": "Feb 12, 2021", "1y Target Est": "23.46"}}, "fin": {"TTM": {"Duration": "TTM", "Total Revenue": "6,145,600", "Cost of Revenue": "1,807,900", "Gross Profit": "4,337,700", "Operating Expense": "3,024,000", "Operating Income": "1,313,700", "Net Non Operating Interest Income Expense": "-108,800", "Other Income Expense": "-135,800", "Pretax Income": "1,069,100", "Tax Provision": "261,600", "Net Income Common Stockholders": "524,800", "Diluted NI Available to Com Stockholders": "524,800", "Basic EPS": "-", "Diluted EPS": "-", "Basic Average Shares": "-", "Diluted Average Shares": "-", "Total Operating Income as Reported": "920,400", "Total Expenses": "4,831,900", "Net Income from Continuing & Discontinued Operation": "761,600", "Normalized Income": "1,019,961", "Interest Income": "20,500", "Interest Expense": "129,300", "Net Interest Income": "-108,800", "EBIT": "1,198,400", "EBITDA": "1,401,900", "Reconciled Cost of Revenue": "1,807,900", "Reconciled Depreciation": "203,500", "Net Income from Continuing Operation Net Minority Interest": "761,600", "Total Unusual Items Excluding Goodwill": "-342,200", "Total Unusual Items": "-342,200", "Normalized EBITDA": "1,744,100", "Tax Rate for Calcs": "0", "Tax Effect of Unusual Items": "-83,839"}, "12/31/2020": {"Duration": "12/31/2020", "Total Revenue": "6,145,600", "Cost of Revenue": "1,807,900", "Gross Profit": "4,337,700", "Operating Expense": "3,024,000", "Operating Income": "1,313,700", "Net Non Operating Interest Income Expense": "-108,800", "Other Income Expense": "-135,800", "Pretax Income": "1,069,100", "Tax Provision": "261,600", "Net Income Common Stockholders": "524,800", "Diluted NI Available to Com Stockholders": "524,800", "Basic EPS": "-", "Diluted EPS": "-", "Basic Average Shares": "-", "Diluted Average Shares": "-", "Total Operating Income as Reported": "920,400", "Total Expenses": "4,831,900", "Net Income from Continuing & Discontinued Operation": "761,600", "Normalized Income": "1,019,961", "Interest Income": "20,500", "Interest Expense": "129,300", "Net Interest Income": "-108,800", "EBIT": "1,198,400", "EBITDA": "-", "Reconciled Cost of Revenue": "1,807,900", "Reconciled Depreciation": "203,500", "Net Income from Continuing Operation Net Minority Interest": "761,600", "Total Unusual Items Excluding Goodwill": "-342,200", "Total Unusual Items": "-342,200", "Normalized EBITDA": "1,744,100", "Tax Rate for Calcs": "0", "Tax Effect of Unusual Items": "-83,839"}, "12/31/2019": {"Duration": "12/31/2019", "Total Revenue": "6,117,400", "Cost of Revenue": "1,709,300", "Gross Profit": "4,408,100", "Operating Expense": "2,926,900", "Operating Income": "1,481,200", "Net Non Operating Interest Income Expense": "-107,200", "Other Income Expense": "-401,100", "Pretax Income": "972,900", "Tax Provision": "235,100", "Net Income Common Stockholders": "564,700", "Diluted NI Available to Com Stockholders": "564,700", "Basic EPS": "1.29", "Diluted EPS": "1.28", "Basic Average Shares": "437,800", "Diluted Average Shares": "440,500", "Total Operating Income as Reported": "808,200", "Total Expenses": "4,636,200", "Net Income from Continuing & Discontinued Operation": "688,300", "Normalized Income": "1,152,575", "Interest Income": "28,500", "Interest Expense": "135,700", "Net Interest Income": "-107,200", "EBIT": "1,108,600", "EBITDA": "-", "Reconciled Cost of Revenue": "1,709,300", "Reconciled Depreciation": "177,600", "Net Income from Continuing Operation Net Minority Interest": "688,300", "Total Unusual Items Excluding Goodwill": "-612,500", "Total Unusual Items": "-612,500", "Normalized EBITDA": "1,898,700", "Tax Rate for Calcs": "0", "Tax Effect of Unusual Items": "-148,225"}, "12/31/2018": {"Duration": "12/31/2018", "Total Revenue": "5,314,100", "Cost of Revenue": "1,494,400", "Gross Profit": "3,819,700", "Operating Expense": "2,477,900", "Operating Income": "1,341,800", "Net Non Operating Interest Income Expense": "-90,200", "Other Income Expense": "-113,500", "Pretax Income": "1,138,100", "Tax Provision": "255,000", "Net Income Common Stockholders": "855,900", "Diluted NI Available to Com Stockholders": "855,900", "Basic EPS": "2.14", "Diluted EPS": "2.14", "Basic Average Shares": "412,400", "Diluted Average Shares": "412,500", "Total Operating Income as Reported": "1,204,900", "Total Expenses": "3,972,300", "Net Income from Continuing & Discontinued Operation": "882,800", "Normalized Income": "1,023,489", "Interest Income": "21,300", "Interest Expense": "111,500", "Net Interest Income": "-90,200", "EBIT": "1,249,600", "EBITDA": "-", "Reconciled Cost of Revenue": "1,494,400", "Reconciled Depreciation": "142,100", "Net Income from Continuing Operation Net Minority Interest": "882,800", "Total Unusual Items Excluding Goodwill": "-181,300", "Total Unusual Items": "-181,300", "Normalized EBITDA": "1,573,000", "Tax Rate for Calcs": "0", "Tax Effect of Unusual Items": "-40,611"}}, "cf": {"TTM": {"Duration": "TTM", "Operating Cash Flow": "1,230,300", "Investing Cash Flow": "-865,100", "Financing Cash Flow": "-285,900", "End Cash Position": "1,839,300", "Income Tax Paid Supplemental Data": "223,800", "Interest Paid Supplemental Data": "93,100", "Capital Expenditure": "-115,000", "Issuance of Debt": "1,268,000", "Repayment of Debt": "-791,100", "Repurchase of Capital Stock": "-47,100", "Free Cash Flow": "1,115,300"}, "12/31/2020": {"Duration": "12/31/2020", "Operating Cash Flow": "1,230,300", "Investing Cash Flow": "-865,100", "Financing Cash Flow": "-285,900", "End Cash Position": "1,839,300", "Income Tax Paid Supplemental Data": "223,800", "Interest Paid Supplemental Data": "93,100", "Capital Expenditure": "-115,000", "Issuance of Debt": "1,268,000", "Repayment of Debt": "-791,100", "Repurchase of Capital Stock": "-47,100", "Free Cash Flow": "1,115,300"}, "12/31/2019": {"Duration": "12/31/2019", "Operating Cash Flow": "1,116,600", "Investing Cash Flow": "-1,425,400", "Financing Cash Flow": "201,300", "End Cash Position": "1,701,200", "Income Tax Paid Supplemental Data": "193,700", "Interest Paid Supplemental Data": "99,400", "Capital Expenditure": "-124,300", "Issuance of Debt": "3,348,800", "Repayment of Debt": "-2,150,400", "Repurchase of Capital Stock": "-469,800", "Free Cash Flow": "992,300"}, "12/31/2018": {"Duration": "12/31/2018", "Operating Cash Flow": "828,800", "Investing Cash Flow": "-2,898,700", "Financing Cash Flow": "1,540,000", "End Cash Position": "1,805,400", "Income Tax Paid Supplemental Data": "322,000", "Interest Paid Supplemental Data": "100,800", "Capital Expenditure": "-102,500", "Issuance of Debt": "2,463,800", "Repayment of Debt": "-714,600", "Repurchase of Capital Stock": "-51,800", "Free Cash Flow": "726,300"}}}}, {"VRTS": {"quote": {"03/28/2021": {"value": "240.08", "Market Cap": "1.821B", "Beta (5Y Monthly)": "1.46", "PE Ratio (TTM)": "23.96", "EPS (TTM)": "10.02", "Earnings Date": "Apr 29, 2021 - May 03, 2021", "Forward Dividend & Yield": "3.28 (1.37%)", "Ex-Dividend Date": "Apr 29, 2021", "1y Target Est": "312.50"}}, "fin": {"TTM": {"Duration": "TTM", "Total Revenue": "603,226", "Cost of Revenue": "267,299", "Gross Profit": "335,927", "Operating Expense": "191,608", "Operating Income": "144,319", "Net Non Operating Interest Income Expense": "13,684", "Other Income Expense": "5,895", "Pretax Income": "163,898", "Tax Provision": "43,935", "Net Income Common Stockholders": "79,957", "Diluted NI Available to Com Stockholders": "79,957", "Basic EPS": "-", "Diluted EPS": "-", "Basic Average Shares": "-", "Diluted Average Shares": "-", "Total Operating Income as Reported": "143,164", "Total Expenses": "458,907", "Net Income from Continuing & Discontinued Operation": "79,957", "Normalized Income": "77,015", "Interest Income": "111,015", "Interest Expense": "97,331", "Net Interest Income": "13,684", "EBIT": "261,229", "EBITDA": "300,082", "Reconciled Cost of Revenue": "263,233", "Reconciled Depreciation": "38,853", "Net Income from Continuing Operation Net Minority Interest": "79,957", "Total Unusual Items Excluding Goodwill": "4,019", "Total Unusual Items": "4,019", "Normalized EBITDA": "296,063", "Tax Rate for Calcs": "0", "Tax Effect of Unusual Items": "1,077"}, "12/31/2020": {"Duration": "12/31/2020", "Total Revenue": "603,226", "Cost of Revenue": "267,299", "Gross Profit": "335,927", "Operating Expense": "191,608", "Operating Income": "144,319", "Net Non Operating Interest Income Expense": "13,684", "Other Income Expense": "5,895", "Pretax Income": "163,898", "Tax Provision": "43,935", "Net Income Common Stockholders": "79,957", "Diluted NI Available to Com Stockholders": "79,957", "Basic EPS": "-", "Diluted EPS": "-", "Basic Average Shares": "-", "Diluted Average Shares": "-", "Total Operating Income as Reported": "143,164", "Total Expenses": "458,907", "Net Income from Continuing & Discontinued Operation": "79,957", "Normalized Income": "77,015", "Interest Income": "111,015", "Interest Expense": "97,331", "Net Interest Income": "13,684", "EBIT": "261,229", "EBITDA": "-", "Reconciled Cost of Revenue": "263,233", "Reconciled Depreciation": "38,853", "Net Income from Continuing Operation Net Minority Interest": "79,957", "Total Unusual Items Excluding Goodwill": "4,019", "Total Unusual Items": "4,019", "Normalized EBITDA": "296,063", "Tax Rate for Calcs": "0", "Tax Effect of Unusual Items": "1,077"}, "12/31/2019": {"Duration": "12/31/2019", "Total Revenue": "562,259", "Cost of Revenue": "240,521", "Gross Profit": "321,738", "Operating Expense": "194,726", "Operating Income": "127,012", "Net Non Operating Interest Income Expense": "7,722", "Other Income Expense": "5,951", "Pretax Income": "140,685", "Tax Provision": "35,177", "Net Income Common Stockholders": "87,312", "Diluted NI Available to Com Stockholders": "87,312", "Basic EPS": "12.54", "Diluted EPS": "11.74", "Basic Average Shares": "6,963", "Diluted Average Shares": "8,149", "Total Operating Income as Reported": "124,710", "Total Expenses": "435,247", "Net Income from Continuing & Discontinued Operation": "95,649", "Normalized Income": "92,994", "Interest Income": "119,200", "Interest Expense": "111,478", "Net Interest Income": "7,722", "EBIT": "252,163", "EBITDA": "-", "Reconciled Cost of Revenue": "236,114", "Reconciled Depreciation": "39,643", "Net Income from Continuing Operation Net Minority Interest": "95,649", "Total Unusual Items Excluding Goodwill": "3,540", "Total Unusual Items": "3,540", "Normalized EBITDA": "288,266", "Tax Rate for Calcs": "0", "Tax Effect of Unusual Items": "885"}, "12/31/2018": {"Duration": "12/31/2018", "Total Revenue": "551,350", "Cost of Revenue": "238,501", "Gross Profit": "312,849", "Operating Expense": "199,663", "Operating Income": "113,186", "Net Non Operating Interest Income Expense": "19,122", "Other Income Expense": "-23,267", "Pretax Income": "109,041", "Tax Provision": "32,961", "Net Income Common Stockholders": "67,192", "Diluted NI Available to Com Stockholders": "67,192", "Basic EPS": "9.37", "Diluted EPS": "8.86", "Basic Average Shares": "7,174", "Diluted Average Shares": "8,527", "Total Operating Income as Reported": "113,099", "Total Expenses": "438,164", "Net Income from Continuing & Discontinued Operation": "75,529", "Normalized Income": "94,065", "Interest Income": "103,355", "Interest Expense": "84,233", "Net Interest Income": "19,122", "EBIT": "193,274", "EBITDA": "-", "Reconciled Cost of Revenue": "234,814", "Reconciled Depreciation": "33,426", "Net Income from Continuing Operation Net Minority Interest": "75,529", "Total Unusual Items Excluding Goodwill": "-26,556", "Total Unusual Items": "-26,556", "Normalized EBITDA": "253,256", "Tax Rate for Calcs": "0", "Tax Effect of Unusual Items": "-8,020"}}, "bs": {"12/31/2020": {"Duration": "12/31/2020", "Total Assets": "3,466,943", "Total Liabilities Net Minority Interest": "2,746,003", "Total Equity Gross Minority Interest": "720,940", "Total Capitalization": "3,102,798", "Preferred Stock Equity": "-", "Common Stock Equity": "711,141", "Net Tangible Assets": "140,511", "Working Capital": "344,149", "Invested Capital": "3,102,798", "Tangible Book Value": "140,511", "Total Debt": "2,391,657", "Net Debt": "2,058,166", "Share Issued": "11,791", "Ordinary Shares Number": "7,583", "Preferred Shares Number": "-", "Treasury Shares Number": "4,207"}, "12/31/2019": {"Duration": "12/31/2019", "Total Assets": "3,204,634", "Total Liabilities Net Minority Interest": "2,518,377", "Total Equity Gross Minority Interest": "686,257", "Total Capitalization": "2,510,234", "Preferred Stock Equity": "110,843", "Common Stock Equity": "564,856", "Net Tangible Assets": "74,942", "Working Capital": "-183,419", "Invested Capital": "2,677,230", "Tangible Book Value": "-35,901", "Total Debt": "2,112,374", "Net Debt": "1,790,902", "Share Issued": "10,737", "Ordinary Shares Number": "6,809", "Preferred Shares Number": "1,150", "Treasury Shares Number": "3,928"}, "12/31/2018": {"Duration": "12/31/2018", "Total Assets": "2,870,535", "Total Liabilities Net Minority Interest": "2,226,668", "Total Equity Gross Minority Interest": "643,867", "Total Capitalization": "2,250,169", "Preferred Stock Equity": "110,843", "Common Stock Equity": "519,066", "Net Tangible Assets": "731", "Working Capital": "-204,214", "Invested Capital": "2,468,510", "Tangible Book Value": "-110,112", "Total Debt": "1,949,444", "Net Debt": "1,695,724", "Share Issued": "10,553", "Ordinary Shares Number": "6,997", "Preferred Shares Number": "1,150", "Treasury Shares Number": "3,555"}}, "cf": {"TTM": {"Duration": "TTM", "Operating Cash Flow": "-226,103", "Investing Cash Flow": "8,681", "Financing Cash Flow": "235,332", "End Cash Position": "339,849", "Income Tax Paid Supplemental Data": "35,388", "Interest Paid Supplemental Data": "8,857", "Capital Expenditure": "-1,043", "Issuance of Capital Stock": "-", "Issuance of Debt": "779,982", "Repayment of Debt": "-473,558", "Repurchase of Capital Stock": "-32,500", "Free Cash Flow": "-227,146"}, "12/31/2020": {"Duration": "12/31/2020", "Operating Cash Flow": "-226,103", "Investing Cash Flow": "8,681", "Financing Cash Flow": "235,332", "End Cash Position": "339,849", "Income Tax Paid Supplemental Data": "35,388", "Interest Paid Supplemental Data": "8,857", "Capital Expenditure": "-1,043", "Issuance of Capital Stock": "-", "Issuance of Debt": "779,982", "Repayment of Debt": "-473,558", "Repurchase of Capital Stock": "-32,500", "Free Cash Flow": "-227,146"}, "12/31/2019": {"Duration": "12/31/2019", "Operating Cash Flow": "-36,723", "Investing Cash Flow": "4,448", "Financing Cash Flow": "99,558", "End Cash Position": "321,939", "Income Tax Paid Supplemental Data": "29,062", "Interest Paid Supplemental Data": "18,072", "Capital Expenditure": "-7,555", "Issuance of Capital Stock": "0", "Issuance of Debt": "414,605", "Repayment of Debt": "-250,548", "Repurchase of Capital Stock": "-40,000", "Free Cash Flow": "-44,278"}, "12/31/2018": {"Duration": "12/31/2018", "Operating Cash Flow": "-62,555", "Investing Cash Flow": "-121,228", "Financing Cash Flow": "204,157", "End Cash Position": "254,656", "Income Tax Paid Supplemental Data": "23,800", "Interest Paid Supplemental Data": "11,846", "Capital Expenditure": "-11,717", "Issuance of Capital Stock": "0", "Issuance of Debt": "962,404", "Repayment of Debt": "-693,276", "Repurchase of Capital Stock": "-27,501", "Free Cash Flow": "-74,272"}}}}, {"LAZ": {"quote": {"03/28/2021": {"value": "43.73", "Market Cap": "4.694B", "Beta (5Y Monthly)": "1.60", "PE Ratio (TTM)": "12.37", "EPS (TTM)": "3.54", "Earnings Date": "Apr 28, 2021 - May 03, 2021", "Forward Dividend & Yield": "1.88 (4.30%)", "Ex-Dividend Date": "Feb 18, 2021", "1y Target Est": "49.67"}}, "fin": {"TTM": {"Duration": "TTM", "Total Revenue": "2,646,769", "Cost of Revenue": "1,631,315", "Gross Profit": "1,015,454", "Operating Expense": "511,518", "Operating Income": "503,936", "Other Income Expense": "-1,795", "Pretax Income": "502,141", "Tax Provision": "99,449", "Net Income Common Stockholders": "394,794", "Average Dilution Earnings": "6,429", "Diluted NI Available to Com Stockholders": "401,223", "Basic EPS": "-", "Diluted EPS": "-", "Basic Average Shares": "-", "Diluted Average Shares": "-", "Total Operating Income as Reported": "502,141", "Rent Expense Supplemental": "127,682", "Total Expenses": "2,142,833", "Net Income from Continuing & Discontinued Operation": "402,461", "Normalized Income": "403,901", "EBIT": "503,936", "EBITDA": "540,826", "Reconciled Cost of Revenue": "1,631,315", "Reconciled Depreciation": "36,890", "Net Income from Continuing Operation Net Minority Interest": "402,461", "Total Unusual Items Excluding Goodwill": "-1,795", "Total Unusual Items": "-1,795", "Normalized EBITDA": "542,621", "Tax Rate for Calcs": "0", "Tax Effect of Unusual Items": "-355.41"}, "12/31/2020": {"Duration": "12/31/2020", "Total Revenue": "2,646,769", "Cost of Revenue": "1,631,315", "Gross Profit": "1,015,454", "Operating Expense": "511,518", "Operating Income": "503,936", "Other Income Expense": "-1,795", "Pretax Income": "502,141", "Tax Provision": "99,449", "Net Income Common Stockholders": "394,794", "Average Dilution Earnings": "6,429", "Diluted NI Available to Com Stockholders": "401,223", "Basic EPS": "-", "Diluted EPS": "-", "Basic Average Shares": "-", "Diluted Average Shares": "-", "Total Operating Income as Reported": "502,141", "Rent Expense Supplemental": "127,682", "Total Expenses": "2,142,833", "Net Income from Continuing & Discontinued Operation": "402,461", "Normalized Income": "403,901", "EBIT": "503,936", "EBITDA": "-", "Reconciled Cost of Revenue": "1,631,315", "Reconciled Depreciation": "36,890", "Net Income from Continuing Operation Net Minority Interest": "402,461", "Total Unusual Items Excluding Goodwill": "-1,795", "Total Unusual Items": "-1,795", "Normalized EBITDA": "542,621", "Tax Rate for Calcs": "0", "Tax Effect of Unusual Items": "-355.41"}, "12/31/2019": {"Duration": "12/31/2019", "Total Revenue": "2,666,958", "Cost of Revenue": "1,643,580", "Gross Profit": "1,023,378", "Operating Expense": "611,270", "Operating Income": "412,108", "Other Income Expense": "-19,410", "Pretax Income": "392,698", "Tax Provision": "94,982", "Net Income Common Stockholders": "283,110", "Average Dilution Earnings": "25", "Diluted NI Available to Com Stockholders": "283,135", "Basic EPS": "2.57", "Diluted EPS": "2.44", "Basic Average Shares": "110,190", "Diluted Average Shares": "116,080", "Total Operating Income as Reported": "392,698", "Rent Expense Supplemental": "123,149", "Total Expenses": "2,254,850", "Net Income from Continuing & Discontinued Operation": "286,500", "Normalized Income": "301,213", "EBIT": "412,108", "EBITDA": "-", "Reconciled Cost of Revenue": "1,643,580", "Reconciled Depreciation": "54,982", "Net Income from Continuing Operation Net Minority Interest": "286,500", "Total Unusual Items Excluding Goodwill": "-19,410", "Total Unusual Items": "-19,410", "Normalized EBITDA": "486,500", "Tax Rate for Calcs": "0", "Tax Effect of Unusual Items": "-4,697"}, "12/31/2018": {"Duration": "12/31/2018", "Total Revenue": "2,884,833", "Cost of Revenue": "1,573,216", "Gross Profit": "1,311,617", "Operating Expense": "646,748", "Operating Income": "664,869", "Other Income Expense": "15,897", "Pretax Income": "680,766", "Tax Provision": "148,317", "Net Income Common Stockholders": "527,125", "Average Dilution Earnings": "-", "Diluted NI Available to Com Stockholders": "527,125", "Basic EPS": "4.43", "Diluted EPS": "4.06", "Basic Average Shares": "119,007", "Diluted Average Shares": "129,768", "Total Operating Income as Reported": "680,766", "Rent Expense Supplemental": "121,107", "Total Expenses": "2,219,964", "Net Income from Continuing & Discontinued Operation": "527,125", "Normalized Income": "514,694", "EBIT": "664,869", "EBITDA": "-", "Reconciled Cost of Revenue": "1,573,216", "Reconciled Depreciation": "18,206", "Net Income from Continuing Operation Net Minority Interest": "527,125", "Total Unusual Items Excluding Goodwill": "15,897", "Total Unusual Items": "15,897", "Normalized EBITDA": "667,178", "Tax Rate for Calcs": "0", "Tax Effect of Unusual Items": "3,466"}}, "bs": {"12/31/2020": {"Duration": "12/31/2020", "Total Assets": "5,971,861", "Total Liabilities Net Minority Interest": "4,972,428", "Total Equity Gross Minority Interest": "999,433", "Total Capitalization": "2,594,513", "Common Stock Equity": "911,772", "Capital Lease Obligations": "606,963", "Net Tangible Assets": "527,701", "Working Capital": "1,932,676", "Invested Capital": "2,594,513", "Tangible Book Value": "527,701", "Total Debt": "2,289,704", "Net Debt": "292,865", "Share Issued": "112,766", "Ordinary Shares Number": "105,038", "Preferred Shares Number": "7.921", "Treasury Shares Number": "7,728"}, "12/31/2019": {"Duration": "12/31/2019", "Total Assets": "5,639,581", "Total Liabilities Net Minority Interest": "4,958,007", "Total Equity Gross Minority Interest": "681,574", "Total Capitalization": "2,289,553", "Common Stock Equity": "609,991", "Capital Lease Obligations": "644,345", "Net Tangible Assets": "236,397", "Working Capital": "1,633,639", "Invested Capital": "2,289,553", "Tangible Book Value": "236,397", "Total Debt": "2,323,907", "Net Debt": "447,969", "Share Issued": "112,766", "Ordinary Shares Number": "104,253", "Preferred Shares Number": "7.921", "Treasury Shares Number": "8,513"}, "12/31/2018": {"Duration": "12/31/2018", "Total Assets": "4,997,241", "Total Liabilities Net Minority Interest": "4,027,148", "Total Equity Gross Minority Interest": "970,093", "Total Capitalization": "2,351,111", "Common Stock Equity": "916,851", "Capital Lease Obligations": "-", "Net Tangible Assets": "541,533", "Working Capital": "1,623,911", "Invested Capital": "2,351,111", "Tangible Book Value": "541,533", "Total Debt": "1,434,260", "Net Debt": "187,723", "Share Issued": "129,766", "Ordinary Shares Number": "112,191", "Preferred Shares Number": "7.921", "Treasury Shares Number": "17,575"}}, "cf": {"TTM": {"Duration": "TTM", "Operating Cash Flow": "575,931", "Investing Cash Flow": "-62,939", "Financing Cash Flow": "-547,351", "End Cash Position": "2,568,827", "Income Tax Paid Supplemental Data": "43,754", "Interest Paid Supplemental Data": "78,263", "Capital Expenditure": "-64,286", "Issuance of Debt": "0", "Repayment of Debt": "0", "Repurchase of Capital Stock": "-95,227", "Free Cash Flow": "511,645"}, "12/31/2020": {"Duration": "12/31/2020", "Operating Cash Flow": "575,931", "Investing Cash Flow": "-62,939", "Financing Cash Flow": "-547,351", "End Cash Position": "2,568,827", "Income Tax Paid Supplemental Data": "43,754", "Interest Paid Supplemental Data": "78,263", "Capital Expenditure": "-64,286", "Issuance of Debt": "0", "Repayment of Debt": "0", "Repurchase of Capital Stock": "-95,227", "Free Cash Flow": "511,645"}, "12/31/2019": {"Duration": "12/31/2019", "Operating Cash Flow": "677,953", "Investing Cash Flow": "-42,248", "Financing Cash Flow": "-444,050", "End Cash Position": "2,455,559", "Income Tax Paid Supplemental Data": "89,448", "Interest Paid Supplemental Data": "70,400", "Capital Expenditure": "-42,757", "Issuance of Debt": "492,032", "Repayment of Debt": "-255,746", "Repurchase of Capital Stock": "-494,687", "Free Cash Flow": "635,196"}, "12/31/2018": {"Duration": "12/31/2018", "Operating Cash Flow": "699,038", "Investing Cash Flow": "-46,209", "Financing Cash Flow": "-726,104", "End Cash Position": "2,291,885", "Income Tax Paid Supplemental Data": "101,671", "Interest Paid Supplemental Data": "50,812", "Capital Expenditure": "-49,593", "Issuance of Debt": "490,970", "Repayment of Debt": "-255,611", "Repurchase of Capital Stock": "-552,872", "Free Cash Flow": "649,445"}}}}, {"MN": {"quote": {"03/28/2021": {"value": "6.55", "Market Cap": "112.274M", "Beta (5Y Monthly)": "3.18", "PE Ratio (TTM)": "22.28", "EPS (TTM)": "0.29", "Earnings Date": "May 05, 2021 - May 10, 2021", "Forward Dividend & Yield": "N/A (N/A)", "Ex-Dividend Date": "Mar 31, 2020", "1y Target Est": "N/A"}}, "fin": {"TTM": {"Duration": "TTM", "Total Revenue": "127,034", "Cost of Revenue": "74,397", "Gross Profit": "52,637", "Operating Expense": "38,825", "Operating Income": "13,812", "Net Non Operating Interest Income Expense": "923", "Other Income Expense": "-915", "Pretax Income": "13,820", "Tax Provision": "-106", "Net Income Common Stockholders": "9,908", "Average Dilution Earnings": "2,317", "Diluted NI Available to Com Stockholders": "12,225", "Basic EPS": "-", "Diluted EPS": "-", "Basic Average Shares": "-", "Diluted Average Shares": "-", "Total Operating Income as Reported": "13,812", "Total Expenses": "113,222", "Net Income from Continuing & Discontinued Operation": "10,004", "Normalized Income": "9,356", "Interest Income": "934", "Interest Expense": "11", "Net Interest Income": "923", "EBIT": "13,831", "EBITDA": "15,367", "Reconciled Cost of Revenue": "74,397", "Reconciled Depreciation": "1,536", "Net Income from Continuing Operation Net Minority Interest": "10,004", "Total Unusual Items Excluding Goodwill": "888", "Total Unusual Items": "888", "Normalized EBITDA": "14,479", "Tax Rate for Calcs": "0", "Tax Effect of Unusual Items": "239.76"}, "12/31/2020": {"Duration": "12/31/2020", "Total Revenue": "127,034", "Cost of Revenue": "74,397", "Gross Profit": "52,637", "Operating Expense": "38,825", "Operating Income": "13,812", "Net Non Operating Interest Income Expense": "923", "Other Income Expense": "-915", "Pretax Income": "13,820", "Tax Provision": "-106", "Net Income Common Stockholders": "9,908", "Average Dilution Earnings": "2,317", "Diluted NI Available to Com Stockholders": "12,225", "Basic EPS": "-", "Diluted EPS": "-", "Basic Average Shares": "-", "Diluted Average Shares": "-", "Total Operating Income as Reported": "13,812", "Total Expenses": "113,222", "Net Income from Continuing & Discontinued Operation": "10,004", "Normalized Income": "9,356", "Interest Income": "934", "Interest Expense": "11", "Net Interest Income": "923", "EBIT": "13,831", "EBITDA": "-", "Reconciled Cost of Revenue": "74,397", "Reconciled Depreciation": "1,536", "Net Income from Continuing Operation Net Minority Interest": "10,004", "Total Unusual Items Excluding Goodwill": "888", "Total Unusual Items": "888", "Normalized EBITDA": "14,479", "Tax Rate for Calcs": "0", "Tax Effect of Unusual Items": "239.76"}, "12/31/2019": {"Duration": "12/31/2019", "Total Revenue": "136,001", "Cost of Revenue": "80,967", "Gross Profit": "55,034", "Operating Expense": "52,326", "Operating Income": "2,708", "Net Non Operating Interest Income Expense": "3,236", "Other Income Expense": "4,361", "Pretax Income": "10,305", "Tax Provision": "448", "Net Income Common Stockholders": "1,535", "Average Dilution Earnings": "-", "Diluted NI Available to Com Stockholders": "1,535", "Basic EPS": "0.10", "Diluted EPS": "0.09", "Basic Average Shares": "15,217", "Diluted Average Shares": "77,974", "Total Operating Income as Reported": "2,708", "Total Expenses": "133,293", "Net Income from Continuing & Discontinued Operation": "1,433", "Normalized Income": "-2,929", "Interest Income": "3,262", "Interest Expense": "26", "Net Interest Income": "3,236", "EBIT": "10,331", "EBITDA": "-", "Reconciled Cost of Revenue": "80,967", "Reconciled Depreciation": "3,763", "Net Income from Continuing Operation Net Minority Interest": "1,433", "Total Unusual Items Excluding Goodwill": "4,560", "Total Unusual Items": "4,560", "Normalized EBITDA": "9,534", "Tax Rate for Calcs": "0", "Tax Effect of Unusual Items": "198.2416"}, "12/31/2018": {"Duration": "12/31/2018", "Total Revenue": "161,331", "Cost of Revenue": "87,408", "Gross Profit": "73,923", "Operating Expense": "50,541", "Operating Income": "23,382", "Net Non Operating Interest Income Expense": "2,359", "Other Income Expense": "-109", "Pretax Income": "25,632", "Tax Provision": "2,647", "Net Income Common Stockholders": "3,197", "Average Dilution Earnings": "-", "Diluted NI Available to Com Stockholders": "3,197", "Basic EPS": "0.21", "Diluted EPS": "0.21", "Basic Average Shares": "14,623", "Diluted Average Shares": "14,630", "Total Operating Income as Reported": "23,382", "Total Expenses": "137,949", "Net Income from Continuing & Discontinued Operation": "3,197", "Normalized Income": "4,497", "Interest Income": "2,408", "Interest Expense": "49", "Net Interest Income": "2,359", "EBIT": "25,681", "EBITDA": "-", "Reconciled Cost of Revenue": "87,408", "Reconciled Depreciation": "1,719", "Net Income from Continuing Operation Net Minority Interest": "3,197", "Total Unusual Items Excluding Goodwill": "-1,450", "Total Unusual Items": "-1,450", "Normalized EBITDA": "28,850", "Tax Rate for Calcs": "0", "Tax Effect of Unusual Items": "-149.7406"}}, "bs": {"12/31/2020": {"Duration": "12/31/2020", "Total Assets": "156,085", "Total Liabilities Net Minority Interest": "80,328", "Total Equity Gross Minority Interest": "75,757", "Total Capitalization": "82,957", "Common Stock Equity": "82,957", "Capital Lease Obligations": "19,500", "Net Tangible Assets": "75,490", "Working Capital": "59,056", "Invested Capital": "82,957", "Tangible Book Value": "75,490", "Total Debt": "19,500", "Share Issued": "16,990", "Ordinary Shares Number": "16,990"}, "12/31/2019": {"Duration": "12/31/2019", "Total Assets": "226,211", "Total Liabilities Net Minority Interest": "76,590", "Total Equity Gross Minority Interest": "149,621", "Total Capitalization": "160,148", "Common Stock Equity": "160,148", "Capital Lease Obligations": "21,435", "Net Tangible Assets": "152,636", "Working Capital": "134,770", "Invested Capital": "160,148", "Tangible Book Value": "152,636", "Total Debt": "21,435", "Share Issued": "15,957", "Ordinary Shares Number": "15,957"}, "12/31/2018": {"Duration": "12/31/2018", "Total Assets": "202,559", "Total Liabilities Net Minority Interest": "56,316", "Total Equity Gross Minority Interest": "146,243", "Total Capitalization": "159,815", "Common Stock Equity": "159,815", "Capital Lease Obligations": "-", "Net Tangible Assets": "152,258", "Working Capital": "131,168", "Invested Capital": "159,815", "Tangible Book Value": "152,258", "Total Debt": "-", "Share Issued": "15,311", "Ordinary Shares Number": "15,311"}}, "cf": {"TTM": {"Duration": "TTM", "Operating Cash Flow": "17,613", "Investing Cash Flow": "67,357", "Financing Cash Flow": "-94,423", "End Cash Position": "57,635", "Income Tax Paid Supplemental Data": "1,047", "Interest Paid Supplemental Data": "12", "Capital Expenditure": "-230", "Repayment of Debt": "-103", "Repurchase of Capital Stock": "-92,916", "Free Cash Flow": "17,383"}, "12/31/2020": {"Duration": "12/31/2020", "Operating Cash Flow": "17,613", "Investing Cash Flow": "67,357", "Financing Cash Flow": "-94,423", "End Cash Position": "57,635", "Income Tax Paid Supplemental Data": "1,047", "Interest Paid Supplemental Data": "12", "Capital Expenditure": "-230", "Repayment of Debt": "-103", "Repurchase of Capital Stock": "-92,916", "Free Cash Flow": "17,383"}, "12/31/2019": {"Duration": "12/31/2019", "Operating Cash Flow": "14,965", "Investing Cash Flow": "3,177", "Financing Cash Flow": "-10,640", "End Cash Position": "67,088", "Income Tax Paid Supplemental Data": "238", "Interest Paid Supplemental Data": "26", "Capital Expenditure": "-2,461", "Repayment of Debt": "-141", "Repurchase of Capital Stock": "-3,401", "Free Cash Flow": "12,504"}, "12/31/2018": {"Duration": "12/31/2018", "Operating Cash Flow": "22,838", "Investing Cash Flow": "-21,508", "Financing Cash Flow": "-20,006", "End Cash Position": "59,586", "Income Tax Paid Supplemental Data": "-", "Interest Paid Supplemental Data": "80", "Capital Expenditure": "-1,950", "Repayment of Debt": "-121", "Repurchase of Capital Stock": "-1,918", "Free Cash Flow": "20,888"}}}}, {"PZN": {"quote": {"03/28/2021": {"value": "10.15", "Market Cap": "736.788M", "Beta (5Y Monthly)": "1.42", "PE Ratio (TTM)": "19.71", "EPS (TTM)": "0.51", "Earnings Date": "Apr 19, 2021 - Apr 23, 2021", "Forward Dividend & Yield": "0.34 (3.35%)", "Ex-Dividend Date": "Feb 11, 2021", "1y Target Est": "N/A"}}, "fin": {"TTM": {"Duration": "TTM", "Total Revenue": "138,619", "Cost of Revenue": "68,487", "Gross Profit": "70,132", "Operating Expense": "14,859", "Operating Income": "55,273", "Net Non Operating Interest Income Expense": "778", "Other Income Expense": "-226", "Pretax Income": "55,825", "Tax Provision": "4,287", "Net Income Common Stockholders": "8,874", "Average Dilution Earnings": "31,892", "Diluted NI Available to Com Stockholders": "40,766", "Basic EPS": "-", "Diluted EPS": "-", "Basic Average Shares": "-", "Diluted Average Shares": "-", "Total Operating Income as Reported": "55,273", "Total Expenses": "83,346", "Net Income from Continuing & Discontinued Operation": "8,874", "Normalized Income": "9,149", "Interest Income": "778", "Interest Expense": "16", "Net Interest Income": "778", "EBIT": "55,273", "EBITDA": "55,273", "Reconciled Cost of Revenue": "68,487", "Reconciled Depreciation": "1,214", "Net Income from Continuing Operation Net Minority Interest": "8,874", "Total Unusual Items Excluding Goodwill": "-298", "Total Unusual Items": "-298", "Normalized EBITDA": "55,571", "Tax Rate for Calcs": "0", "Tax Effect of Unusual Items": "-22.8845"}, "12/31/2020": {"Duration": "12/31/2020", "Total Revenue": "138,619", "Cost of Revenue": "68,487", "Gross Profit": "70,132", "Operating Expense": "14,859", "Operating Income": "55,273", "Net Non Operating Interest Income Expense": "450", "Other Income Expense": "102", "Pretax Income": "55,825", "Tax Provision": "4,287", "Net Income Common Stockholders": "8,874", "Average Dilution Earnings": "31,892", "Diluted NI Available to Com Stockholders": "40,766", "Basic EPS": "-", "Diluted EPS": "-", "Basic Average Shares": "-", "Diluted Average Shares": "-", "Total Operating Income as Reported": "55,273", "Total Expenses": "83,346", "Net Income from Continuing & Discontinued Operation": "8,874", "Normalized Income": "8,185", "Interest Income": "466", "Interest Expense": "16", "Net Interest Income": "450", "EBIT": "55,841", "EBITDA": "-", "Reconciled Cost of Revenue": "68,487", "Reconciled Depreciation": "1,214", "Net Income from Continuing Operation Net Minority Interest": "8,874", "Total Unusual Items Excluding Goodwill": "959", "Total Unusual Items": "959", "Normalized EBITDA": "56,096", "Tax Rate for Calcs": "0", "Tax Effect of Unusual Items": "270.438"}, "12/31/2019": {"Duration": "12/31/2019", "Total Revenue": "150,746", "Cost of Revenue": "88,109", "Gross Profit": "62,637", "Operating Expense": "16,973", "Operating Income": "45,664", "Net Non Operating Interest Income Expense": "991", "Other Income Expense": "4,616", "Pretax Income": "51,271", "Tax Provision": "5,795", "Net Income Common Stockholders": "8,462", "Average Dilution Earnings": "25,584", "Diluted NI Available to Com Stockholders": "34,046", "Basic EPS": "0.47", "Diluted EPS": "0.46", "Basic Average Shares": "17,946", "Diluted Average Shares": "74,199", "Total Operating Income as Reported": "45,664", "Total Expenses": "105,082", "Net Income from Continuing & Discontinued Operation": "8,462", "Normalized Income": "6,058", "Interest Income": "1,039", "Interest Expense": "48", "Net Interest Income": "991", "EBIT": "51,319", "EBITDA": "-", "Reconciled Cost of Revenue": "88,109", "Reconciled Depreciation": "1,039", "Net Income from Continuing Operation Net Minority Interest": "8,462", "Total Unusual Items Excluding Goodwill": "2,710", "Total Unusual Items": "2,710", "Normalized EBITDA": "49,648", "Tax Rate for Calcs": "0", "Tax Effect of Unusual Items": "306.23"}, "12/31/2018": {"Duration": "12/31/2018", "Total Revenue": "153,579", "Cost of Revenue": "61,419", "Gross Profit": "92,160", "Operating Expense": "13,405", "Operating Income": "78,755", "Net Non Operating Interest Income Expense": "687", "Other Income Expense": "-3,345", "Pretax Income": "76,097", "Tax Provision": "7,778", "Net Income Common Stockholders": "13,794", "Average Dilution Earnings": "41,553", "Diluted NI Available to Com Stockholders": "55,347", "Basic EPS": "0.78", "Diluted EPS": "0.77", "Basic Average Shares": "17,679", "Diluted Average Shares": "71,934", "Total Operating Income as Reported": "78,755", "Total Expenses": "74,824", "Net Income from Continuing & Discontinued Operation": "13,794", "Normalized Income": "14,718", "Interest Income": "764", "Interest Expense": "77", "Net Interest Income": "687", "EBIT": "76,174", "EBITDA": "-", "Reconciled Cost of Revenue": "61,419", "Reconciled Depreciation": "995", "Net Income from Continuing Operation Net Minority Interest": "13,794", "Total Unusual Items Excluding Goodwill": "-1,029", "Total Unusual Items": "-1,029", "Normalized EBITDA": "78,198", "Tax Rate for Calcs": "0", "Tax Effect of Unusual Items": "-104.958"}}, "bs": {"12/31/2020": {"Duration": "12/31/2020", "Total Assets": "188,687", "Total Liabilities Net Minority Interest": "79,732", "Total Equity Gross Minority Interest": "108,955", "Total Capitalization": "31,106", "Common Stock Equity": "31,106", "Capital Lease Obligations": "11,905", "Net Tangible Assets": "31,106", "Working Capital": "72,425", "Invested Capital": "31,106", "Tangible Book Value": "31,106", "Total Debt": "11,905", "Share Issued": "71,643", "Ordinary Shares Number": "71,643"}, "12/31/2019": {"Duration": "12/31/2019", "Total Assets": "199,452", "Total Liabilities Net Minority Interest": "91,242", "Total Equity Gross Minority Interest": "108,210", "Total Capitalization": "31,444", "Common Stock Equity": "31,444", "Capital Lease Obligations": "14,235", "Net Tangible Assets": "31,444", "Working Capital": "46,675", "Invested Capital": "31,444", "Tangible Book Value": "31,444", "Total Debt": "14,235", "Share Issued": "70,889", "Ordinary Shares Number": "70,889"}, "12/31/2018": {"Duration": "12/31/2018", "Total Assets": "170,976", "Total Liabilities Net Minority Interest": "71,968", "Total Equity Gross Minority Interest": "99,008", "Total Capitalization": "33,002", "Common Stock Equity": "33,002", "Capital Lease Obligations": "-", "Net Tangible Assets": "33,002", "Working Capital": "40,254", "Invested Capital": "33,002", "Tangible Book Value": "33,002", "Total Debt": "-", "Share Issued": "69,652", "Ordinary Shares Number": "69,652"}}, "cf": {"TTM": {"Duration": "TTM", "Operating Cash Flow": "51,329", "Investing Cash Flow": "24,148", "Financing Cash Flow": "-62,286", "End Cash Position": "66,584", "Income Tax Paid Supplemental Data": "562", "Capital Expenditure": "-43", "Repurchase of Capital Stock": "-8,302", "Free Cash Flow": "51,286"}, "12/31/2020": {"Duration": "12/31/2020", "Operating Cash Flow": "51,329", "Investing Cash Flow": "24,148", "Financing Cash Flow": "-62,286", "End Cash Position": "66,584", "Income Tax Paid Supplemental Data": "562", "Capital Expenditure": "-43", "Repurchase of Capital Stock": "-8,302", "Free Cash Flow": "51,286"}, "12/31/2019": {"Duration": "12/31/2019", "Operating Cash Flow": "78,579", "Investing Cash Flow": "303", "Financing Cash Flow": "-64,493", "End Cash Position": "53,516", "Income Tax Paid Supplemental Data": "1,646", "Capital Expenditure": "-1,222", "Repurchase of Capital Stock": "-7,892", "Free Cash Flow": "77,357"}, "12/31/2018": {"Duration": "12/31/2018", "Operating Cash Flow": "87,599", "Investing Cash Flow": "-33,364", "Financing Cash Flow": "-79,539", "End Cash Position": "39,127", "Income Tax Paid Supplemental Data": "500", "Capital Expenditure": "-166", "Repurchase of Capital Stock": "-8,885", "Free Cash Flow": "87,433"}}}}, {"SFE": {"quote": {"03/28/2021": {"value": "7.09", "Market Cap": "148.495M", "Beta (5Y Monthly)": "1.24", "PE Ratio (TTM)": "N/A", "EPS (TTM)": "-1.81", "Earnings Date": "Mar 04, 2021", "Forward Dividend & Yield": "N/A (N/A)", "Ex-Dividend Date": "Dec 20, 2019", "1y Target Est": "N/A"}}, "fin": {"TTM": {"Duration": "TTM", "Total Revenue": "0", "Operating Expense": "9,466", "Operating Income": "-9,466", "Net Non Operating Interest Income Expense": "261", "Other Income Expense": "-28,410", "Pretax Income": "-37,615", "Tax Provision": "0", "Net Income Common Stockholders": "-37,615", "Diluted NI Available to Com Stockholders": "-37,615", "Basic EPS": "-", "Diluted EPS": "-", "Basic Average Shares": "-", "Diluted Average Shares": "-", "Total Operating Income as Reported": "-9,466", "Total Expenses": "9,466", "Net Income from Continuing & Discontinued Operation": "-37,615", "Normalized Income": "-37,615", "Interest Income": "261", "Interest Expense": "0", "Net Interest Income": "261", "EBIT": "-37,615", "EBITDA": "-37,304", "Reconciled Depreciation": "311", "Net Income from Continuing Operation Net Minority Interest": "-37,615", "Total Unusual Items Excluding Goodwill": "-3,285", "Total Unusual Items": "-3,285", "Normalized EBITDA": "-37,304", "Tax Rate for Calcs": "0", "Tax Effect of Unusual Items": "0"}, "12/31/2020": {"Duration": "12/31/2020", "Total Revenue": "0", "Operating Expense": "9,466", "Operating Income": "-9,466", "Net Non Operating Interest Income Expense": "261", "Other Income Expense": "-28,410", "Pretax Income": "-37,615", "Tax Provision": "0", "Net Income Common Stockholders": "-37,615", "Diluted NI Available to Com Stockholders": "-37,615", "Basic EPS": "-", "Diluted EPS": "-", "Basic Average Shares": "-", "Diluted Average Shares": "-", "Total Operating Income as Reported": "-9,466", "Total Expenses": "9,466", "Net Income from Continuing & Discontinued Operation": "-37,615", "Normalized Income": "-37,615", "Interest Income": "261", "Interest Expense": "0", "Net Interest Income": "261", "EBIT": "-37,615", "EBITDA": "-", "Reconciled Depreciation": "311", "Net Income from Continuing Operation Net Minority Interest": "-37,615", "Total Unusual Items Excluding Goodwill": "-3,285", "Total Unusual Items": "-3,285", "Normalized EBITDA": "-37,304", "Tax Rate for Calcs": "0", "Tax Effect of Unusual Items": "0"}, "12/31/2019": {"Duration": "12/31/2019", "Total Revenue": "0", "Operating Expense": "9,982", "Operating Income": "-9,982", "Net Non Operating Interest Income Expense": "-11,979", "Other Income Expense": "76,522", "Pretax Income": "54,561", "Tax Provision": "0", "Net Income Common Stockholders": "54,561", "Diluted NI Available to Com Stockholders": "54,561", "Basic EPS": "2.64", "Diluted EPS": "2.64", "Basic Average Shares": "20,636", "Diluted Average Shares": "20,636", "Total Operating Income as Reported": "-9,982", "Total Expenses": "9,982", "Net Income from Continuing & Discontinued Operation": "54,561", "Normalized Income": "54,561", "Interest Income": "2,044", "Interest Expense": "14,023", "Net Interest Income": "-11,979", "EBIT": "68,584", "EBITDA": "-", "Reconciled Depreciation": "1,068", "Net Income from Continuing Operation Net Minority Interest": "54,561", "Total Unusual Items Excluding Goodwill": "-819", "Total Unusual Items": "-819", "Normalized EBITDA": "69,652", "Tax Rate for Calcs": "0", "Tax Effect of Unusual Items": "0"}, "12/31/2018": {"Duration": "12/31/2018", "Total Revenue": "0", "Operating Expense": "16,871", "Operating Income": "-16,871", "Net Non Operating Interest Income Expense": "-13,261", "Other Income Expense": "14,503", "Pretax Income": "-15,629", "Tax Provision": "0", "Net Income Common Stockholders": "-15,629", "Diluted NI Available to Com Stockholders": "-15,629", "Basic EPS": "-0.76", "Diluted EPS": "-0.76", "Basic Average Shares": "20,544", "Diluted Average Shares": "20,544", "Total Operating Income as Reported": "-16,871", "Total Expenses": "16,871", "Net Income from Continuing & Discontinued Operation": "-15,629", "Normalized Income": "-15,629", "Interest Income": "2,806", "Interest Expense": "16,067", "Net Interest Income": "-13,261", "EBIT": "438", "EBITDA": "-", "Reconciled Depreciation": "692", "Net Income from Continuing Operation Net Minority Interest": "-15,629", "Total Unusual Items Excluding Goodwill": "-", "Total Unusual Items": "-", "Normalized EBITDA": "1,130", "Tax Rate for Calcs": "0", "Tax Effect of Unusual Items": "0"}}, "bs": {"12/31/2020": {"Duration": "12/31/2020", "Total Assets": "69,035", "Total Liabilities Net Minority Interest": "6,160", "Total Equity Gross Minority Interest": "62,875", "Total Capitalization": "62,875", "Common Stock Equity": "62,875", "Capital Lease Obligations": "2,380", "Net Tangible Assets": "62,875", "Working Capital": "12,593", "Invested Capital": "62,875", "Tangible Book Value": "62,875", "Total Debt": "2,380", "Net Debt": "-", "Share Issued": "22,261", "Ordinary Shares Number": "21,573", "Treasury Shares Number": "688"}, "12/31/2019": {"Duration": "12/31/2019", "Total Assets": "107,577", "Total Liabilities Net Minority Interest": "5,836", "Total Equity Gross Minority Interest": "101,741", "Total Capitalization": "101,741", "Common Stock Equity": "101,741", "Capital Lease Obligations": "2,779", "Net Tangible Assets": "101,741", "Working Capital": "23,921", "Invested Capital": "101,741", "Tangible Book Value": "101,741", "Total Debt": "2,779", "Net Debt": "-", "Share Issued": "21,573", "Ordinary Shares Number": "20,643", "Treasury Shares Number": "930"}, "12/31/2018": {"Duration": "12/31/2018", "Total Assets": "145,737", "Total Liabilities Net Minority Interest": "78,758", "Total Equity Gross Minority Interest": "66,979", "Total Capitalization": "109,993", "Common Stock Equity": "66,979", "Capital Lease Obligations": "-", "Net Tangible Assets": "66,979", "Working Capital": "15,887", "Invested Capital": "137,153", "Tangible Book Value": "66,979", "Total Debt": "70,174", "Net Debt": "62,471", "Share Issued": "21,573", "Ordinary Shares Number": "20,659", "Treasury Shares Number": "914"}}, "cf": {"TTM": {"Duration": "TTM", "Operating Cash Flow": "-8,143", "Investing Cash Flow": "-1,269", "Financing Cash Flow": "-40", "End Cash Position": "15,601", "Issuance of Debt": "-", "Repayment of Debt": "0", "Repurchase of Capital Stock": "-", "Free Cash Flow": "-8,143"}, "12/31/2020": {"Duration": "12/31/2020", "Operating Cash Flow": "-8,143", "Investing Cash Flow": "-1,269", "Financing Cash Flow": "-40", "End Cash Position": "15,601", "Issuance of Debt": "-", "Repayment of Debt": "0", "Repurchase of Capital Stock": "-", "Free Cash Flow": "-8,143"}, "12/31/2019": {"Duration": "12/31/2019", "Operating Cash Flow": "-19,970", "Investing Cash Flow": "126,303", "Financing Cash Flow": "-89,483", "End Cash Position": "25,053", "Issuance of Debt": "0", "Repayment of Debt": "-68,568", "Repurchase of Capital Stock": "-", "Free Cash Flow": "-19,970"}, "12/31/2018": {"Duration": "12/31/2018", "Operating Cash Flow": "-26,035", "Investing Cash Flow": "32,103", "Financing Cash Flow": "-24,952", "End Cash Position": "8,203", "Issuance of Debt": "35,000", "Repayment of Debt": "-57,433", "Repurchase of Capital Stock": "0", "Free Cash Flow": "-26,035"}}}}, {"WETF": {"quote": {"03/28/2021": {"value": "6.36", "Market Cap": "952.081M", "Beta (5Y Monthly)": "1.72", "PE Ratio (TTM)": "N/A", "EPS (TTM)": "-0.25", "Earnings Date": "Apr 29, 2021 - May 03, 2021", "Forward Dividend & Yield": "0.12 (1.89%)", "Ex-Dividend Date": "Feb 09, 2021", "1y Target Est": "5.92"}}, "fin": {"TTM": {"Duration": "TTM", "Total Revenue": "253,699", "Cost of Revenue": "135,190", "Gross Profit": "118,509", "Operating Expense": "63,011", "Operating Income": "55,498", "Net Non Operating Interest Income Expense": "-8,924", "Other Income Expense": "-81,796", "Pretax Income": "-35,222", "Tax Provision": "433", "Net Income Common Stockholders": "-37,871", "Average Dilution Earnings": "-1", "Diluted NI Available to Com Stockholders": "-37,871", "Basic EPS": "-", "Diluted EPS": "-", "Basic Average Shares": "-", "Diluted Average Shares": "-", "Total Operating Income as Reported": "55,082", "Rent Expense Supplemental": "6,427", "Total Expenses": "198,201", "Net Income from Continuing & Discontinued Operation": "-35,655", "Normalized Income": "-17,000", "Interest Income": "744", "Interest Expense": "9,668", "Net Interest Income": "-8,924", "EBIT": "-25,554", "EBITDA": "-21,351", "Reconciled Cost of Revenue": "132,008", "Reconciled Depreciation": "4,203", "Net Income from Continuing Operation Net Minority Interest": "-35,655", "Total Unusual Items Excluding Goodwill": "-25,555", "Total Unusual Items": "-25,555", "Normalized EBITDA": "4,204", "Tax Rate for Calcs": "0", "Tax Effect of Unusual Items": "-6,900"}, "12/31/2020": {"Duration": "12/31/2020", "Total Revenue": "253,699", "Cost of Revenue": "135,190", "Gross Profit": "118,509", "Operating Expense": "63,011", "Operating Income": "55,498", "Net Non Operating Interest Income Expense": "-8,924", "Other Income Expense": "-81,796", "Pretax Income": "-35,222", "Tax Provision": "433", "Net Income Common Stockholders": "-37,871", "Average Dilution Earnings": "-", "Diluted NI Available to Com Stockholders": "-37,871", "Basic EPS": "-", "Diluted EPS": "-", "Basic Average Shares": "-", "Diluted Average Shares": "-", "Total Operating Income as Reported": "55,082", "Rent Expense Supplemental": "6,427", "Total Expenses": "198,201", "Net Income from Continuing & Discontinued Operation": "-35,655", "Normalized Income": "-17,000", "Interest Income": "744", "Interest Expense": "9,668", "Net Interest Income": "-8,924", "EBIT": "-25,554", "EBITDA": "-", "Reconciled Cost of Revenue": "132,008", "Reconciled Depreciation": "4,203", "Net Income from Continuing Operation Net Minority Interest": "-35,655", "Total Unusual Items Excluding Goodwill": "-25,555", "Total Unusual Items": "-25,555", "Normalized EBITDA": "4,204", "Tax Rate for Calcs": "0", "Tax Effect of Unusual Items": "-6,900"}, "12/31/2019": {"Duration": "12/31/2019", "Total Revenue": "268,403", "Cost of Revenue": "142,263", "Gross Profit": "126,140", "Operating Expense": "71,704", "Operating Income": "54,436", "Net Non Operating Interest Income Expense": "-7,908", "Other Income Expense": "-46,407", "Pretax Income": "121", "Tax Provision": "10,546", "Net Income Common Stockholders": "-12,588", "Average Dilution Earnings": "0", "Diluted NI Available to Com Stockholders": "-12,588", "Basic EPS": "0.12", "Diluted EPS": "0.12", "Basic Average Shares": "151,823", "Diluted Average Shares": "166,977", "Total Operating Income as Reported": "53,534", "Rent Expense Supplemental": "6,302", "Total Expenses": "213,967", "Net Income from Continuing & Discontinued Operation": "-10,425", "Normalized Income": "12,652", "Interest Income": "3,332", "Interest Expense": "11,240", "Net Interest Income": "-7,908", "EBIT": "11,361", "EBITDA": "-", "Reconciled Cost of Revenue": "139,089", "Reconciled Depreciation": "4,219", "Net Income from Continuing Operation Net Minority Interest": "-10,425", "Total Unusual Items Excluding Goodwill": "-31,612", "Total Unusual Items": "-31,612", "Normalized EBITDA": "47,192", "Tax Rate for Calcs": "0", "Tax Effect of Unusual Items": "-8,535"}, "12/31/2018": {"Duration": "12/31/2018", "Total Revenue": "274,116", "Cost of Revenue": "131,201", "Gross Profit": "142,915", "Operating Expense": "70,182", "Operating Income": "72,733", "Net Non Operating Interest Income Expense": "-4,869", "Other Income Expense": "-16,825", "Pretax Income": "51,039", "Tax Provision": "14,406", "Net Income Common Stockholders": "33,629", "Average Dilution Earnings": "3,004", "Diluted NI Available to Com Stockholders": "36,633", "Basic EPS": "0.23", "Diluted EPS": "0.23", "Basic Average Shares": "146,645", "Diluted Average Shares": "158,415", "Total Operating Income as Reported": "61,279", "Rent Expense Supplemental": "6,203", "Total Expenses": "201,383", "Net Income from Continuing & Discontinued Operation": "36,633", "Normalized Income": "57,340", "Interest Income": "3,093", "Interest Expense": "7,962", "Net Interest Income": "-4,869", "EBIT": "59,001", "EBITDA": "-", "Reconciled Cost of Revenue": "131,201", "Reconciled Depreciation": "1,301", "Net Income from Continuing Operation Net Minority Interest": "36,633", "Total Unusual Items Excluding Goodwill": "-28,840", "Total Unusual Items": "-28,840", "Normalized EBITDA": "89,142", "Tax Rate for Calcs": "0", "Tax Effect of Unusual Items": "-8,133"}}, "bs": {"12/31/2020": {"Duration": "12/31/2020", "Total Assets": "896,692", "Total Liabilities Net Minority Interest": "630,427", "Total Equity Gross Minority Interest": "266,265", "Total Capitalization": "432,911", "Preferred Stock Equity": "-", "Common Stock Equity": "266,265", "Capital Lease Obligations": "20,569", "Net Tangible Assets": "-420,838", "Working Capital": "67,862", "Invested Capital": "432,911", "Tangible Book Value": "-420,838", "Total Debt": "187,215", "Net Debt": "93,221", "Share Issued": "148,716", "Ordinary Shares Number": "148,716"}, "12/31/2019": {"Duration": "12/31/2019", "Total Assets": "935,207", "Total Liabilities Net Minority Interest": "597,795", "Total Equity Gross Minority Interest": "337,412", "Total Capitalization": "513,368", "Preferred Stock Equity": "-", "Common Stock Equity": "337,412", "Capital Lease Obligations": "22,739", "Net Tangible Assets": "-351,738", "Working Capital": "44,019", "Invested Capital": "513,368", "Tangible Book Value": "-351,738", "Total Debt": "198,695", "Net Debt": "100,984", "Share Issued": "155,264", "Ordinary Shares Number": "155,264"}, "12/31/2018": {"Duration": "12/31/2018", "Total Assets": "937,518", "Total Liabilities Net Minority Interest": "579,183", "Total Equity Gross Minority Interest": "358,335", "Total Capitalization": "552,927", "Preferred Stock Equity": "132,569", "Common Stock Equity": "358,335", "Capital Lease Obligations": "-", "Net Tangible Assets": "-330,730", "Working Capital": "55,475", "Invested Capital": "552,927", "Tangible Book Value": "-330,730", "Total Debt": "194,592", "Net Debt": "116,808", "Share Issued": "153,202", "Ordinary Shares Number": "153,202"}}, "cf": {"TTM": {"Duration": "TTM", "Operating Cash Flow": "29,395", "Investing Cash Flow": "28,382", "Financing Cash Flow": "-60,179", "End Cash Position": "73,425", "Income Tax Paid Supplemental Data": "10,131", "Interest Paid Supplemental Data": "7,088", "Capital Expenditure": "-472", "Issuance of Debt": "175,250", "Repayment of Debt": "-179,000", "Repurchase of Capital Stock": "-31,197", "Free Cash Flow": "28,923"}, "12/31/2020": {"Duration": "12/31/2020", "Operating Cash Flow": "29,395", "Investing Cash Flow": "28,382", "Financing Cash Flow": "-60,179", "End Cash Position": "73,425", "Income Tax Paid Supplemental Data": "10,131", "Interest Paid Supplemental Data": "7,088", "Capital Expenditure": "-472", "Issuance of Debt": "175,250", "Repayment of Debt": "-179,000", "Repurchase of Capital Stock": "-31,197", "Free Cash Flow": "28,923"}, "12/31/2019": {"Duration": "12/31/2019", "Operating Cash Flow": "46,832", "Investing Cash Flow": "-7,005", "Financing Cash Flow": "-43,566", "End Cash Position": "74,972", "Income Tax Paid Supplemental Data": "10,060", "Interest Paid Supplemental Data": "8,037", "Capital Expenditure": "-47", "Issuance of Debt": "0", "Repayment of Debt": "-21,000", "Repurchase of Capital Stock": "-2,341", "Free Cash Flow": "46,785"}, "12/31/2018": {"Duration": "12/31/2018", "Operating Cash Flow": "37,468", "Investing Cash Flow": "-181,779", "Financing Cash Flow": "169,199", "End Cash Position": "77,784", "Income Tax Paid Supplemental Data": "14,398", "Interest Paid Supplemental Data": "5,577", "Capital Expenditure": "-71", "Issuance of Debt": "200,000", "Repayment of Debt": "-", "Repurchase of Capital Stock": "-2,885", "Free Cash Flow": "37,397"}}}}, {"GRNQ": {"quote": {"03/28/2021": {"value": "2.5200", "Market Cap": "149.192M", "Beta (5Y Monthly)": "-0.44", "PE Ratio (TTM)": "N/A", "EPS (TTM)": "-0.0330", "Earnings Date": "N/A", "Forward Dividend & Yield": "N/A (N/A)", "Ex-Dividend Date": "N/A", "1y Target Est": "8.00"}}, "fin": {"TTM": {"Duration": "TTM", "Total Revenue": "3,065", "Cost of Revenue": "714.282", "Gross Profit": "2,351", "Operating Expense": "4,121", "Operating Income": "-1,770", "Net Non Operating Interest Income Expense": "-97.421", "Other Income Expense": "90.044", "Pretax Income": "-1,777", "Tax Provision": "-30.736", "Net Income Common Stockholders": "-1,833", "Diluted NI Available to Com Stockholders": "-1,833", "Basic EPS": "-", "Diluted EPS": "-", "Basic Average Shares": "-", "Diluted Average Shares": "-", "Total Operating Income as Reported": "-1,794", "Total Expenses": "4,835", "Net Income from Continuing & Discontinued Operation": "-1,833", "Normalized Income": "-1,826", "Interest Income": "28.482", "Interest Expense": "125.903", "Net Interest Income": "-97.421", "EBIT": "-1,652", "EBITDA": "-969.449", "Reconciled Cost of Revenue": "714.282", "Reconciled Depreciation": "682.077", "Net Income from Continuing Operation Net Minority Interest": "-1,833", "Total Unusual Items Excluding Goodwill": "-7.556", "Total Unusual Items": "-7.556", "Normalized EBITDA": "-961.893", "Tax Rate for Calcs": "0", "Tax Effect of Unusual Items": "-0.1307"}, "12/31/2019": {"Duration": "12/31/2019", "Total Revenue": "4,485", "Cost of Revenue": "1,377", "Gross Profit": "3,108", "Operating Expense": "4,675", "Operating Income": "-1,567", "Net Non Operating Interest Income Expense": "-75.385", "Other Income Expense": "270.494", "Pretax Income": "-1,372", "Tax Provision": "-22.428", "Net Income Common Stockholders": "-1,345", "Diluted NI Available to Com Stockholders": "-1,345", "Basic EPS": "-0.02", "Diluted EPS": "-0.02", "Basic Average Shares": "54,724", "Diluted Average Shares": "54,724", "Total Operating Income as Reported": "-1,591", "Total Expenses": "6,052", "Net Income from Continuing & Discontinued Operation": "-1,345", "Normalized Income": "-1,531", "Interest Income": "28.011", "Interest Expense": "103.396", "Net Interest Income": "-75.385", "EBIT": "-1,269", "EBITDA": "-", "Reconciled Cost of Revenue": "1,377", "Reconciled Depreciation": "569.278", "Net Income from Continuing Operation Net Minority Interest": "-1,345", "Total Unusual Items Excluding Goodwill": "189.308", "Total Unusual Items": "189.308", "Normalized EBITDA": "-888.54", "Tax Rate for Calcs": "0", "Tax Effect of Unusual Items": "3.0289"}, "12/31/2018": {"Duration": "12/31/2018", "Total Revenue": "4,213", "Cost of Revenue": "2,081", "Gross Profit": "2,132", "Operating Expense": "4,287", "Operating Income": "-2,155", "Net Non Operating Interest Income Expense": "-84.334", "Other Income Expense": "-6,070", "Pretax Income": "-8,309", "Tax Provision": "16.236", "Net Income Common Stockholders": "-8,550", "Diluted NI Available to Com Stockholders": "-8,550", "Basic EPS": "-0.15", "Diluted EPS": "-0.15", "Basic Average Shares": "53,982", "Diluted Average Shares": "53,982", "Total Operating Income as Reported": "-4,219", "Total Expenses": "6,368", "Net Income from Continuing & Discontinued Operation": "-8,550", "Normalized Income": "-7,309", "Interest Income": "60.022", "Interest Expense": "144.356", "Net Interest Income": "-84.334", "EBIT": "-8,165", "EBITDA": "-", "Reconciled Cost of Revenue": "2,081", "Reconciled Depreciation": "233.94", "Net Income from Continuing Operation Net Minority Interest": "-8,550", "Total Unusual Items Excluding Goodwill": "-1,486", "Total Unusual Items": "-1,486", "Normalized EBITDA": "-6,444", "Tax Rate for Calcs": "0", "Tax Effect of Unusual Items": "-245.2275"}}, "bs": {"12/31/2020": {"Duration": "12/31/2020", "Total Assets": "14,796", "Total Liabilities Net Minority Interest": "6,400", "Total Equity Gross Minority Interest": "8,396", "Total Capitalization": "9,570", "Common Stock Equity": "8,193", "Capital Lease Obligations": "86.975", "Net Tangible Assets": "7,870", "Working Capital": "-3,411", "Invested Capital": "9,871", "Tangible Book Value": "7,870", "Total Debt": "1,765", "Net Debt": "764.29", "Share Issued": "61,765", "Ordinary Shares Number": "61,765"}, "12/31/2019": {"Duration": "12/31/2019", "Total Assets": "8,884", "Total Liabilities Net Minority Interest": "5,531", "Total Equity Gross Minority Interest": "3,354", "Total Capitalization": "4,629", "Common Stock Equity": "3,167", "Capital Lease Obligations": "511.692", "Net Tangible Assets": "2,756", "Working Capital": "-2,078", "Invested Capital": "5,160", "Tangible Book Value": "2,756", "Total Debt": "2,505", "Net Debt": "900.125", "Share Issued": "54,724", "Ordinary Shares Number": "54,724"}, "12/31/2018": {"Duration": "12/31/2018", "Total Assets": "10,064", "Total Liabilities Net Minority Interest": "5,335", "Total Equity Gross Minority Interest": "4,729", "Total Capitalization": "6,116", "Common Stock Equity": "4,499", "Capital Lease Obligations": "-", "Net Tangible Assets": "4,122", "Working Capital": "-541.221", "Invested Capital": "6,264", "Tangible Book Value": "4,122", "Total Debt": "1,765", "Net Debt": "-", "Share Issued": "54,715", "Ordinary Shares Number": "54,715"}}, "cf": {"TTM": {"Duration": "TTM", "Operating Cash Flow": "-1,568", "Investing Cash Flow": "-44.887", "Financing Cash Flow": "1,503", "End Cash Position": "1,087", "Income Tax Paid Supplemental Data": "31.581", "Interest Paid Supplemental Data": "126.14", "Capital Expenditure": "-3.008", "Issuance of Capital Stock": "477.3", "Issuance of Debt": "1,470", "Repayment of Debt": "-542.928", "Free Cash Flow": "-1,571"}, "12/31/2020": {"Duration": "12/31/2020", "Operating Cash Flow": "-1,568", "Investing Cash Flow": "-44.887", "Financing Cash Flow": "1,503", "End Cash Position": "1,087", "Income Tax Paid Supplemental Data": "31.581", "Interest Paid Supplemental Data": "126.14", "Capital Expenditure": "-3.008", "Issuance of Capital Stock": "477.3", "Issuance of Debt": "1,470", "Repayment of Debt": "-542.928", "Free Cash Flow": "-1,571"}, "12/31/2019": {"Duration": "12/31/2019", "Operating Cash Flow": "-1,433", "Investing Cash Flow": "161.424", "Financing Cash Flow": "381.798", "End Cash Position": "1,257", "Income Tax Paid Supplemental Data": "1.985", "Interest Paid Supplemental Data": "104.284", "Capital Expenditure": "-7.549", "Issuance of Capital Stock": "0", "Issuance of Debt": "385.158", "Repayment of Debt": "-148.372", "Free Cash Flow": "-1,441"}, "12/31/2018": {"Duration": "12/31/2018", "Operating Cash Flow": "-1,001", "Investing Cash Flow": "461.134", "Financing Cash Flow": "1,568", "End Cash Position": "2,172", "Income Tax Paid Supplemental Data": "29.483", "Interest Paid Supplemental Data": "147.071", "Capital Expenditure": "-13.733", "Issuance of Capital Stock": "3,464", "Issuance of Debt": "0", "Repayment of Debt": "-794.89", "Free Cash Flow": "-1,015"}}}}, {"OAK": {"fin": {}, "bs": {}, "cf": {}}}, {"EV": {"fin": {}, "cf": {}}}, {"OZM": {"fin": {}, "bs": {}, "cf": {}}}, {"FNGN": {"fin": {}, "cf": {}}}, {"FII": {"fin": {}, "bs": {}, "cf": {}}}, {"LM": {"fin": {}, "bs": {}, "cf": {}}}, {"INNO": {"fin": {}, "bs": {}, "cf": {}}}]