[{"AXP": {"quote": {"03/26/2021": {"value": "143.73", "Market Cap": "115.476B", "Beta (5Y Monthly)": "1.29", "PE Ratio (TTM)": "38.12", "EPS (TTM)": "3.77", "Earnings Date": "Apr 23, 2021", "Forward Dividend & Yield": "1.72 (1.21%)", "Ex-Dividend Date": "Mar 31, 2021", "1y Target Est": "137.45"}}, "fin": {"TTM": {"Duration": "TTM", "Total Revenue": "34,857,000", "Credit Losses Provision": "-4,730,000", "Non Interest Expense": "25,831,000", "Pretax Income": "4,296,000", "Tax Provision": "1,161,000", "Net Income Common Stockholders": "3,036,000", "Diluted NI Available to Com Stockholders": "3,036,000", "Basic EPS": "-", "Diluted EPS": "-", "Basic Average Shares": "-", "Diluted Average Shares": "-", "INTEREST_INCOME_AFTER_PROVISION_FOR_LOAN_LOSS": "3,255,000", "Net Income from Continuing & Discontinued Operation": "3,135,000", "Normalized Income": "3,135,000", "Total Money Market Investments": "177,000", "Reconciled Depreciation": "1,543,000", "Net Income from Continuing Operation Net Minority Interest": "3,135,000", "Tax Rate for Calcs": "0", "Tax Effect of Unusual Items": "0"}, "12/31/2020": {"Duration": "12/31/2020", "Total Revenue": "34,857,000", "Credit Losses Provision": "-4,730,000", "Non Interest Expense": "25,831,000", "Pretax Income": "4,296,000", "Tax Provision": "1,161,000", "Net Income Common Stockholders": "3,036,000", "Diluted NI Available to Com Stockholders": "3,036,000", "Basic EPS": "-", "Diluted EPS": "-", "Basic Average Shares": "-", "Diluted Average Shares": "-", "INTEREST_INCOME_AFTER_PROVISION_FOR_LOAN_LOSS": "3,255,000", "Net Income from Continuing & Discontinued Operation": "3,135,000", "Normalized Income": "3,135,000", "Total Money Market Investments": "177,000", "Reconciled Depreciation": "1,543,000", "Net Income from Continuing Operation Net Minority Interest": "3,135,000", "Tax Rate for Calcs": "0", "Tax Effect of Unusual Items": "0"}, "12/31/2019": {"Duration": "12/31/2019", "Total Revenue": "41,334,000", "Credit Losses Provision": "-2,462,000", "Non Interest Expense": "30,443,000", "Pretax Income": "8,429,000", "Tax Provision": "1,670,000", "Net Income Common Stockholders": "6,631,000", "Diluted NI Available to Com Stockholders": "6,631,000", "Basic EPS": "8.00", "Diluted EPS": "7.99", "Basic Average Shares": "828,000", "Diluted Average Shares": "830,000", "INTEREST_INCOME_AFTER_PROVISION_FOR_LOAN_LOSS": "6,158,000", "Net Income from Continuing & Discontinued Operation": "6,759,000", "Normalized Income": "6,759,000", "Total Money Market Investments": "588,000", "Reconciled Depreciation": "1,188,000", "Net Income from Continuing Operation Net Minority Interest": "6,759,000", "Tax Rate for Calcs": "0", "Tax Effect of Unusual Items": "0"}, "12/31/2018": {"Duration": "12/31/2018", "Total Revenue": "38,561,000", "Credit Losses Provision": "-2,266,000", "Non Interest Expense": "28,173,000", "Pretax Income": "8,122,000", "Tax Provision": "1,201,000", "Net Income Common Stockholders": "6,787,000", "Diluted NI Available to Com Stockholders": "6,787,000", "Basic EPS": "7.93", "Diluted EPS": "7.91", "Basic Average Shares": "856,000", "Diluted Average Shares": "859,000", "INTEREST_INCOME_AFTER_PROVISION_FOR_LOAN_LOSS": "5,397,000", "Net Income from Continuing & Discontinued Operation": "6,921,000", "Normalized Income": "6,921,000", "Total Money Market Investments": "547,000", "Reconciled Depreciation": "1,293,000", "Net Income from Continuing Operation Net Minority Interest": "6,921,000", "Tax Rate for Calcs": "0", "Tax Effect of Unusual Items": "0"}}, "bs": {"12/31/2020": {"Duration": "12/31/2020", "Total Assets": "191,367,000", "Total Liabilities Net Minority Interest": "168,383,000", "Total Equity Gross Minority Interest": "22,984,000", "Total Capitalization": "65,919,000", "Common Stock Equity": "22,984,000", "Capital Lease Obligations": "17,000", "Net Tangible Assets": "18,867,000", "Invested Capital": "67,797,000", "Tangible Book Value": "18,867,000", "Total Debt": "44,830,000", "Net Debt": "11,848,000", "Share Issued": "805,000", "Ordinary Shares Number": "805,000", "Preferred Shares Number": "1,600", "Treasury Shares Number": "-"}, "12/31/2019": {"Duration": "12/31/2019", "Total Assets": "198,321,000", "Total Liabilities Net Minority Interest": "175,250,000", "Total Equity Gross Minority Interest": "23,071,000", "Total Capitalization": "80,881,000", "Common Stock Equity": "23,071,000", "Capital Lease Obligations": "25,000", "Net Tangible Assets": "19,489,000", "Invested Capital": "87,323,000", "Tangible Book Value": "19,489,000", "Total Debt": "64,277,000", "Net Debt": "40,320,000", "Share Issued": "810,000", "Ordinary Shares Number": "810,000", "Preferred Shares Number": "1,600", "Treasury Shares Number": "-"}, "12/31/2018": {"Duration": "12/31/2018", "Total Assets": "188,602,000", "Total Liabilities Net Minority Interest": "166,312,000", "Total Equity Gross Minority Interest": "22,290,000", "Total Capitalization": "80,694,000", "Common Stock Equity": "22,290,000", "Capital Lease Obligations": "19,000", "Net Tangible Assets": "18,943,000", "Invested Capital": "83,794,000", "Tangible Book Value": "18,943,000", "Total Debt": "61,523,000", "Net Debt": "34,059,000", "Share Issued": "847,000", "Ordinary Shares Number": "847,000", "Preferred Shares Number": "1,600", "Treasury Shares Number": "-"}}, "cf": {"TTM": {"Duration": "TTM", "Operating Cash Flow": "5,591,000", "Investing Cash Flow": "11,632,000", "Financing Cash Flow": "-9,068,000", "End Cash Position": "32,965,000", "Capital Expenditure": "-1,478,000", "Issuance of Capital Stock": "44,000", "Issuance of Debt": "69,000", "Repayment of Debt": "-15,593,000", "Repurchase of Capital Stock": "-1,029,000", "Free Cash Flow": "4,113,000"}, "12/31/2020": {"Duration": "12/31/2020", "Operating Cash Flow": "5,591,000", "Investing Cash Flow": "11,632,000", "Financing Cash Flow": "-9,068,000", "End Cash Position": "32,965,000", "Capital Expenditure": "-1,478,000", "Issuance of Capital Stock": "44,000", "Issuance of Debt": "69,000", "Repayment of Debt": "-15,593,000", "Repurchase of Capital Stock": "-1,029,000", "Free Cash Flow": "4,113,000"}, "12/31/2019": {"Duration": "12/31/2019", "Operating Cash Flow": "13,632,000", "Investing Cash Flow": "-16,707,000", "Financing Cash Flow": "-519,000", "End Cash Position": "24,446,000", "Capital Expenditure": "-1,645,000", "Issuance of Capital Stock": "86,000", "Issuance of Debt": "12,706,000", "Repayment of Debt": "-13,850,000", "Repurchase of Capital Stock": "-4,685,000", "Free Cash Flow": "11,987,000"}, "12/31/2018": {"Duration": "12/31/2018", "Operating Cash Flow": "8,930,000", "Investing Cash Flow": "-19,615,000", "Financing Cash Flow": "5,101,000", "End Cash Position": "27,808,000", "Capital Expenditure": "-1,310,000", "Issuance of Capital Stock": "87,000", "Issuance of Debt": "21,524,000", "Repayment of Debt": "-18,895,000", "Repurchase of Capital Stock": "-1,685,000", "Free Cash Flow": "7,620,000"}}}}, {"WRLD": {"quote": {"03/26/2021": {"value": "126.80", "Market Cap": "862.833M", "Beta (5Y Monthly)": "1.59", "PE Ratio (TTM)": "13.08", "EPS (TTM)": "9.69", "Earnings Date": "May 05, 2021 - May 10, 2021", "Forward Dividend & Yield": "N/A (N/A)", "Ex-Dividend Date": "N/A", "1y Target Est": "74.75"}}, "fin": {"TTM": {"Duration": "TTM", "Total Revenue": "515,477", "Credit Losses Provision": "-112,860", "Non Interest Expense": "321,482", "Pretax Income": "81,135", "Tax Provision": "14,433", "Net Income Common Stockholders": "66,702", "Diluted NI Available to Com Stockholders": "66,702", "Basic EPS": "-", "Diluted EPS": "-", "Basic Average Shares": "-", "Diluted Average Shares": "-", "INTEREST_INCOME_AFTER_PROVISION_FOR_LOAN_LOSS": "323,079", "Net Income from Continuing & Discontinued Operation": "66,702", "Normalized Income": "66,702", "Reconciled Depreciation": "14,627", "Net Income from Continuing Operation Net Minority Interest": "66,702", "Tax Rate for Calcs": "0", "Tax Effect of Unusual Items": "0"}, "3/31/2020": {"Duration": "3/31/2020", "Total Revenue": "564,133", "Credit Losses Provision": "-181,730", "Non Interest Expense": "347,493", "Pretax Income": "34,909", "Tax Provision": "6,752", "Net Income Common Stockholders": "28,157", "Diluted NI Available to Com Stockholders": "28,157", "Basic EPS": "3.93", "Diluted EPS": "3.86", "Basic Average Shares": "7,808", "Diluted Average Shares": "7,953", "INTEREST_INCOME_AFTER_PROVISION_FOR_LOAN_LOSS": "300,700", "Net Income from Continuing & Discontinued Operation": "28,157", "Normalized Income": "28,157", "Reconciled Depreciation": "12,159", "Net Income from Continuing Operation Net Minority Interest": "28,157", "Tax Rate for Calcs": "0", "Tax Effect of Unusual Items": "0"}, "3/31/2019": {"Duration": "3/31/2019", "Total Revenue": "526,609", "Credit Losses Provision": "-148,427", "Non Interest Expense": "288,304", "Pretax Income": "89,879", "Tax Provision": "15,981", "Net Income Common Stockholders": "37,235", "Diluted NI Available to Com Stockholders": "37,235", "Basic EPS": "4.01", "Diluted EPS": "4.01", "Basic Average Shares": "9,284", "Diluted Average Shares": "9,284", "INTEREST_INCOME_AFTER_PROVISION_FOR_LOAN_LOSS": "302,794", "Net Income from Continuing & Discontinued Operation": "37,235", "Normalized Income": "73,898", "Reconciled Depreciation": "8,136", "Net Income from Continuing Operation Net Minority Interest": "73,898", "Tax Rate for Calcs": "0", "Tax Effect of Unusual Items": "0"}, "3/31/2018": {"Duration": "3/31/2018", "Total Revenue": "529,616", "Credit Losses Provision": "-130,979", "Non Interest Expense": "297,433", "Pretax Income": "101,205", "Tax Provision": "47,514", "Net Income Common Stockholders": "53,690", "Diluted NI Available to Com Stockholders": "53,690", "Basic EPS": "5.89", "Diluted EPS": "5.89", "Basic Average Shares": "9,119", "Diluted Average Shares": "9,119", "INTEREST_INCOME_AFTER_PROVISION_FOR_LOAN_LOSS": "331,666", "Net Income from Continuing & Discontinued Operation": "53,690", "Normalized Income": "53,690", "Reconciled Depreciation": "8,330", "Net Income from Continuing Operation Net Minority Interest": "53,690", "Tax Rate for Calcs": "0", "Tax Effect of Unusual Items": "0"}}, "bs": {"3/31/2020": {"Duration": "3/31/2020", "Total Assets": "1,030,086", "Total Liabilities Net Minority Interest": "618,123", "Total Equity Gross Minority Interest": "411,963", "Total Capitalization": "863,063", "Common Stock Equity": "411,963", "Capital Lease Obligations": "102,759", "Net Tangible Assets": "380,144", "Invested Capital": "863,063", "Tangible Book Value": "380,144", "Total Debt": "553,859", "Net Debt": "439,481", "Share Issued": "7,808", "Ordinary Shares Number": "7,808"}, "3/31/2019": {"Duration": "3/31/2019", "Total Assets": "854,988", "Total Liabilities Net Minority Interest": "302,871", "Total Equity Gross Minority Interest": "552,117", "Total Capitalization": "804,057", "Common Stock Equity": "552,117", "Capital Lease Obligations": "-", "Net Tangible Assets": "529,742", "Invested Capital": "804,057", "Tangible Book Value": "529,742", "Total Debt": "251,940", "Net Debt": "242,605", "Share Issued": "9,284", "Ordinary Shares Number": "9,284"}, "3/31/2018": {"Duration": "3/31/2018", "Total Assets": "840,987", "Total Liabilities Net Minority Interest": "299,879", "Total Equity Gross Minority Interest": "541,108", "Total Capitalization": "786,008", "Common Stock Equity": "541,108", "Capital Lease Obligations": "-", "Net Tangible Assets": "527,429", "Invested Capital": "786,008", "Tangible Book Value": "527,429", "Total Debt": "244,900", "Net Debt": "212,814", "Share Issued": "9,119", "Ordinary Shares Number": "9,119"}}, "cf": {"TTM": {"Duration": "TTM", "Operating Cash Flow": "217,808", "Investing Cash Flow": "-78,516", "Financing Cash Flow": "-141,640", "End Cash Position": "9,691", "Income Tax Paid Supplemental Data": "5,678", "Interest Paid Supplemental Data": "25,574", "Capital Expenditure": "-17,870", "Issuance of Debt": "350,977", "Repayment of Debt": "-395,108", "Repurchase of Capital Stock": "-96,237", "Free Cash Flow": "199,939"}, "3/31/2020": {"Duration": "3/31/2020", "Operating Cash Flow": "257,409", "Investing Cash Flow": "-256,031", "Financing Cash Flow": "905.403", "End Cash Position": "11,619", "Income Tax Paid Supplemental Data": "15,712", "Interest Paid Supplemental Data": "23,942", "Capital Expenditure": "-25,733", "Issuance of Debt": "540,691", "Repayment of Debt": "-341,531", "Repurchase of Capital Stock": "-197,400", "Free Cash Flow": "231,676"}, "3/31/2019": {"Duration": "3/31/2019", "Operating Cash Flow": "244,664", "Investing Cash Flow": "-206,966", "Financing Cash Flow": "-63,117", "End Cash Position": "9,335", "Income Tax Paid Supplemental Data": "23,260", "Interest Paid Supplemental Data": "16,836", "Capital Expenditure": "-20,029", "Issuance of Debt": "364,290", "Repayment of Debt": "-357,250", "Repurchase of Capital Stock": "-74,520", "Free Cash Flow": "224,636"}, "3/31/2018": {"Duration": "3/31/2018", "Operating Cash Flow": "218,026", "Investing Cash Flow": "-169,809", "Financing Cash Flow": "-31,464", "End Cash Position": "32,086", "Income Tax Paid Supplemental Data": "38,741", "Interest Paid Supplemental Data": "17,697", "Capital Expenditure": "-11,159", "Issuance of Debt": "294,964", "Repayment of Debt": "-345,200", "Repurchase of Capital Stock": "-4,614", "Free Cash Flow": "206,867"}}}}, {"CACC": {"quote": {"03/26/2021": {"value": "367.05", "Market Cap": "6.173B", "Beta (5Y Monthly)": "1.13", "PE Ratio (TTM)": "15.64", "EPS (TTM)": "23.47", "Earnings Date": "May 25, 2021 - May 31, 2021", "Forward Dividend & Yield": "N/A (N/A)", "Ex-Dividend Date": "N/A", "1y Target Est": "309.67"}}, "fin": {"TTM": {"Duration": "TTM", "Total Revenue": "1,669,300", "Cost of Revenue": "378,500", "Gross Profit": "1,290,800", "Operating Expense": "733,900", "Operating Income": "556,900", "Net Non Operating Interest Income Expense": "-201,500", "Other Income Expense": "-7,400", "Pretax Income": "549,500", "Tax Provision": "128,500", "Net Income Common Stockholders": "421,000", "Diluted NI Available to Com Stockholders": "421,000", "Basic EPS": "-", "Diluted EPS": "-", "Basic Average Shares": "-", "Diluted Average Shares": "-", "Total Expenses": "1,112,400", "Net Income from Continuing & Discontinued Operation": "421,000", "Normalized Income": "426,668", "Interest Expense": "201,500", "Net Interest Income": "-201,500", "EBIT": "556,900", "EBITDA": "580,700", "Reconciled Cost of Revenue": "378,500", "Reconciled Depreciation": "23,800", "Net Income from Continuing Operation Net Minority Interest": "421,000", "Total Unusual Items Excluding Goodwill": "-7,400", "Total Unusual Items": "-7,400", "Normalized EBITDA": "588,100", "Tax Rate for Calcs": "0", "Tax Effect of Unusual Items": "-1,732"}, "12/31/2020": {"Duration": "12/31/2020", "Total Revenue": "1,669,300", "Cost of Revenue": "378,500", "Gross Profit": "1,290,800", "Operating Expense": "733,900", "Operating Income": "556,900", "Net Non Operating Interest Income Expense": "-", "Other Income Expense": "-7,400", "Pretax Income": "549,500", "Tax Provision": "128,500", "Net Income Common Stockholders": "421,000", "Diluted NI Available to Com Stockholders": "421,000", "Basic EPS": "-", "Diluted EPS": "-", "Basic Average Shares": "-", "Diluted Average Shares": "-", "Total Expenses": "1,112,400", "Net Income from Continuing & Discontinued Operation": "421,000", "Normalized Income": "426,668", "Interest Expense": "-", "Net Interest Income": "-", "EBIT": "556,900", "EBITDA": "-", "Reconciled Cost of Revenue": "378,500", "Reconciled Depreciation": "23,800", "Net Income from Continuing Operation Net Minority Interest": "421,000", "Total Unusual Items Excluding Goodwill": "-7,400", "Total Unusual Items": "-7,400", "Normalized EBITDA": "588,100", "Tax Rate for Calcs": "0", "Tax Effect of Unusual Items": "-1,732"}, "12/31/2019": {"Duration": "12/31/2019", "Total Revenue": "1,489,000", "Cost of Revenue": "389,500", "Gross Profit": "1,099,500", "Operating Expense": "241,800", "Operating Income": "857,700", "Net Non Operating Interest Income Expense": "-196,200", "Other Income Expense": "-1,800", "Pretax Income": "855,900", "Tax Provision": "199,800", "Net Income Common Stockholders": "656,100", "Diluted NI Available to Com Stockholders": "656,100", "Basic EPS": "34.71", "Diluted EPS": "34.57", "Basic Average Shares": "18,900", "Diluted Average Shares": "18,977", "Total Expenses": "631,300", "Net Income from Continuing & Discontinued Operation": "656,100", "Normalized Income": "657,481", "Interest Expense": "196,200", "Net Interest Income": "-196,200", "EBIT": "857,700", "EBITDA": "-", "Reconciled Cost of Revenue": "389,500", "Reconciled Depreciation": "22,400", "Net Income from Continuing Operation Net Minority Interest": "656,100", "Total Unusual Items Excluding Goodwill": "-1,800", "Total Unusual Items": "-1,800", "Normalized EBITDA": "881,900", "Tax Rate for Calcs": "0", "Tax Effect of Unusual Items": "-419.4"}, "12/31/2018": {"Duration": "12/31/2018", "Total Revenue": "1,285,800", "Cost of Revenue": "324,400", "Gross Profit": "961,400", "Operating Expense": "206,300", "Operating Income": "755,100", "Net Non Operating Interest Income Expense": "-156,600", "Other Income Expense": "-", "Pretax Income": "755,100", "Tax Provision": "181,100", "Net Income Common Stockholders": "574,000", "Diluted NI Available to Com Stockholders": "574,000", "Basic EPS": "29.52", "Diluted EPS": "29.39", "Basic Average Shares": "19,446", "Diluted Average Shares": "19,532", "Total Expenses": "530,700", "Net Income from Continuing & Discontinued Operation": "574,000", "Normalized Income": "574,000", "Interest Expense": "156,600", "Net Interest Income": "-156,600", "EBIT": "755,100", "EBITDA": "-", "Reconciled Cost of Revenue": "324,400", "Reconciled Depreciation": "19,500", "Net Income from Continuing Operation Net Minority Interest": "574,000", "Total Unusual Items Excluding Goodwill": "-", "Total Unusual Items": "-", "Normalized EBITDA": "774,600", "Tax Rate for Calcs": "0", "Tax Effect of Unusual Items": "0"}}, "bs": {"12/31/2020": {"Duration": "12/31/2020", "Total Assets": "7,489,000", "Total Liabilities Net Minority Interest": "5,186,500", "Total Equity Gross Minority Interest": "2,302,500", "Total Capitalization": "6,815,200", "Common Stock Equity": "2,302,500", "Net Tangible Assets": "2,302,500", "Working Capital": "7,114,400", "Invested Capital": "6,911,100", "Tangible Book Value": "2,302,500", "Total Debt": "4,608,600", "Net Debt": "4,592,600", "Share Issued": "17,092", "Ordinary Shares Number": "17,092"}, "12/31/2019": {"Duration": "12/31/2019", "Total Assets": "7,423,200", "Total Liabilities Net Minority Interest": "5,067,900", "Total Equity Gross Minority Interest": "2,355,300", "Total Capitalization": "5,365,600", "Common Stock Equity": "2,355,300", "Net Tangible Assets": "2,355,300", "Working Capital": "5,539,700", "Invested Capital": "6,894,100", "Tangible Book Value": "2,355,300", "Total Debt": "4,538,800", "Net Debt": "4,351,400", "Share Issued": "18,353", "Ordinary Shares Number": "18,353"}, "12/31/2018": {"Duration": "12/31/2018", "Total Assets": "6,237,400", "Total Liabilities Net Minority Interest": "4,246,500", "Total Equity Gross Minority Interest": "1,990,900", "Total Capitalization": "4,763,200", "Common Stock Equity": "1,990,900", "Net Tangible Assets": "1,990,900", "Working Capital": "4,864,700", "Invested Capital": "5,811,800", "Tangible Book Value": "1,990,900", "Total Debt": "3,820,900", "Net Debt": "3,795,200", "Share Issued": "18,973", "Ordinary Shares Number": "18,973"}}, "cf": {"TTM": {"Duration": "TTM", "Operating Cash Flow": "985,200", "Investing Cash Flow": "-673,500", "Financing Cash Flow": "-433,200", "End Cash Position": "396,200", "Income Tax Paid Supplemental Data": "141,500", "Interest Paid Supplemental Data": "191,600", "Capital Expenditure": "-8,500", "Issuance of Debt": "8,176,200", "Repayment of Debt": "-8,109,100", "Repurchase of Capital Stock": "-480,800", "Free Cash Flow": "976,700"}, "12/31/2020": {"Duration": "12/31/2020", "Operating Cash Flow": "985,200", "Investing Cash Flow": "-673,500", "Financing Cash Flow": "-433,200", "End Cash Position": "396,200", "Income Tax Paid Supplemental Data": "141,500", "Interest Paid Supplemental Data": "191,600", "Capital Expenditure": "-8,500", "Issuance of Debt": "8,176,200", "Repayment of Debt": "-8,109,100", "Repurchase of Capital Stock": "-480,800", "Free Cash Flow": "976,700"}, "12/31/2019": {"Duration": "12/31/2019", "Operating Cash Flow": "812,300", "Investing Cash Flow": "-1,024,200", "Financing Cash Flow": "400,300", "End Cash Position": "517,700", "Income Tax Paid Supplemental Data": "172,400", "Interest Paid Supplemental Data": "175,600", "Capital Expenditure": "-26,800", "Issuance of Debt": "7,043,100", "Repayment of Debt": "-6,316,300", "Repurchase of Capital Stock": "-300,400", "Free Cash Flow": "785,500"}, "12/31/2018": {"Duration": "12/31/2018", "Operating Cash Flow": "703,900", "Investing Cash Flow": "-1,238,300", "Financing Cash Flow": "599,900", "End Cash Position": "329,300", "Income Tax Paid Supplemental Data": "168,800", "Interest Paid Supplemental Data": "141,000", "Capital Expenditure": "-25,100", "Issuance of Debt": "4,958,500", "Repayment of Debt": "-4,208,800", "Repurchase of Capital Stock": "-129,100", "Free Cash Flow": "678,800"}}}}, {"ATLC": {"quote": {"03/26/2021": {"value": "26.56", "Market Cap": "423.951M", "Beta (5Y Monthly)": "0.97", "PE Ratio (TTM)": "8.62", "EPS (TTM)": "3.08", "Earnings Date": "May 15, 2020", "Forward Dividend & Yield": "N/A (N/A)", "Ex-Dividend Date": "Dec 29, 2009", "1y Target Est": "N/A"}}, "fin": {"TTM": {"Duration": "TTM", "Total Revenue": "386,024", "Credit Losses Provision": "-220,851", "Non Interest Expense": "82,582", "Income from Associates & Other Participating Interests": "620", "Special Income Charges": "1,132", "Other Non Operating Income Expenses": "-", "Pretax Income": "84,942", "Tax Provision": "15,303", "Net Income Common Stockholders": "56,418", "Diluted NI Available to Com Stockholders": "56,418", "Basic EPS": "-", "Diluted EPS": "-", "Basic Average Shares": "-", "Diluted Average Shares": "-", "INTEREST_INCOME_AFTER_PROVISION_FOR_LOAN_LOSS": "118,044", "Net Income from Continuing & Discontinued Operation": "69,854", "Normalized Income": "69,854", "Reconciled Depreciation": "7,916", "Net Income from Continuing Operation Net Minority Interest": "69,854", "Total Unusual Items Excluding Goodwill": "1,132", "Total Unusual Items": "-", "Tax Rate for Calcs": "0", "Tax Effect of Unusual Items": "0"}, "12/31/2019": {"Duration": "12/31/2019", "Total Revenue": "355,261", "Credit Losses Provision": "-249,280", "Non Interest Expense": "76,950", "Income from Associates & Other Participating Interests": "1,001", "Special Income Charges": "-", "Other Non Operating Income Expenses": "1,731", "Pretax Income": "31,763", "Tax Provision": "5,553", "Net Income Common Stockholders": "25,290", "Diluted NI Available to Com Stockholders": "25,290", "Basic EPS": "1.74", "Diluted EPS": "1.66", "Basic Average Shares": "14,499", "Diluted Average Shares": "15,273", "INTEREST_INCOME_AFTER_PROVISION_FOR_LOAN_LOSS": "-38,792", "Net Income from Continuing & Discontinued Operation": "26,443", "Normalized Income": "26,443", "Reconciled Depreciation": "7,693", "Net Income from Continuing Operation Net Minority Interest": "26,443", "Total Unusual Items Excluding Goodwill": "-", "Total Unusual Items": "-", "Tax Rate for Calcs": "0", "Tax Effect of Unusual Items": "0"}, "12/31/2018": {"Duration": "12/31/2018", "Total Revenue": "158,908", "Credit Losses Provision": "-100,887", "Non Interest Expense": "55,120", "Income from Associates & Other Participating Interests": "581", "Special Income Charges": "-549", "Other Non Operating Income Expenses": "-", "Pretax Income": "3,482", "Tax Provision": "-4,130", "Net Income Common Stockholders": "7,856", "Diluted NI Available to Com Stockholders": "7,856", "Basic EPS": "0.56", "Diluted EPS": "0.56", "Basic Average Shares": "13,927", "Diluted Average Shares": "14,002", "INTEREST_INCOME_AFTER_PROVISION_FOR_LOAN_LOSS": "23,385", "Net Income from Continuing & Discontinued Operation": "7,856", "Normalized Income": "7,856", "Reconciled Depreciation": "987", "Net Income from Continuing Operation Net Minority Interest": "7,856", "Total Unusual Items Excluding Goodwill": "-", "Total Unusual Items": "-549", "Tax Rate for Calcs": "0", "Tax Effect of Unusual Items": "0"}}, "bs": {"12/31/2019": {"Duration": "12/31/2019", "Total Assets": "936,266", "Total Liabilities Net Minority Interest": "895,931", "Total Equity Gross Minority Interest": "40,335", "Total Capitalization": "818,126", "Preferred Stock Equity": "40,000", "Common Stock Equity": "906", "Capital Lease Obligations": "22,259", "Net Tangible Assets": "40,906", "Invested Capital": "778,126", "Tangible Book Value": "906", "Total Debt": "799,479", "Net Debt": "641,737", "Share Issued": "15,885", "Ordinary Shares Number": "15,885"}, "12/31/2018": {"Duration": "12/31/2018", "Total Assets": "582,608", "Total Liabilities Net Minority Interest": "604,737", "Total Equity Gross Minority Interest": "-22,129", "Total Capitalization": "476,929", "Preferred Stock Equity": "-", "Common Stock Equity": "-21,791", "Capital Lease Obligations": "-", "Net Tangible Assets": "-21,791", "Invested Capital": "476,929", "Tangible Book Value": "-21,791", "Total Debt": "498,720", "Net Debt": "437,628", "Share Issued": "15,564", "Ordinary Shares Number": "15,564"}}, "cf": {"TTM": {"Duration": "TTM", "Operating Cash Flow": "177,504", "Investing Cash Flow": "-324,781", "Financing Cash Flow": "212,012", "End Cash Position": "176,848", "Income Tax Paid Supplemental Data": "-", "Interest Paid Supplemental Data": "47,584", "Capital Expenditure": "-799", "Issuance of Capital Stock": "90,000", "Issuance of Debt": "594,827", "Repayment of Debt": "-511,726", "Repurchase of Capital Stock": "-1,830", "Free Cash Flow": "176,705"}, "12/31/2019": {"Duration": "12/31/2019", "Operating Cash Flow": "99,963", "Investing Cash Flow": "-433,689", "Financing Cash Flow": "368,720", "End Cash Position": "176,394", "Income Tax Paid Supplemental Data": "20", "Interest Paid Supplemental Data": "46,302", "Capital Expenditure": "-250", "Issuance of Capital Stock": "40,000", "Issuance of Debt": "873,340", "Repayment of Debt": "-592,318", "Repurchase of Capital Stock": "-2,517", "Free Cash Flow": "99,713"}, "12/31/2018": {"Duration": "12/31/2018", "Operating Cash Flow": "42,856", "Investing Cash Flow": "-134,518", "Financing Cash Flow": "161,747", "End Cash Position": "141,754", "Income Tax Paid Supplemental Data": "4,750", "Interest Paid Supplemental Data": "33,467", "Capital Expenditure": "-1,383", "Issuance of Capital Stock": "-", "Issuance of Debt": "632,043", "Repayment of Debt": "-469,623", "Repurchase of Capital Stock": "-723", "Free Cash Flow": "41,473"}}}}, {"AGM": {"quote": {"03/26/2021": {"value": "101.20", "Market Cap": "1.068B", "Beta (5Y Monthly)": "1.15", "PE Ratio (TTM)": "12.24", "EPS (TTM)": "8.27", "Earnings Date": "May 10, 2021 - May 14, 2021", "Forward Dividend & Yield": "3.52 (3.54%)", "Ex-Dividend Date": "Mar 15, 2021", "1y Target Est": "98.00"}}, "fin": {"TTM": {"Duration": "TTM", "Total Revenue": "206,891", "Credit Losses Provision": "-7,805", "Non Interest Expense": "61,653", "Pretax Income": "137,433", "Tax Provision": "28,785", "Net Income Common Stockholders": "89,176", "Diluted NI Available to Com Stockholders": "89,176", "Basic EPS": "-", "Diluted EPS": "-", "Basic Average Shares": "-", "Diluted Average Shares": "-", "INTEREST_INCOME_AFTER_PROVISION_FOR_LOAN_LOSS": "182,783", "Net Income from Continuing & Discontinued Operation": "108,648", "Normalized Income": "108,282", "Net Income from Continuing Operation Net Minority Interest": "108,648", "Total Unusual Items Excluding Goodwill": "463", "Total Unusual Items": "463", "Tax Rate for Calcs": "0", "Tax Effect of Unusual Items": "96.9742"}, "12/31/2020": {"Duration": "12/31/2020", "Total Revenue": "206,891", "Credit Losses Provision": "-7,805", "Non Interest Expense": "61,653", "Pretax Income": "137,433", "Tax Provision": "28,785", "Net Income Common Stockholders": "89,176", "Diluted NI Available to Com Stockholders": "89,176", "Basic EPS": "-", "Diluted EPS": "-", "Basic Average Shares": "-", "Diluted Average Shares": "-", "INTEREST_INCOME_AFTER_PROVISION_FOR_LOAN_LOSS": "182,783", "Net Income from Continuing & Discontinued Operation": "108,648", "Normalized Income": "108,282", "Net Income from Continuing Operation Net Minority Interest": "108,648", "Total Unusual Items Excluding Goodwill": "463", "Total Unusual Items": "463", "Tax Rate for Calcs": "0", "Tax Effect of Unusual Items": "96.9742"}, "12/31/2019": {"Duration": "12/31/2019", "Total Revenue": "194,077", "Credit Losses Provision": "-3,501", "Non Interest Expense": "51,925", "Pretax Income": "138,651", "Tax Provision": "29,105", "Net Income Common Stockholders": "93,650", "Diluted NI Available to Com Stockholders": "93,650", "Basic EPS": "8.76", "Diluted EPS": "8.69", "Basic Average Shares": "10,696", "Diluted Average Shares": "10,696", "INTEREST_INCOME_AFTER_PROVISION_FOR_LOAN_LOSS": "169,634", "Net Income from Continuing & Discontinued Operation": "109,546", "Normalized Income": "109,546", "Net Income from Continuing Operation Net Minority Interest": "109,546", "Total Unusual Items Excluding Goodwill": "0", "Total Unusual Items": "0", "Tax Rate for Calcs": "0", "Tax Effect of Unusual Items": "0"}, "12/31/2018": {"Duration": "12/31/2018", "Total Revenue": "186,176", "Credit Losses Provision": "-335", "Non Interest Expense": "49,819", "Pretax Income": "136,022", "Tax Provision": "27,942", "Net Income Common Stockholders": "94,898", "Diluted NI Available to Com Stockholders": "94,898", "Basic EPS": "8.91", "Diluted EPS": "8.83", "Basic Average Shares": "10,651", "Diluted Average Shares": "10,747", "INTEREST_INCOME_AFTER_PROVISION_FOR_LOAN_LOSS": "174,101", "Net Income from Continuing & Discontinued Operation": "108,080", "Normalized Income": "108,086", "Net Income from Continuing Operation Net Minority Interest": "108,080", "Total Unusual Items Excluding Goodwill": "-7", "Total Unusual Items": "-7", "Tax Rate for Calcs": "0", "Tax Effect of Unusual Items": "-1.438"}}, "bs": {"12/31/2020": {"Duration": "12/31/2020", "Total Assets": "24,355,501", "Total Liabilities Net Minority Interest": "23,363,024", "Total Equity Gross Minority Interest": "992,477", "Total Capitalization": "24,165,180", "Preferred Stock Equity": "363,204", "Common Stock Equity": "629,273", "Net Tangible Assets": "992,477", "Invested Capital": "23,801,976", "Tangible Book Value": "629,273", "Total Debt": "23,172,703", "Net Debt": "22,138,762", "Share Issued": "10,737", "Ordinary Shares Number": "10,737", "Preferred Shares Number": "14,980"}, "12/31/2019": {"Duration": "12/31/2019", "Total Assets": "21,709,374", "Total Liabilities Net Minority Interest": "20,910,098", "Total Equity Gross Minority Interest": "799,276", "Total Capitalization": "11,495,346", "Preferred Stock Equity": "228,374", "Common Stock Equity": "570,902", "Net Tangible Assets": "799,276", "Invested Capital": "21,286,054", "Tangible Book Value": "570,902", "Total Debt": "20,715,152", "Net Debt": "20,110,771", "Share Issued": "10,712", "Ordinary Shares Number": "10,712", "Preferred Shares Number": "9,400"}, "12/31/2018": {"Duration": "12/31/2018", "Total Assets": "18,694,328", "Total Liabilities Net Minority Interest": "17,941,771", "Total Equity Gross Minority Interest": "752,557", "Total Capitalization": "10,768,161", "Preferred Stock Equity": "204,759", "Common Stock Equity": "547,798", "Net Tangible Assets": "752,557", "Invested Capital": "18,320,452", "Tangible Book Value": "547,798", "Total Debt": "17,772,654", "Net Debt": "17,347,398", "Share Issued": "10,669", "Ordinary Shares Number": "10,669", "Preferred Shares Number": "8,400"}}, "cf": {"TTM": {"Duration": "TTM", "Operating Cash Flow": "-94,547", "Investing Cash Flow": "-1,736,091", "Financing Cash Flow": "2,260,198", "End Cash Position": "1,033,941", "Income Tax Paid Supplemental Data": "30,000", "Interest Paid Supplemental Data": "283,335", "Issuance of Capital Stock": "193,219", "Issuance of Debt": "82,058,487", "Repayment of Debt": "-79,880,064", "Repurchase of Capital Stock": "-60,235", "Free Cash Flow": "-94,547"}, "12/31/2020": {"Duration": "12/31/2020", "Operating Cash Flow": "-94,547", "Investing Cash Flow": "-1,736,091", "Financing Cash Flow": "2,260,198", "End Cash Position": "1,033,941", "Income Tax Paid Supplemental Data": "30,000", "Interest Paid Supplemental Data": "283,335", "Issuance of Capital Stock": "193,219", "Issuance of Debt": "82,058,487", "Repayment of Debt": "-79,880,064", "Repurchase of Capital Stock": "-60,235", "Free Cash Flow": "-94,547"}, "12/31/2019": {"Duration": "12/31/2019", "Operating Cash Flow": "-19,699", "Investing Cash Flow": "-2,384,587", "Financing Cash Flow": "2,583,411", "End Cash Position": "604,381", "Income Tax Paid Supplemental Data": "23,100", "Interest Paid Supplemental Data": "365,526", "Issuance of Capital Stock": "96,703", "Issuance of Debt": "74,838,320", "Repayment of Debt": "-72,230,941", "Repurchase of Capital Stock": "-75,000", "Free Cash Flow": "-19,699"}, "12/31/2018": {"Duration": "12/31/2018", "Operating Cash Flow": "200,031", "Investing Cash Flow": "-599,210", "Financing Cash Flow": "522,413", "End Cash Position": "425,256", "Income Tax Paid Supplemental Data": "-", "Interest Paid Supplemental Data": "-", "Issuance of Capital Stock": "7", "Issuance of Debt": "49,419,633", "Repayment of Debt": "-48,856,691", "Repurchase of Capital Stock": "0", "Free Cash Flow": "200,031"}}}}, {"HAWK": {"quote": {"03/26/2021": {"value": "", "Net Assets": "N/A", "Beta (5Y Monthly)": "N/A", "Yield": "N/A", "5y Average Return": "N/A", "Holdings Turnover": "N/A", "Last Dividend": "N/A", "Average for Category": "N/A", "Inception Date": "N/A"}}, "fin": {}, "bs": {}, "cf": {}}}, {"LOAN": {"quote": {"03/26/2021": {"value": "5.90", "Market Cap": "56.758M", "Beta (5Y Monthly)": "0.68", "PE Ratio (TTM)": "13.44", "EPS (TTM)": "0.44", "Earnings Date": "Mar 11, 2021", "Forward Dividend & Yield": "0.44 (7.52%)", "Ex-Dividend Date": "Apr 08, 2021", "1y Target Est": "N/A"}}, "fin": {"TTM": {"Duration": "TTM", "Total Revenue": "5,644", "Non Interest Expense": "1,434", "Special Income Charges": "0", "Other Non Operating Income Expenses": "20", "Pretax Income": "4,230", "Tax Provision": "0.645", "Net Income Common Stockholders": "4,229", "Diluted NI Available to Com Stockholders": "4,229", "Basic EPS": "-", "Diluted EPS": "-", "Basic Average Shares": "-", "Diluted Average Shares": "-", "INTEREST_INCOME_AFTER_PROVISION_FOR_LOAN_LOSS": "4,633", "Net Income from Continuing & Discontinued Operation": "4,229", "Normalized Income": "4,229", "EBIT": "-", "Reconciled Depreciation": "1.135", "Net Income from Continuing Operation Net Minority Interest": "4,229", "Total Unusual Items Excluding Goodwill": "0", "Total Unusual Items": "0", "Normalized EBITDA": "-", "Tax Rate for Calcs": "0", "Tax Effect of Unusual Items": "0"}, "12/31/2020": {"Duration": "12/31/2020", "Total Revenue": "5,644", "Non Interest Expense": "1,434", "Special Income Charges": "0", "Other Non Operating Income Expenses": "20", "Pretax Income": "4,230", "Tax Provision": "0.645", "Net Income Common Stockholders": "4,229", "Diluted NI Available to Com Stockholders": "4,229", "Basic EPS": "-", "Diluted EPS": "-", "Basic Average Shares": "-", "Diluted Average Shares": "-", "INTEREST_INCOME_AFTER_PROVISION_FOR_LOAN_LOSS": "4,633", "Net Income from Continuing & Discontinued Operation": "4,229", "Normalized Income": "4,229", "EBIT": "-", "Reconciled Depreciation": "1.135", "Net Income from Continuing Operation Net Minority Interest": "4,229", "Total Unusual Items Excluding Goodwill": "0", "Total Unusual Items": "0", "Normalized EBITDA": "-", "Tax Rate for Calcs": "0", "Tax Effect of Unusual Items": "0"}, "12/31/2019": {"Duration": "12/31/2019", "Total Revenue": "5,701", "Non Interest Expense": "1,203", "Special Income Charges": "-15", "Other Non Operating Income Expenses": "12", "Pretax Income": "4,495", "Tax Provision": "0.572", "Net Income Common Stockholders": "4,495", "Diluted NI Available to Com Stockholders": "4,495", "Basic EPS": "0.47", "Diluted EPS": "0.47", "Basic Average Shares": "9,658", "Diluted Average Shares": "9,659", "INTEREST_INCOME_AFTER_PROVISION_FOR_LOAN_LOSS": "4,551", "Net Income from Continuing & Discontinued Operation": "4,495", "Normalized Income": "4,510", "EBIT": "-", "Reconciled Depreciation": "1.414", "Net Income from Continuing Operation Net Minority Interest": "4,495", "Total Unusual Items Excluding Goodwill": "-15", "Total Unusual Items": "-15", "Normalized EBITDA": "-", "Tax Rate for Calcs": "0", "Tax Effect of Unusual Items": "-0.0019"}, "12/31/2018": {"Duration": "12/31/2018", "Total Revenue": "5,524", "Non Interest Expense": "1,322", "Special Income Charges": "0", "Other Non Operating Income Expenses": "3", "Pretax Income": "4,205", "Tax Provision": "0.642", "Net Income Common Stockholders": "4,204", "Diluted NI Available to Com Stockholders": "4,204", "Basic EPS": "0.48", "Diluted EPS": "0.48", "Basic Average Shares": "8,792", "Diluted Average Shares": "8,799", "INTEREST_INCOME_AFTER_PROVISION_FOR_LOAN_LOSS": "4,469", "Net Income from Continuing & Discontinued Operation": "4,204", "Normalized Income": "4,204", "EBIT": "-", "Reconciled Depreciation": "3.711", "Net Income from Continuing Operation Net Minority Interest": "4,204", "Total Unusual Items Excluding Goodwill": "0", "Total Unusual Items": "0", "Normalized EBITDA": "-", "Tax Rate for Calcs": "0", "Tax Effect of Unusual Items": "0"}}, "bs": {"12/31/2020": {"Duration": "12/31/2020", "Total Assets": "59,843", "Total Liabilities Net Minority Interest": "27,879", "Total Equity Gross Minority Interest": "31,964", "Total Capitalization": "37,567", "Common Stock Equity": "31,964", "Capital Lease Obligations": "372.907", "Net Tangible Assets": "31,964", "Working Capital": "-", "Invested Capital": "57,876", "Tangible Book Value": "31,964", "Total Debt": "26,284", "Net Debt": "25,780", "Share Issued": "9,882", "Ordinary Shares Number": "9,620", "Treasury Shares Number": "262.113"}, "12/31/2019": {"Duration": "12/31/2019", "Total Assets": "54,443", "Total Liabilities Net Minority Interest": "22,500", "Total Equity Gross Minority Interest": "31,943", "Total Capitalization": "-", "Common Stock Equity": "31,943", "Capital Lease Obligations": "91.025", "Net Tangible Assets": "31,943", "Working Capital": "-", "Invested Capital": "52,704", "Tangible Book Value": "31,943", "Total Debt": "20,852", "Net Debt": "20,642", "Share Issued": "9,882", "Ordinary Shares Number": "9,659", "Treasury Shares Number": "223.214"}, "12/31/2018": {"Duration": "12/31/2018", "Total Assets": "55,903", "Total Liabilities Net Minority Interest": "23,822", "Total Equity Gross Minority Interest": "32,081", "Total Capitalization": "37,534", "Common Stock Equity": "32,081", "Capital Lease Obligations": "-", "Net Tangible Assets": "32,081", "Working Capital": "31,966", "Invested Capital": "54,156", "Tangible Book Value": "32,081", "Total Debt": "22,075", "Net Debt": "21,871", "Share Issued": "9,874", "Ordinary Shares Number": "9,656", "Treasury Shares Number": "218.214"}}, "cf": {"TTM": {"Duration": "TTM", "Operating Cash Flow": "4,222", "Investing Cash Flow": "-4,607", "Financing Cash Flow": "726.241", "End Cash Position": "459.137", "Income Tax Paid Supplemental Data": "0.645", "Interest Paid Supplemental Data": "1,265", "Capital Expenditure": "-8.759", "Issuance of Capital Stock": "-", "Issuance of Debt": "-", "Repayment of Debt": "-", "Repurchase of Capital Stock": "-179.251", "Free Cash Flow": "4,213"}, "12/31/2020": {"Duration": "12/31/2020", "Operating Cash Flow": "4,222", "Investing Cash Flow": "-4,607", "Financing Cash Flow": "726.241", "End Cash Position": "459.137", "Income Tax Paid Supplemental Data": "0.645", "Interest Paid Supplemental Data": "1,265", "Capital Expenditure": "-8.759", "Issuance of Capital Stock": "-", "Issuance of Debt": "-", "Repayment of Debt": "-", "Repurchase of Capital Stock": "-179.251", "Free Cash Flow": "4,213"}, "12/31/2019": {"Duration": "12/31/2019", "Operating Cash Flow": "4,432", "Investing Cash Flow": "1,366", "Financing Cash Flow": "-6,034", "End Cash Position": "118.407", "Income Tax Paid Supplemental Data": "0.572", "Interest Paid Supplemental Data": "1,561", "Capital Expenditure": "-", "Issuance of Capital Stock": "0", "Issuance of Debt": "-", "Repayment of Debt": "-1,389", "Repurchase of Capital Stock": "-29.454", "Free Cash Flow": "4,432"}, "12/31/2018": {"Duration": "12/31/2018", "Operating Cash Flow": "4,361", "Investing Cash Flow": "-9,713", "Financing Cash Flow": "5,571", "End Cash Position": "355.057", "Income Tax Paid Supplemental Data": "0.642", "Interest Paid Supplemental Data": "1,585", "Capital Expenditure": "-1.148", "Issuance of Capital Stock": "9,883", "Issuance of Debt": "-", "Repayment of Debt": "-292.447", "Repurchase of Capital Stock": "-48.743", "Free Cash Flow": "4,360"}}}}, {"COF": {"quote": {"03/26/2021": {"value": "129.59", "Market Cap": "59.175B", "Beta (5Y Monthly)": "1.73", "PE Ratio (TTM)": "25.00", "EPS (TTM)": "5.18", "Earnings Date": "Apr 27, 2021", "Forward Dividend & Yield": "1.60 (1.25%)", "Ex-Dividend Date": "Feb 16, 2021", "1y Target Est": "133.08"}}, "fin": {"TTM": {"Duration": "TTM", "Total Revenue": "27,933,000", "Credit Losses Provision": "-10,264,000", "Non Interest Expense": "14,205,000", "Special Income Charges": "-261,000", "Pretax Income": "3,203,000", "Tax Provision": "486,000", "Net Income Common Stockholders": "2,375,000", "Diluted NI Available to Com Stockholders": "2,375,000", "Basic EPS": "-", "Diluted EPS": "-", "Basic Average Shares": "-", "Diluted Average Shares": "-", "INTEREST_INCOME_AFTER_PROVISION_FOR_LOAN_LOSS": "12,649,000", "Net Income from Continuing & Discontinued Operation": "2,714,000", "Normalized Income": "2,938,328", "Reconciled Depreciation": "3,501,000", "Net Income from Continuing Operation Net Minority Interest": "2,717,000", "Total Unusual Items Excluding Goodwill": "-261,000", "Total Unusual Items": "-261,000", "Tax Rate for Calcs": "0", "Tax Effect of Unusual Items": "-39,672"}, "12/31/2020": {"Duration": "12/31/2020", "Total Revenue": "27,933,000", "Credit Losses Provision": "-10,264,000", "Non Interest Expense": "14,205,000", "Special Income Charges": "-261,000", "Pretax Income": "3,203,000", "Tax Provision": "486,000", "Net Income Common Stockholders": "2,375,000", "Diluted NI Available to Com Stockholders": "2,375,000", "Basic EPS": "-", "Diluted EPS": "-", "Basic Average Shares": "-", "Diluted Average Shares": "-", "INTEREST_INCOME_AFTER_PROVISION_FOR_LOAN_LOSS": "12,649,000", "Net Income from Continuing & Discontinued Operation": "2,714,000", "Normalized Income": "2,938,328", "Reconciled Depreciation": "3,501,000", "Net Income from Continuing Operation Net Minority Interest": "2,717,000", "Total Unusual Items Excluding Goodwill": "-261,000", "Total Unusual Items": "-261,000", "Tax Rate for Calcs": "0", "Tax Effect of Unusual Items": "-39,672"}, "12/31/2019": {"Duration": "12/31/2019", "Total Revenue": "27,831,000", "Credit Losses Provision": "-6,236,000", "Non Interest Expense": "14,338,000", "Special Income Charges": "-383,000", "Pretax Income": "6,874,000", "Tax Provision": "1,341,000", "Net Income Common Stockholders": "5,192,000", "Diluted NI Available to Com Stockholders": "5,192,000", "Basic EPS": "11.10", "Diluted EPS": "11.05", "Basic Average Shares": "467,600", "Diluted Average Shares": "469,900", "INTEREST_INCOME_AFTER_PROVISION_FOR_LOAN_LOSS": "17,104,000", "Net Income from Continuing & Discontinued Operation": "5,546,000", "Normalized Income": "5,841,315", "Reconciled Depreciation": "3,339,000", "Net Income from Continuing Operation Net Minority Interest": "5,533,000", "Total Unusual Items Excluding Goodwill": "-383,000", "Total Unusual Items": "-383,000", "Tax Rate for Calcs": "0", "Tax Effect of Unusual Items": "-74,685"}, "12/31/2018": {"Duration": "12/31/2018", "Total Revenue": "27,173,000", "Credit Losses Provision": "-5,856,000", "Non Interest Expense": "13,635,000", "Special Income Charges": "-364,000", "Pretax Income": "7,318,000", "Tax Provision": "1,293,000", "Net Income Common Stockholders": "5,710,000", "Diluted NI Available to Com Stockholders": "5,710,000", "Basic EPS": "11.90", "Diluted EPS": "11.82", "Basic Average Shares": "479,900", "Diluted Average Shares": "483,100", "INTEREST_INCOME_AFTER_PROVISION_FOR_LOAN_LOSS": "17,019,000", "Net Income from Continuing & Discontinued Operation": "6,015,000", "Normalized Income": "6,324,572", "Reconciled Depreciation": "2,396,000", "Net Income from Continuing Operation Net Minority Interest": "6,025,000", "Total Unusual Items Excluding Goodwill": "-364,000", "Total Unusual Items": "-364,000", "Tax Rate for Calcs": "0", "Tax Effect of Unusual Items": "-64,428"}}, "bs": {"12/31/2020": {"Duration": "12/31/2020", "Total Assets": "421,602,000", "Total Liabilities Net Minority Interest": "361,398,000", "Total Equity Gross Minority Interest": "60,204,000", "Total Capitalization": "100,075,000", "Common Stock Equity": "60,204,000", "Net Tangible Assets": "45,094,000", "Invested Capital": "100,075,000", "Tangible Book Value": "45,094,000", "Total Debt": "39,871,000", "Net Debt": "-", "Share Issued": "679,933", "Ordinary Shares Number": "458,972", "Preferred Shares Number": "5,100,000", "Treasury Shares Number": "220,961"}, "12/31/2019": {"Duration": "12/31/2019", "Total Assets": "390,365,000", "Total Liabilities Net Minority Interest": "332,354,000", "Total Equity Gross Minority Interest": "58,011,000", "Total Capitalization": "113,394,000", "Common Stock Equity": "58,011,000", "Net Tangible Assets": "42,884,000", "Invested Capital": "113,394,000", "Tangible Book Value": "42,884,000", "Total Debt": "55,383,000", "Net Debt": "41,976,000", "Share Issued": "672,969", "Ordinary Shares Number": "456,562", "Preferred Shares Number": "159,000", "Treasury Shares Number": "216,407"}, "12/31/2018": {"Duration": "12/31/2018", "Total Assets": "372,538,000", "Total Liabilities Net Minority Interest": "320,870,000", "Total Equity Gross Minority Interest": "51,668,000", "Total Capitalization": "110,221,000", "Common Stock Equity": "51,668,000", "Net Tangible Assets": "37,124,000", "Invested Capital": "110,221,000", "Tangible Book Value": "37,124,000", "Total Debt": "58,553,000", "Net Debt": "45,367,000", "Share Issued": "667,969", "Ordinary Shares Number": "467,717", "Preferred Shares Number": "139,000", "Treasury Shares Number": "200,252"}}, "cf": {"TTM": {"Duration": "TTM", "Operating Cash Flow": "16,699,000", "Investing Cash Flow": "-14,841,000", "Financing Cash Flow": "25,164,000", "End Cash Position": "40,771,000", "Income Tax Paid Supplemental Data": "988,000", "Interest Paid Supplemental Data": "3,580,000", "Capital Expenditure": "-710,000", "Issuance of Capital Stock": "1,571,000", "Issuance of Debt": "5,235,000", "Repayment of Debt": "-21,715,000", "Repurchase of Capital Stock": "-1,768,000", "Free Cash Flow": "15,989,000"}, "12/31/2020": {"Duration": "12/31/2020", "Operating Cash Flow": "16,699,000", "Investing Cash Flow": "-14,841,000", "Financing Cash Flow": "25,164,000", "End Cash Position": "40,771,000", "Income Tax Paid Supplemental Data": "988,000", "Interest Paid Supplemental Data": "3,580,000", "Capital Expenditure": "-710,000", "Issuance of Capital Stock": "1,571,000", "Issuance of Debt": "5,235,000", "Repayment of Debt": "-21,715,000", "Repurchase of Capital Stock": "-1,768,000", "Free Cash Flow": "15,989,000"}, "12/31/2019": {"Duration": "12/31/2019", "Operating Cash Flow": "16,639,000", "Investing Cash Flow": "-22,998,000", "Financing Cash Flow": "6,619,000", "End Cash Position": "13,749,000", "Income Tax Paid Supplemental Data": "626,000", "Interest Paid Supplemental Data": "4,790,000", "Capital Expenditure": "-887,000", "Issuance of Capital Stock": "1,661,000", "Issuance of Debt": "10,798,000", "Repayment of Debt": "-14,984,000", "Repurchase of Capital Stock": "-2,481,000", "Free Cash Flow": "15,752,000"}, "12/31/2018": {"Duration": "12/31/2018", "Operating Cash Flow": "12,978,000", "Investing Cash Flow": "-15,618,000", "Financing Cash Flow": "1,777,000", "End Cash Position": "13,489,000", "Income Tax Paid Supplemental Data": "407,000", "Interest Paid Supplemental Data": "3,933,000", "Capital Expenditure": "-874,000", "Issuance of Capital Stock": "175,000", "Issuance of Debt": "6,974,000", "Repayment of Debt": "-8,165,000", "Repurchase of Capital Stock": "-2,284,000", "Free Cash Flow": "12,104,000"}}}}, {"WU": {"quote": {"03/26/2021": {"value": "25.37", "Market Cap": "10.425B", "Beta (5Y Monthly)": "1.00", "PE Ratio (TTM)": "14.17", "EPS (TTM)": "1.79", "Earnings Date": "May 03, 2021 - May 07, 2021", "Forward Dividend & Yield": "0.94 (3.81%)", "Ex-Dividend Date": "Mar 16, 2021", "1y Target Est": "25.14"}}, "fin": {"TTM": {"Duration": "TTM", "Total Revenue": "4,835,000", "Cost of Revenue": "2,826,500", "Gross Profit": "2,008,500", "Operating Expense": "1,041,200", "Operating Income": "967,300", "Net Non Operating Interest Income Expense": "-115,300", "Other Income Expense": "3,100", "Pretax Income": "855,100", "Tax Provision": "110,800", "Net Income Common Stockholders": "744,300", "Diluted NI Available to Com Stockholders": "744,300", "Basic EPS": "-", "Diluted EPS": "-", "Basic Average Shares": "-", "Diluted Average Shares": "-", "Total Operating Income as Reported": "967,300", "Total Expenses": "3,867,700", "Net Income from Continuing & Discontinued Operation": "744,300", "Normalized Income": "744,300", "Interest Income": "3,200", "Interest Expense": "118,500", "Net Interest Income": "-115,300", "EBIT": "973,600", "EBITDA": "1,199,200", "Reconciled Cost of Revenue": "2,826,500", "Reconciled Depreciation": "225,600", "Net Income from Continuing Operation Net Minority Interest": "744,300", "Total Unusual Items Excluding Goodwill": "0", "Total Unusual Items": "0", "Normalized EBITDA": "1,199,200", "Tax Rate for Calcs": "0", "Tax Effect of Unusual Items": "0"}, "12/31/2020": {"Duration": "12/31/2020", "Total Revenue": "4,835,000", "Cost of Revenue": "2,826,500", "Gross Profit": "2,008,500", "Operating Expense": "1,041,200", "Operating Income": "967,300", "Net Non Operating Interest Income Expense": "-115,300", "Other Income Expense": "3,100", "Pretax Income": "855,100", "Tax Provision": "110,800", "Net Income Common Stockholders": "744,300", "Diluted NI Available to Com Stockholders": "744,300", "Basic EPS": "-", "Diluted EPS": "-", "Basic Average Shares": "-", "Diluted Average Shares": "-", "Total Operating Income as Reported": "967,300", "Total Expenses": "3,867,700", "Net Income from Continuing & Discontinued Operation": "744,300", "Normalized Income": "744,300", "Interest Income": "3,200", "Interest Expense": "118,500", "Net Interest Income": "-115,300", "EBIT": "973,600", "EBITDA": "-", "Reconciled Cost of Revenue": "2,826,500", "Reconciled Depreciation": "225,600", "Net Income from Continuing Operation Net Minority Interest": "744,300", "Total Unusual Items Excluding Goodwill": "0", "Total Unusual Items": "0", "Normalized EBITDA": "1,199,200", "Tax Rate for Calcs": "0", "Tax Effect of Unusual Items": "0"}, "12/31/2019": {"Duration": "12/31/2019", "Total Revenue": "5,292,100", "Cost of Revenue": "3,086,500", "Gross Profit": "2,205,600", "Operating Expense": "1,271,600", "Operating Income": "934,000", "Net Non Operating Interest Income Expense": "-145,700", "Other Income Expense": "533,100", "Pretax Income": "1,321,400", "Tax Provision": "263,100", "Net Income Common Stockholders": "1,058,300", "Diluted NI Available to Com Stockholders": "1,058,300", "Basic EPS": "2.47", "Diluted EPS": "2.46", "Basic Average Shares": "427,600", "Diluted Average Shares": "430,900", "Total Operating Income as Reported": "934,000", "Total Expenses": "4,358,100", "Net Income from Continuing & Discontinued Operation": "1,058,300", "Normalized Income": "638,095", "Interest Income": "6,300", "Interest Expense": "152,000", "Net Interest Income": "-145,700", "EBIT": "1,473,400", "EBITDA": "-", "Reconciled Cost of Revenue": "3,086,500", "Reconciled Depreciation": "257,700", "Net Income from Continuing Operation Net Minority Interest": "1,058,300", "Total Unusual Items Excluding Goodwill": "524,600", "Total Unusual Items": "524,600", "Normalized EBITDA": "1,206,500", "Tax Rate for Calcs": "0", "Tax Effect of Unusual Items": "104,395"}, "12/31/2018": {"Duration": "12/31/2018", "Total Revenue": "5,589,900", "Cost of Revenue": "3,300,800", "Gross Profit": "2,289,100", "Operating Expense": "1,167,000", "Operating Income": "1,122,100", "Net Non Operating Interest Income Expense": "-144,800", "Other Income Expense": "14,100", "Pretax Income": "991,400", "Tax Provision": "139,500", "Net Income Common Stockholders": "851,900", "Diluted NI Available to Com Stockholders": "851,900", "Basic EPS": "1.89", "Diluted EPS": "1.87", "Basic Average Shares": "451,800", "Diluted Average Shares": "454,400", "Total Operating Income as Reported": "1,122,100", "Total Expenses": "4,467,800", "Net Income from Continuing & Discontinued Operation": "851,900", "Normalized Income": "851,900", "Interest Income": "4,800", "Interest Expense": "149,600", "Net Interest Income": "-144,800", "EBIT": "1,141,000", "EBITDA": "-", "Reconciled Cost of Revenue": "3,300,800", "Reconciled Depreciation": "264,700", "Net Income from Continuing Operation Net Minority Interest": "851,900", "Total Unusual Items Excluding Goodwill": "0", "Total Unusual Items": "0", "Normalized EBITDA": "1,405,700", "Tax Rate for Calcs": "0", "Tax Effect of Unusual Items": "0"}}, "bs": {"12/31/2020": {"Duration": "12/31/2020", "Total Assets": "9,496,300", "Total Liabilities Net Minority Interest": "9,309,700", "Total Equity Gross Minority Interest": "186,600", "Total Capitalization": "3,173,800", "Common Stock Equity": "186,600", "Capital Lease Obligations": "234,900", "Net Tangible Assets": "-2,885,000", "Working Capital": "98,100", "Invested Capital": "3,253,800", "Tangible Book Value": "-2,885,000", "Total Debt": "3,302,100", "Net Debt": "943,300", "Share Issued": "411,200", "Ordinary Shares Number": "411,200"}, "12/31/2019": {"Duration": "12/31/2019", "Total Assets": "8,758,500", "Total Liabilities Net Minority Interest": "8,798,000", "Total Equity Gross Minority Interest": "-39,500", "Total Capitalization": "2,944,800", "Common Stock Equity": "-39,500", "Capital Lease Obligations": "242,300", "Net Tangible Assets": "-3,101,000", "Working Capital": "-217,300", "Invested Capital": "3,189,800", "Tangible Book Value": "-3,101,000", "Total Debt": "3,471,600", "Net Debt": "1,410,600", "Share Issued": "418,000", "Ordinary Shares Number": "418,000"}, "12/31/2018": {"Duration": "12/31/2018", "Total Assets": "8,996,800", "Total Liabilities Net Minority Interest": "9,306,600", "Total Equity Gross Minority Interest": "-309,800", "Total Capitalization": "2,998,900", "Common Stock Equity": "-309,800", "Capital Lease Obligations": "-", "Net Tangible Assets": "-3,633,000", "Working Capital": "-611,600", "Invested Capital": "3,123,900", "Tangible Book Value": "-3,633,000", "Total Debt": "3,433,700", "Net Debt": "1,212,500", "Share Issued": "441,200", "Ordinary Shares Number": "441,200"}}, "cf": {"TTM": {"Duration": "TTM", "Operating Cash Flow": "877,500", "Investing Cash Flow": "-113,400", "Financing Cash Flow": "-773,500", "End Cash Position": "1,447,400", "Income Tax Paid Supplemental Data": "187,300", "Interest Paid Supplemental Data": "109,600", "Capital Expenditure": "-156,800", "Issuance of Debt": "0", "Repayment of Debt": "-165,000", "Repurchase of Capital Stock": "-239,700", "Free Cash Flow": "720,700"}, "12/31/2020": {"Duration": "12/31/2020", "Operating Cash Flow": "877,500", "Investing Cash Flow": "-113,400", "Financing Cash Flow": "-773,500", "End Cash Position": "1,447,400", "Income Tax Paid Supplemental Data": "187,300", "Interest Paid Supplemental Data": "109,600", "Capital Expenditure": "-156,800", "Issuance of Debt": "0", "Repayment of Debt": "-165,000", "Repurchase of Capital Stock": "-239,700", "Free Cash Flow": "720,700"}, "12/31/2019": {"Duration": "12/31/2019", "Operating Cash Flow": "914,600", "Investing Cash Flow": "632,300", "Financing Cash Flow": "-1,069,800", "End Cash Position": "1,456,800", "Income Tax Paid Supplemental Data": "318,900", "Interest Paid Supplemental Data": "151,300", "Capital Expenditure": "-127,700", "Issuance of Debt": "615,900", "Repayment of Debt": "-824,900", "Repurchase of Capital Stock": "-552,600", "Free Cash Flow": "786,900"}, "12/31/2018": {"Duration": "12/31/2018", "Operating Cash Flow": "821,300", "Investing Cash Flow": "-328,800", "Financing Cash Flow": "-357,200", "End Cash Position": "979,700", "Income Tax Paid Supplemental Data": "339,400", "Interest Paid Supplemental Data": "142,500", "Capital Expenditure": "-339,000", "Issuance of Debt": "810,400", "Repayment of Debt": "-414,400", "Repurchase of Capital Stock": "-412,400", "Free Cash Flow": "482,300"}}}}, {"SLM": {"quote": {"03/26/2021": {"value": "17.89", "Market Cap": "5.996B", "Beta (5Y Monthly)": "1.40", "PE Ratio (TTM)": "7.95", "EPS (TTM)": "2.25", "Earnings Date": "Apr 20, 2021 - Apr 26, 2021", "Forward Dividend & Yield": "0.12 (0.71%)", "Ex-Dividend Date": "Mar 04, 2021", "1y Target Est": "19.43"}}, "fin": {"TTM": {"Duration": "TTM", "Total Revenue": "1,811,442", "Credit Losses Provision": "-93,133", "Non Interest Expense": "538,088", "Special Income Charges": "-26,215", "Pretax Income": "1,154,006", "Tax Provision": "273,316", "Net Income Common Stockholders": "870,956", "Diluted NI Available to Com Stockholders": "870,956", "Basic EPS": "-", "Diluted EPS": "-", "Basic Average Shares": "-", "Diluted Average Shares": "-", "INTEREST_INCOME_AFTER_PROVISION_FOR_LOAN_LOSS": "1,386,860", "Net Income from Continuing & Discontinued Operation": "880,690", "Normalized Income": "900,692", "Reconciled Depreciation": "15,066", "Net Income from Continuing Operation Net Minority Interest": "880,690", "Total Unusual Items Excluding Goodwill": "-26,215", "Total Unusual Items": "-26,215", "Tax Rate for Calcs": "0", "Tax Effect of Unusual Items": "-6,213"}, "12/31/2020": {"Duration": "12/31/2020", "Total Revenue": "1,811,442", "Credit Losses Provision": "-93,133", "Non Interest Expense": "538,088", "Special Income Charges": "-26,215", "Pretax Income": "1,154,006", "Tax Provision": "273,316", "Net Income Common Stockholders": "870,956", "Diluted NI Available to Com Stockholders": "870,956", "Basic EPS": "-", "Diluted EPS": "-", "Basic Average Shares": "-", "Diluted Average Shares": "-", "INTEREST_INCOME_AFTER_PROVISION_FOR_LOAN_LOSS": "1,386,860", "Net Income from Continuing & Discontinued Operation": "880,690", "Normalized Income": "900,692", "Reconciled Depreciation": "15,066", "Net Income from Continuing Operation Net Minority Interest": "880,690", "Total Unusual Items Excluding Goodwill": "-26,215", "Total Unusual Items": "-26,215", "Tax Rate for Calcs": "0", "Tax Effect of Unusual Items": "-6,213"}, "12/31/2019": {"Duration": "12/31/2019", "Total Revenue": "1,672,242", "Credit Losses Provision": "-354,249", "Non Interest Expense": "574,253", "Special Income Charges": "-", "Pretax Income": "743,740", "Tax Provision": "165,464", "Net Income Common Stockholders": "561,439", "Diluted NI Available to Com Stockholders": "561,439", "Basic EPS": "1.31", "Diluted EPS": "1.30", "Basic Average Shares": "427,292", "Diluted Average Shares": "430,674", "INTEREST_INCOME_AFTER_PROVISION_FOR_LOAN_LOSS": "1,269,066", "Net Income from Continuing & Discontinued Operation": "578,276", "Normalized Income": "578,276", "Reconciled Depreciation": "14,669", "Net Income from Continuing Operation Net Minority Interest": "578,276", "Total Unusual Items Excluding Goodwill": "-", "Total Unusual Items": "-", "Tax Rate for Calcs": "0", "Tax Effect of Unusual Items": "0"}, "12/31/2018": {"Duration": "12/31/2018", "Total Revenue": "1,413,488", "Credit Losses Provision": "-244,864", "Non Interest Expense": "609,295", "Special Income Charges": "-", "Pretax Income": "559,329", "Tax Provision": "71,853", "Net Income Common Stockholders": "471,836", "Diluted NI Available to Com Stockholders": "471,836", "Basic EPS": "1.08", "Diluted EPS": "1.07", "Basic Average Shares": "435,054", "Diluted Average Shares": "439,681", "INTEREST_INCOME_AFTER_PROVISION_FOR_LOAN_LOSS": "1,168,200", "Net Income from Continuing & Discontinued Operation": "487,476", "Normalized Income": "487,476", "Reconciled Depreciation": "13,829", "Net Income from Continuing Operation Net Minority Interest": "487,476", "Total Unusual Items Excluding Goodwill": "-", "Total Unusual Items": "-", "Tax Rate for Calcs": "0", "Tax Effect of Unusual Items": "0"}}, "bs": {"12/31/2020": {"Duration": "12/31/2020", "Total Assets": "30,770,423", "Total Liabilities Net Minority Interest": "28,207,588", "Total Equity Gross Minority Interest": "2,562,835", "Total Capitalization": "7,752,052", "Preferred Stock Equity": "251,070", "Common Stock Equity": "2,311,765", "Net Tangible Assets": "2,562,835", "Invested Capital": "7,500,982", "Tangible Book Value": "2,311,765", "Total Debt": "5,189,217", "Net Debt": "733,925", "Share Issued": "456,700", "Ordinary Shares Number": "375,300", "Preferred Shares Number": "2,500", "Treasury Shares Number": "81,400"}, "12/31/2019": {"Duration": "12/31/2019", "Total Assets": "32,686,479", "Total Liabilities Net Minority Interest": "29,374,643", "Total Equity Gross Minority Interest": "3,311,836", "Total Capitalization": "7,665,873", "Preferred Stock Equity": "400,000", "Common Stock Equity": "2,911,836", "Net Tangible Assets": "3,311,836", "Invested Capital": "7,555,103", "Tangible Book Value": "2,911,836", "Total Debt": "4,643,267", "Net Debt": "-", "Share Issued": "453,600", "Ordinary Shares Number": "421,100", "Preferred Shares Number": "4,000", "Treasury Shares Number": "32,500"}, "12/31/2018": {"Duration": "12/31/2018", "Total Assets": "26,638,173", "Total Liabilities Net Minority Interest": "23,665,517", "Total Equity Gross Minority Interest": "2,972,656", "Total Capitalization": "7,256,960", "Preferred Stock Equity": "400,000", "Common Stock Equity": "2,572,656", "Net Tangible Assets": "2,972,656", "Invested Capital": "6,856,960", "Tangible Book Value": "2,572,656", "Total Debt": "4,284,304", "Net Debt": "1,725,198", "Share Issued": "449,900", "Ordinary Shares Number": "435,700", "Preferred Shares Number": "4,000", "Treasury Shares Number": "14,200"}}, "cf": {"TTM": {"Duration": "TTM", "Operating Cash Flow": "-182,669", "Investing Cash Flow": "947,330", "Financing Cash Flow": "-1,875,712", "End Cash Position": "4,609,709", "Income Tax Paid Supplemental Data": "248,122", "Interest Paid Supplemental Data": "517,444", "Issuance of Debt": "1,833,641", "Repayment of Debt": "-1,292,557", "Repurchase of Capital Stock": "-626,222", "Free Cash Flow": "-182,669"}, "12/31/2020": {"Duration": "12/31/2020", "Operating Cash Flow": "-182,669", "Investing Cash Flow": "947,330", "Financing Cash Flow": "-1,875,712", "End Cash Position": "4,609,709", "Income Tax Paid Supplemental Data": "248,122", "Interest Paid Supplemental Data": "517,444", "Issuance of Debt": "1,833,641", "Repayment of Debt": "-1,292,557", "Repurchase of Capital Stock": "-626,222", "Free Cash Flow": "-182,669"}, "12/31/2019": {"Duration": "12/31/2019", "Operating Cash Flow": "-15,641", "Investing Cash Flow": "-2,306,714", "Financing Cash Flow": "5,361,220", "End Cash Position": "5,720,760", "Income Tax Paid Supplemental Data": "201,792", "Interest Paid Supplemental Data": "666,018", "Issuance of Debt": "1,403,394", "Repayment of Debt": "-1,051,462", "Repurchase of Capital Stock": "-167,201", "Free Cash Flow": "-15,641"}, "12/31/2018": {"Duration": "12/31/2018", "Operating Cash Flow": "-102,741", "Investing Cash Flow": "-3,254,863", "Financing Cash Flow": "4,403,324", "End Cash Position": "2,681,895", "Income Tax Paid Supplemental Data": "228,074", "Interest Paid Supplemental Data": "472,459", "Issuance of Debt": "2,191,027", "Repayment of Debt": "-1,188,640", "Repurchase of Capital Stock": "0", "Free Cash Flow": "-102,741"}}}}, {"NAVI": {"quote": {"03/26/2021": {"value": "14.13", "Market Cap": "2.597B", "Beta (5Y Monthly)": "1.79", "PE Ratio (TTM)": "6.67", "EPS (TTM)": "2.12", "Earnings Date": "Apr 19, 2021 - Apr 23, 2021", "Forward Dividend & Yield": "0.64 (4.65%)", "Ex-Dividend Date": "Mar 04, 2021", "1y Target Est": "14.75"}}, "fin": {"TTM": {"Duration": "TTM", "Total Revenue": "1,688,000", "Credit Losses Provision": "-155,000", "Non Interest Expense": "964,000", "Special Income Charges": "-37,000", "Pretax Income": "532,000", "Tax Provision": "120,000", "Net Income Common Stockholders": "412,000", "Diluted NI Available to Com Stockholders": "412,000", "Basic EPS": "-", "Diluted EPS": "-", "Basic Average Shares": "-", "Diluted Average Shares": "-", "INTEREST_INCOME_AFTER_PROVISION_FOR_LOAN_LOSS": "1,097,000", "Net Income from Continuing & Discontinued Operation": "412,000", "Normalized Income": "440,654", "Net Income from Continuing Operation Net Minority Interest": "412,000", "Total Unusual Items Excluding Goodwill": "-37,000", "Total Unusual Items": "-37,000", "Tax Rate for Calcs": "0", "Tax Effect of Unusual Items": "-8,346"}, "12/31/2020": {"Duration": "12/31/2020", "Total Revenue": "1,688,000", "Credit Losses Provision": "-155,000", "Non Interest Expense": "964,000", "Special Income Charges": "-37,000", "Pretax Income": "532,000", "Tax Provision": "120,000", "Net Income Common Stockholders": "412,000", "Diluted NI Available to Com Stockholders": "412,000", "Basic EPS": "-", "Diluted EPS": "-", "Basic Average Shares": "-", "Diluted Average Shares": "-", "INTEREST_INCOME_AFTER_PROVISION_FOR_LOAN_LOSS": "1,097,000", "Net Income from Continuing & Discontinued Operation": "412,000", "Normalized Income": "440,638", "Net Income from Continuing Operation Net Minority Interest": "412,000", "Total Unusual Items Excluding Goodwill": "-37,000", "Total Unusual Items": "-37,000", "Tax Rate for Calcs": "0", "Tax Effect of Unusual Items": "-8,362"}, "12/31/2019": {"Duration": "12/31/2019", "Total Revenue": "1,996,000", "Credit Losses Provision": "-258,000", "Non Interest Expense": "984,000", "Special Income Charges": "9,000", "Pretax Income": "763,000", "Tax Provision": "166,000", "Net Income Common Stockholders": "597,000", "Diluted NI Available to Com Stockholders": "597,000", "Basic EPS": "2.59", "Diluted EPS": "2.56", "Basic Average Shares": "230,502", "Diluted Average Shares": "233,000", "INTEREST_INCOME_AFTER_PROVISION_FOR_LOAN_LOSS": "927,000", "Net Income from Continuing & Discontinued Operation": "597,000", "Normalized Income": "589,971", "Net Income from Continuing Operation Net Minority Interest": "597,000", "Total Unusual Items Excluding Goodwill": "9,000", "Total Unusual Items": "9,000", "Tax Rate for Calcs": "0", "Tax Effect of Unusual Items": "1,971"}, "12/31/2018": {"Duration": "12/31/2018", "Total Revenue": "1,923,000", "Credit Losses Provision": "-370,000", "Non Interest Expense": "984,000", "Special Income Charges": "-41,000", "Pretax Income": "528,000", "Tax Provision": "133,000", "Net Income Common Stockholders": "395,000", "Diluted NI Available to Com Stockholders": "395,000", "Basic EPS": "1.52", "Diluted EPS": "1.49", "Basic Average Shares": "259,868", "Diluted Average Shares": "264,000", "INTEREST_INCOME_AFTER_PROVISION_FOR_LOAN_LOSS": "870,000", "Net Income from Continuing & Discontinued Operation": "395,000", "Normalized Income": "425,668", "Net Income from Continuing Operation Net Minority Interest": "395,000", "Total Unusual Items Excluding Goodwill": "-41,000", "Total Unusual Items": "-41,000", "Tax Rate for Calcs": "0", "Tax Effect of Unusual Items": "-10,332"}}, "bs": {"12/31/2020": {"Duration": "12/31/2020", "Total Assets": "87,412,000", "Total Liabilities Net Minority Interest": "84,965,000", "Total Equity Gross Minority Interest": "2,447,000", "Total Capitalization": "80,725,000", "Common Stock Equity": "2,433,000", "Net Tangible Assets": "1,698,000", "Invested Capital": "86,378,000", "Tangible Book Value": "1,698,000", "Total Debt": "83,945,000", "Net Debt": "82,762,000", "Share Issued": "454,000", "Ordinary Shares Number": "187,000", "Treasury Shares Number": "267,000"}, "12/31/2019": {"Duration": "12/31/2019", "Total Assets": "94,903,000", "Total Liabilities Net Minority Interest": "91,554,000", "Total Equity Gross Minority Interest": "3,349,000", "Total Capitalization": "87,243,000", "Common Stock Equity": "3,336,000", "Net Tangible Assets": "2,579,000", "Invested Capital": "93,534,000", "Tangible Book Value": "2,579,000", "Total Debt": "90,198,000", "Net Debt": "88,965,000", "Share Issued": "451,000", "Ordinary Shares Number": "215,000", "Treasury Shares Number": "236,000"}, "12/31/2018": {"Duration": "12/31/2018", "Total Assets": "104,176,000", "Total Liabilities Net Minority Interest": "100,629,000", "Total Equity Gross Minority Interest": "3,547,000", "Total Capitalization": "97,338,000", "Common Stock Equity": "3,519,000", "Net Tangible Assets": "2,733,000", "Invested Capital": "102,460,000", "Tangible Book Value": "2,733,000", "Total Debt": "98,941,000", "Net Debt": "97,655,000", "Share Issued": "445,000", "Ordinary Shares Number": "247,000", "Treasury Shares Number": "198,000"}}, "cf": {"TTM": {"Duration": "TTM", "Operating Cash Flow": "987,000", "Investing Cash Flow": "6,448,000", "Financing Cash Flow": "-7,679,000", "End Cash Position": "3,537,000", "Income Tax Paid Supplemental Data": "74,000", "Interest Paid Supplemental Data": "2,059,000", "Issuance of Debt": "8,641,000", "Repayment of Debt": "-15,605,000", "Repurchase of Capital Stock": "-400,000", "Free Cash Flow": "987,000"}, "12/31/2020": {"Duration": "12/31/2020", "Operating Cash Flow": "987,000", "Investing Cash Flow": "6,448,000", "Financing Cash Flow": "-7,679,000", "End Cash Position": "3,537,000", "Income Tax Paid Supplemental Data": "74,000", "Interest Paid Supplemental Data": "2,059,000", "Issuance of Debt": "8,641,000", "Repayment of Debt": "-15,605,000", "Repurchase of Capital Stock": "-400,000", "Free Cash Flow": "987,000"}, "12/31/2019": {"Duration": "12/31/2019", "Operating Cash Flow": "1,019,000", "Investing Cash Flow": "7,485,000", "Financing Cash Flow": "-9,985,000", "End Cash Position": "3,781,000", "Income Tax Paid Supplemental Data": "93,000", "Interest Paid Supplemental Data": "3,479,000", "Issuance of Debt": "7,919,000", "Repayment of Debt": "-17,128,000", "Repurchase of Capital Stock": "-440,000", "Free Cash Flow": "1,019,000"}, "12/31/2018": {"Duration": "12/31/2018", "Operating Cash Flow": "1,140,000", "Investing Cash Flow": "10,360,000", "Financing Cash Flow": "-10,884,000", "End Cash Position": "5,262,000", "Income Tax Paid Supplemental Data": "57,000", "Interest Paid Supplemental Data": "3,460,000", "Issuance of Debt": "9,501,000", "Repayment of Debt": "-19,837,000", "Repurchase of Capital Stock": "-220,000", "Free Cash Flow": "1,140,000"}}}}, {"TCAP": {"quote": {"03/26/2021": {"value": "", "Net Assets": "N/A", "Beta (5Y Monthly)": "N/A", "Yield": "N/A", "5y Average Return": "N/A", "Holdings Turnover": "N/A", "Last Dividend": "N/A", "Average for Category": "N/A", "Inception Date": "N/A"}}, "fin": {}, "bs": {}, "cf": {}}}, {"LC": {"quote": {"03/26/2021": {"value": "16.85", "Market Cap": "1.576B", "Beta (5Y Monthly)": "1.64", "PE Ratio (TTM)": "N/A", "EPS (TTM)": "-2.07", "Earnings Date": "May 03, 2021 - May 07, 2021", "Forward Dividend & Yield": "N/A (N/A)", "Ex-Dividend Date": "N/A", "1y Target Est": "14.80"}}, "fin": {"TTM": {"Duration": "TTM", "Total Revenue": "243,509", "Non Interest Expense": "431,126", "Special Income Charges": "0", "Pretax Income": "-187,617", "Tax Provision": "-79", "Net Income Common Stockholders": "-204,868", "Diluted NI Available to Com Stockholders": "-204,868", "Basic EPS": "-", "Diluted EPS": "-", "Basic Average Shares": "-", "Diluted Average Shares": "-", "INTEREST_INCOME_AFTER_PROVISION_FOR_LOAN_LOSS": "68,191", "Net Income from Continuing & Discontinued Operation": "-187,538", "Normalized Income": "-187,538", "Reconciled Depreciation": "54,029", "Net Income from Continuing Operation Net Minority Interest": "-187,538", "Total Unusual Items Excluding Goodwill": "0", "Total Unusual Items": "0", "Tax Rate for Calcs": "0", "Tax Effect of Unusual Items": "0"}, "12/31/2020": {"Duration": "12/31/2020", "Total Revenue": "243,509", "Non Interest Expense": "431,126", "Special Income Charges": "0", "Pretax Income": "-187,617", "Tax Provision": "-79", "Net Income Common Stockholders": "-204,868", "Diluted NI Available to Com Stockholders": "-204,868", "Basic EPS": "-2.63", "Diluted EPS": "-2.63", "Basic Average Shares": "77,934", "Diluted Average Shares": "77,934", "INTEREST_INCOME_AFTER_PROVISION_FOR_LOAN_LOSS": "68,191", "Net Income from Continuing & Discontinued Operation": "-187,538", "Normalized Income": "-187,538", "Reconciled Depreciation": "54,029", "Net Income from Continuing Operation Net Minority Interest": "-187,538", "Total Unusual Items Excluding Goodwill": "0", "Total Unusual Items": "0", "Tax Rate for Calcs": "0", "Tax Effect of Unusual Items": "0"}, "12/31/2019": {"Duration": "12/31/2019", "Total Revenue": "655,204", "Non Interest Expense": "686,095", "Special Income Charges": "0", "Pretax Income": "-30,891", "Tax Provision": "-201", "Net Income Common Stockholders": "-30,745", "Diluted NI Available to Com Stockholders": "-30,745", "Basic EPS": "-0.35", "Diluted EPS": "-0.35", "Basic Average Shares": "87,279", "Diluted Average Shares": "87,279", "INTEREST_INCOME_AFTER_PROVISION_FOR_LOAN_LOSS": "98,758", "Net Income from Continuing & Discontinued Operation": "-30,745", "Normalized Income": "-30,745", "Reconciled Depreciation": "59,152", "Net Income from Continuing Operation Net Minority Interest": "-30,745", "Total Unusual Items Excluding Goodwill": "0", "Total Unusual Items": "0", "Tax Rate for Calcs": "0", "Tax Effect of Unusual Items": "0"}, "12/31/2018": {"Duration": "12/31/2018", "Total Revenue": "595,436", "Non Interest Expense": "652,413", "Special Income Charges": "-71,133", "Pretax Income": "-128,110", "Tax Provision": "43", "Net Income Common Stockholders": "-128,308", "Diluted NI Available to Com Stockholders": "-128,308", "Basic EPS": "-1.50", "Diluted EPS": "-1.50", "Basic Average Shares": "84,583", "Diluted Average Shares": "84,583", "INTEREST_INCOME_AFTER_PROVISION_FOR_LOAN_LOSS": "101,857", "Net Income from Continuing & Discontinued Operation": "-128,308", "Normalized Income": "-76,381", "Reconciled Depreciation": "54,764", "Net Income from Continuing Operation Net Minority Interest": "-128,308", "Total Unusual Items Excluding Goodwill": "-71,133", "Total Unusual Items": "-71,133", "Tax Rate for Calcs": "0", "Tax Effect of Unusual Items": "-19,206"}}, "bs": {"12/31/2020": {"Duration": "12/31/2020", "Total Assets": "1,863,293", "Total Liabilities Net Minority Interest": "1,139,122", "Total Equity Gross Minority Interest": "724,171", "Total Capitalization": "1,513,753", "Common Stock Equity": "724,171", "Capital Lease Obligations": "94,538", "Net Tangible Assets": "712,744", "Invested Capital": "1,618,742", "Tangible Book Value": "712,744", "Total Debt": "989,109", "Net Debt": "369,608", "Share Issued": "88,150", "Ordinary Shares Number": "88,150", "Treasury Shares Number": "-"}, "12/31/2019": {"Duration": "12/31/2019", "Total Assets": "2,982,341", "Total Liabilities Net Minority Interest": "2,082,154", "Total Equity Gross Minority Interest": "900,187", "Total Capitalization": "2,022,263", "Common Stock Equity": "900,187", "Capital Lease Obligations": "112,344", "Net Tangible Assets": "885,638", "Invested Capital": "2,609,716", "Tangible Book Value": "885,638", "Total Debt": "1,821,873", "Net Debt": "1,465,750", "Share Issued": "89,219", "Ordinary Shares Number": "88,757", "Treasury Shares Number": "461.391"}, "12/31/2018": {"Duration": "12/31/2018", "Total Assets": "3,819,527", "Total Liabilities Net Minority Interest": "2,948,546", "Total Equity Gross Minority Interest": "870,981", "Total Capitalization": "3,031,430", "Common Stock Equity": "869,201", "Capital Lease Obligations": "-", "Net Tangible Assets": "851,153", "Invested Capital": "3,490,232", "Tangible Book Value": "851,153", "Total Debt": "2,621,031", "Net Debt": "2,248,057", "Share Issued": "86,385", "Ordinary Shares Number": "85,928", "Treasury Shares Number": "456.54"}}, "cf": {"TTM": {"Duration": "TTM", "Operating Cash Flow": "418,031", "Investing Cash Flow": "565,771", "Financing Cash Flow": "-842,439", "End Cash Position": "628,485", "Interest Paid Supplemental Data": "143,840", "Capital Expenditure": "-31,147", "Issuance of Capital Stock": "-", "Issuance of Debt": "1,696,446", "Repayment of Debt": "-2,479,733", "Repurchase of Capital Stock": "-", "Free Cash Flow": "386,884"}, "12/31/2020": {"Duration": "12/31/2020", "Operating Cash Flow": "418,031", "Investing Cash Flow": "565,771", "Financing Cash Flow": "-842,439", "End Cash Position": "628,485", "Interest Paid Supplemental Data": "143,840", "Capital Expenditure": "-31,147", "Issuance of Capital Stock": "-", "Issuance of Debt": "1,696,446", "Repayment of Debt": "-2,479,733", "Repurchase of Capital Stock": "-", "Free Cash Flow": "386,884"}, "12/31/2019": {"Duration": "12/31/2019", "Operating Cash Flow": "-270,644", "Investing Cash Flow": "653,768", "Financing Cash Flow": "-540,060", "End Cash Position": "487,122", "Interest Paid Supplemental Data": "254,585", "Capital Expenditure": "-50,668", "Issuance of Capital Stock": "2,411", "Issuance of Debt": "3,619,410", "Repayment of Debt": "-4,132,703", "Repurchase of Capital Stock": "0", "Free Cash Flow": "-321,312"}, "12/31/2018": {"Duration": "12/31/2018", "Operating Cash Flow": "-638,950", "Investing Cash Flow": "878,736", "Financing Cash Flow": "-240,017", "End Cash Position": "644,058", "Interest Paid Supplemental Data": "394,459", "Capital Expenditure": "-52,976", "Issuance of Capital Stock": "5,233", "Issuance of Debt": "3,338,159", "Repayment of Debt": "-3,561,423", "Repurchase of Capital Stock": "0", "Free Cash Flow": "-691,926"}}}}, {"RM": {"quote": {"03/26/2021": {"value": "35.71", "Market Cap": "388.039M", "Beta (5Y Monthly)": "1.49", "PE Ratio (TTM)": "14.88", "EPS (TTM)": "2.40", "Earnings Date": "May 04, 2021 - May 10, 2021", "Forward Dividend & Yield": "0.80 (2.36%)", "Ex-Dividend Date": "Feb 22, 2021", "1y Target Est": "36.00"}}, "fin": {"TTM": {"Duration": "TTM", "Total Revenue": "336,054", "Credit Losses Provision": "-123,810", "Non Interest Expense": "176,316", "Pretax Income": "35,928", "Tax Provision": "9,198", "Net Income Common Stockholders": "26,730", "Diluted NI Available to Com Stockholders": "26,730", "Basic EPS": "-", "Diluted EPS": "-", "Basic Average Shares": "-", "Diluted Average Shares": "-", "INTEREST_INCOME_AFTER_PROVISION_FOR_LOAN_LOSS": "173,553", "Net Income from Continuing & Discontinued Operation": "26,730", "Normalized Income": "26,730", "Reconciled Depreciation": "13,308", "Net Income from Continuing Operation Net Minority Interest": "26,730", "Tax Rate for Calcs": "0", "Tax Effect of Unusual Items": "0"}, "12/31/2020": {"Duration": "12/31/2020", "Total Revenue": "336,054", "Credit Losses Provision": "-123,810", "Non Interest Expense": "176,316", "Pretax Income": "35,928", "Tax Provision": "9,198", "Net Income Common Stockholders": "26,730", "Diluted NI Available to Com Stockholders": "26,730", "Basic EPS": "-", "Diluted EPS": "-", "Basic Average Shares": "-", "Diluted Average Shares": "-", "INTEREST_INCOME_AFTER_PROVISION_FOR_LOAN_LOSS": "173,553", "Net Income from Continuing & Discontinued Operation": "26,730", "Normalized Income": "26,730", "Reconciled Depreciation": "13,308", "Net Income from Continuing Operation Net Minority Interest": "26,730", "Tax Rate for Calcs": "0", "Tax Effect of Unusual Items": "0"}, "12/31/2019": {"Duration": "12/31/2019", "Total Revenue": "315,588", "Credit Losses Provision": "-99,611", "Non Interest Expense": "156,984", "Pretax Income": "58,993", "Tax Provision": "14,261", "Net Income Common Stockholders": "44,732", "Diluted NI Available to Com Stockholders": "44,732", "Basic EPS": "3.92", "Diluted EPS": "3.80", "Basic Average Shares": "11,401", "Diluted Average Shares": "11,773", "INTEREST_INCOME_AFTER_PROVISION_FOR_LOAN_LOSS": "181,433", "Net Income from Continuing & Discontinued Operation": "44,732", "Normalized Income": "44,732", "Reconciled Depreciation": "10,856", "Net Income from Continuing Operation Net Minority Interest": "44,732", "Tax Rate for Calcs": "0", "Tax Effect of Unusual Items": "0"}, "12/31/2018": {"Duration": "12/31/2018", "Total Revenue": "273,242", "Credit Losses Provision": "-87,056", "Non Interest Expense": "140,284", "Pretax Income": "45,902", "Tax Provision": "10,557", "Net Income Common Stockholders": "35,345", "Diluted NI Available to Com Stockholders": "35,345", "Basic EPS": "3.03", "Diluted EPS": "2.93", "Basic Average Shares": "11,655", "Diluted Average Shares": "12,078", "INTEREST_INCOME_AFTER_PROVISION_FOR_LOAN_LOSS": "159,601", "Net Income from Continuing & Discontinued Operation": "35,345", "Normalized Income": "35,345", "Reconciled Depreciation": "8,803", "Net Income from Continuing Operation Net Minority Interest": "35,345", "Tax Rate for Calcs": "0", "Tax Effect of Unusual Items": "0"}}, "bs": {"12/31/2020": {"Duration": "12/31/2020", "Total Assets": "1,103,856", "Total Liabilities Net Minority Interest": "831,733", "Total Equity Gross Minority Interest": "272,123", "Total Capitalization": "709,370", "Common Stock Equity": "272,123", "Capital Lease Obligations": "29,201", "Net Tangible Assets": "263,434", "Invested Capital": "1,034,371", "Tangible Book Value": "263,434", "Total Debt": "791,449", "Net Debt": "754,196", "Share Issued": "13,851", "Ordinary Shares Number": "10,932", "Treasury Shares Number": "2,919"}, "12/31/2019": {"Duration": "12/31/2019", "Total Assets": "1,158,540", "Total Liabilities Net Minority Interest": "855,757", "Total Equity Gross Minority Interest": "302,783", "Total Capitalization": "708,322", "Common Stock Equity": "302,783", "Capital Lease Obligations": "28,470", "Net Tangible Assets": "293,345", "Invested Capital": "1,101,394", "Tangible Book Value": "293,345", "Total Debt": "827,081", "Net Debt": "796,348", "Share Issued": "13,497", "Ordinary Shares Number": "11,013", "Treasury Shares Number": "2,484"}, "12/31/2018": {"Duration": "12/31/2018", "Total Assets": "956,395", "Total Liabilities Net Minority Interest": "677,234", "Total Equity Gross Minority Interest": "279,161", "Total Capitalization": "575,813", "Common Stock Equity": "279,161", "Capital Lease Obligations": "-", "Net Tangible Assets": "269,151", "Invested Capital": "930,510", "Tangible Book Value": "269,151", "Total Debt": "651,349", "Net Debt": "647,692", "Share Issued": "13,323", "Ordinary Shares Number": "11,777", "Treasury Shares Number": "1,546"}}, "cf": {"TTM": {"Duration": "TTM", "Operating Cash Flow": "172,582", "Investing Cash Flow": "-98,809", "Financing Cash Flow": "-58,324", "End Cash Position": "71,876", "Income Tax Paid Supplemental Data": "7,130", "Interest Paid Supplemental Data": "31,993", "Capital Expenditure": "-5,800", "Issuance of Debt": "39,251", "Repayment of Debt": "-69,277", "Repurchase of Capital Stock": "-12,014", "Free Cash Flow": "166,782"}, "12/31/2020": {"Duration": "12/31/2020", "Operating Cash Flow": "172,582", "Investing Cash Flow": "-98,809", "Financing Cash Flow": "-58,324", "End Cash Position": "71,876", "Income Tax Paid Supplemental Data": "7,130", "Interest Paid Supplemental Data": "31,993", "Capital Expenditure": "-5,800", "Issuance of Debt": "-", "Repayment of Debt": "-69,277", "Repurchase of Capital Stock": "-12,014", "Free Cash Flow": "166,782"}, "12/31/2019": {"Duration": "12/31/2019", "Operating Cash Flow": "165,062", "Investing Cash Flow": "-275,629", "Financing Cash Flow": "116,853", "End Cash Position": "56,427", "Income Tax Paid Supplemental Data": "14,695", "Interest Paid Supplemental Data": "35,478", "Capital Expenditure": "-7,407", "Issuance of Debt": "39,251", "Repayment of Debt": "-21,642", "Repurchase of Capital Stock": "-25,028", "Free Cash Flow": "157,655"}, "12/31/2018": {"Duration": "12/31/2018", "Operating Cash Flow": "146,285", "Investing Cash Flow": "-199,244", "Financing Cash Flow": "81,083", "End Cash Position": "50,141", "Income Tax Paid Supplemental Data": "3,600", "Interest Paid Supplemental Data": "30,127", "Capital Expenditure": "-6,798", "Issuance of Debt": "-", "Repayment of Debt": "-191,655", "Repurchase of Capital Stock": "0", "Free Cash Flow": "139,487"}}}}, {"CIT": {"quote": {"03/26/2021": {"value": "52.50", "Market Cap": "5.182B", "Beta (5Y Monthly)": "1.52", "PE Ratio (TTM)": "N/A", "EPS (TTM)": "-6.57", "Earnings Date": "Apr 19, 2021 - Apr 23, 2021", "Forward Dividend & Yield": "1.40 (2.77%)", "Ex-Dividend Date": "Feb 04, 2021", "1y Target Est": "39.33"}}, "fin": {"TTM": {"Duration": "TTM", "Total Revenue": "2,399,200", "Credit Losses Provision": "-800,300", "Non Interest Expense": "1,794,700", "Special Income Charges": "-507,600", "Pretax Income": "-703,400", "Tax Provision": "-88,100", "Net Income Common Stockholders": "-646,400", "Diluted NI Available to Com Stockholders": "-646,400", "Basic EPS": "-", "Diluted EPS": "-", "Basic Average Shares": "-", "Diluted Average Shares": "-", "INTEREST_INCOME_AFTER_PROVISION_FOR_LOAN_LOSS": "260,200", "Net Income from Continuing & Discontinued Operation": "-615,300", "Normalized Income": "-171,150", "Total Money Market Investments": "11,100", "Reconciled Depreciation": "327,400", "Net Income from Continuing Operation Net Minority Interest": "-615,300", "Total Unusual Items Excluding Goodwill": "-507,600", "Total Unusual Items": "-507,600", "Tax Rate for Calcs": "0", "Tax Effect of Unusual Items": "-63,450"}, "12/31/2020": {"Duration": "12/31/2020", "Total Revenue": "2,399,200", "Credit Losses Provision": "-800,300", "Non Interest Expense": "1,794,700", "Special Income Charges": "-507,600", "Pretax Income": "-703,400", "Tax Provision": "-88,100", "Net Income Common Stockholders": "-646,400", "Diluted NI Available to Com Stockholders": "-646,400", "Basic EPS": "-", "Diluted EPS": "-", "Basic Average Shares": "-", "Diluted Average Shares": "-", "INTEREST_INCOME_AFTER_PROVISION_FOR_LOAN_LOSS": "260,200", "Net Income from Continuing & Discontinued Operation": "-615,300", "Normalized Income": "-171,150", "Total Money Market Investments": "11,100", "Reconciled Depreciation": "327,400", "Net Income from Continuing Operation Net Minority Interest": "-615,300", "Total Unusual Items Excluding Goodwill": "-507,600", "Total Unusual Items": "-507,600", "Tax Rate for Calcs": "0", "Tax Effect of Unusual Items": "-63,450"}, "12/31/2019": {"Duration": "12/31/2019", "Total Revenue": "2,315,500", "Credit Losses Provision": "-110,800", "Non Interest Expense": "1,565,200", "Special Income Charges": "-15,600", "Pretax Income": "623,900", "Tax Provision": "94,500", "Net Income Common Stockholders": "511,000", "Diluted NI Available to Com Stockholders": "511,000", "Basic EPS": "5.30", "Diluted EPS": "5.27", "Basic Average Shares": "96,503", "Diluted Average Shares": "96,921", "INTEREST_INCOME_AFTER_PROVISION_FOR_LOAN_LOSS": "945,500", "Net Income from Continuing & Discontinued Operation": "529,900", "Normalized Income": "542,644", "Total Money Market Investments": "37,100", "Reconciled Depreciation": "308,600", "Net Income from Continuing Operation Net Minority Interest": "529,400", "Total Unusual Items Excluding Goodwill": "-15,600", "Total Unusual Items": "-15,600", "Tax Rate for Calcs": "0", "Tax Effect of Unusual Items": "-2,356"}, "12/31/2018": {"Duration": "12/31/2018", "Total Revenue": "2,458,100", "Credit Losses Provision": "-171,000", "Non Interest Expense": "1,611,500", "Special Income Charges": "-38,600", "Pretax Income": "637,000", "Tax Provision": "164,900", "Net Income Common Stockholders": "428,200", "Diluted NI Available to Com Stockholders": "428,200", "Basic EPS": "3.64", "Diluted EPS": "3.61", "Basic Average Shares": "117,653", "Diluted Average Shares": "118,777", "INTEREST_INCOME_AFTER_PROVISION_FOR_LOAN_LOSS": "891,100", "Net Income from Continuing & Discontinued Operation": "447,100", "Normalized Income": "500,703", "Total Money Market Investments": "42,300", "Reconciled Depreciation": "311,100", "Net Income from Continuing Operation Net Minority Interest": "472,100", "Total Unusual Items Excluding Goodwill": "-38,600", "Total Unusual Items": "-38,600", "Tax Rate for Calcs": "0", "Tax Effect of Unusual Items": "-9,997"}}, "bs": {"12/31/2020": {"Duration": "12/31/2020", "Total Assets": "58,106,600", "Total Liabilities Net Minority Interest": "52,383,700", "Total Equity Gross Minority Interest": "5,722,900", "Total Capitalization": "11,560,200", "Preferred Stock Equity": "525,000", "Common Stock Equity": "5,197,900", "Capital Lease Obligations": "249,900", "Net Tangible Assets": "5,588,000", "Invested Capital": "11,035,200", "Tangible Book Value": "5,063,000", "Total Debt": "6,087,200", "Net Debt": "1,867,300", "Share Issued": "163,310", "Ordinary Shares Number": "98,609", "Preferred Shares Number": "8,325", "Treasury Shares Number": "64,700"}, "12/31/2019": {"Duration": "12/31/2019", "Total Assets": "50,832,800", "Total Liabilities Net Minority Interest": "44,493,800", "Total Equity Gross Minority Interest": "6,339,000", "Total Capitalization": "12,812,400", "Preferred Stock Equity": "525,000", "Common Stock Equity": "5,814,000", "Capital Lease Obligations": "242,600", "Net Tangible Assets": "5,903,100", "Invested Capital": "12,287,400", "Tangible Book Value": "5,378,100", "Total Debt": "6,716,000", "Net Debt": "4,665,200", "Share Issued": "162,188", "Ordinary Shares Number": "94,743", "Preferred Shares Number": "8,325", "Treasury Shares Number": "67,446"}, "12/31/2018": {"Duration": "12/31/2018", "Total Assets": "48,537,400", "Total Liabilities Net Minority Interest": "42,590,800", "Total Equity Gross Minority Interest": "5,946,600", "Total Capitalization": "14,065,400", "Preferred Stock Equity": "325,000", "Common Stock Equity": "5,621,600", "Capital Lease Obligations": "-", "Net Tangible Assets": "5,487,500", "Invested Capital": "13,740,400", "Tangible Book Value": "5,162,500", "Total Debt": "8,118,800", "Net Debt": "6,351,200", "Share Issued": "161,073", "Ordinary Shares Number": "100,920", "Preferred Shares Number": "-", "Treasury Shares Number": "60,153"}}, "cf": {"TTM": {"Duration": "TTM", "Operating Cash Flow": "480,400", "Investing Cash Flow": "1,189,100", "Financing Cash Flow": "-345,700", "End Cash Position": "4,011,700", "Income Tax Paid Supplemental Data": "-", "Interest Paid Supplemental Data": "725,500", "Capital Expenditure": "-1,018,600", "Issuance of Capital Stock": "0", "Issuance of Debt": "2,207,500", "Repayment of Debt": "-3,129,100", "Repurchase of Capital Stock": "0", "Free Cash Flow": "-538,200"}, "12/31/2020": {"Duration": "12/31/2020", "Operating Cash Flow": "480,400", "Investing Cash Flow": "1,189,100", "Financing Cash Flow": "-345,700", "End Cash Position": "4,011,700", "Income Tax Paid Supplemental Data": "-", "Interest Paid Supplemental Data": "725,500", "Capital Expenditure": "-1,018,600", "Issuance of Capital Stock": "0", "Issuance of Debt": "2,207,500", "Repayment of Debt": "-3,129,100", "Repurchase of Capital Stock": "0", "Free Cash Flow": "-538,200"}, "12/31/2019": {"Duration": "12/31/2019", "Operating Cash Flow": "927,200", "Investing Cash Flow": "-1,947,200", "Financing Cash Flow": "1,908,100", "End Cash Position": "2,685,600", "Income Tax Paid Supplemental Data": "-", "Interest Paid Supplemental Data": "946,000", "Capital Expenditure": "-807,900", "Issuance of Capital Stock": "195,100", "Issuance of Debt": "2,694,300", "Repayment of Debt": "-4,365,100", "Repurchase of Capital Stock": "-340,900", "Free Cash Flow": "119,300"}, "12/31/2018": {"Duration": "12/31/2018", "Operating Cash Flow": "982,500", "Investing Cash Flow": "43,800", "Financing Cash Flow": "-942,100", "End Cash Position": "1,795,600", "Income Tax Paid Supplemental Data": "25,200", "Interest Paid Supplemental Data": "809,800", "Capital Expenditure": "-655,600", "Issuance of Capital Stock": "0", "Issuance of Debt": "4,608,900", "Repayment of Debt": "-5,395,900", "Repurchase of Capital Stock": "-1,626,700", "Free Cash Flow": "326,900"}}}}, {"IX": {"quote": {"03/26/2021": {"value": "91.38", "Market Cap": "22.05B", "Beta (5Y Monthly)": "1.18", "PE Ratio (TTM)": "12.39", "EPS (TTM)": "7.38", "Earnings Date": "N/A", "Forward Dividend & Yield": "3.35 (3.73%)", "Ex-Dividend Date": "Sep 28, 2020", "1y Target Est": "N/A"}}, "fin": {"TTM": {"Duration": "TTM", "Total Revenue": "1,340,965,000", "Credit Losses Provision": "-18,867,000", "Non Interest Expense": "1,077,421,000", "Income from Associates & Other Participating Interests": "15,775,000", "Special Income Charges": "26,167,000", "Other Non Operating Income Expenses": "-14,935,000", "Pretax Income": "271,684,000", "Tax Provision": "67,454,000", "Net Income Common Stockholders": "200,396,000", "Diluted NI Available to Com Stockholders": "200,396,000", "Basic EPS": "-", "Diluted EPS": "-", "Basic Average Shares": "-", "Diluted Average Shares": "-", "Rent Expense Supplemental": "294,482,000", "INTEREST_INCOME_AFTER_PROVISION_FOR_LOAN_LOSS": "167,654,000", "Net Income from Continuing & Discontinued Operation": "200,398,000", "Normalized Income": "134,476,010", "Reconciled Depreciation": "316,129,000", "Net Income from Continuing Operation Net Minority Interest": "200,398,000", "Total Unusual Items Excluding Goodwill": "87,695,000", "Total Unusual Items": "87,695,000", "Tax Rate for Calcs": "0", "Tax Effect of Unusual Items": "21,773,010"}, "3/31/2020": {"Duration": "3/31/2020", "Total Revenue": "1,331,302,000", "Credit Losses Provision": "-24,425,000", "Non Interest Expense": "1,019,228,000", "Income from Associates & Other Participating Interests": "67,924,000", "Special Income Charges": "71,913,000", "Other Non Operating Income Expenses": "-14,925,000", "Pretax Income": "412,561,000", "Tax Provision": "105,837,000", "Net Income Common Stockholders": "302,700,000", "Diluted NI Available to Com Stockholders": "302,700,000", "Basic EPS": "1.19k", "Diluted EPS": "1.19k", "Basic Average Shares": "255,033", "Diluted Average Shares": "255,264", "Rent Expense Supplemental": "289,604,000", "INTEREST_INCOME_AFTER_PROVISION_FOR_LOAN_LOSS": "153,301,000", "Net Income from Continuing & Discontinued Operation": "303,084,000", "Normalized Income": "210,583,772", "Reconciled Depreciation": "304,204,000", "Net Income from Continuing Operation Net Minority Interest": "303,084,000", "Total Unusual Items Excluding Goodwill": "124,418,000", "Total Unusual Items": "124,418,000", "Tax Rate for Calcs": "0", "Tax Effect of Unusual Items": "31,917,772"}, "3/31/2019": {"Duration": "3/31/2019", "Total Revenue": "1,296,564,000", "Credit Losses Provision": "-22,525,000", "Non Interest Expense": "940,882,000", "Income from Associates & Other Participating Interests": "32,978,000", "Special Income Charges": "30,896,000", "Other Non Operating Income Expenses": "-1,301,000", "Pretax Income": "395,730,000", "Tax Provision": "68,691,000", "Net Income Common Stockholders": "323,745,000", "Diluted NI Available to Com Stockholders": "323,745,000", "Basic EPS": "1.26k", "Diluted EPS": "1.26k", "Basic Average Shares": "256,004", "Diluted Average Shares": "256,225", "Rent Expense Supplemental": "257,321,000", "INTEREST_INCOME_AFTER_PROVISION_FOR_LOAN_LOSS": "127,031,000", "Net Income from Continuing & Discontinued Operation": "324,149,000", "Normalized Income": "248,283,687", "Reconciled Depreciation": "295,589,000", "Net Income from Continuing Operation Net Minority Interest": "324,149,000", "Total Unusual Items Excluding Goodwill": "91,800,000", "Total Unusual Items": "91,800,000", "Tax Rate for Calcs": "0", "Tax Effect of Unusual Items": "15,934,687"}, "3/31/2018": {"Duration": "3/31/2018", "Total Revenue": "1,298,405,000", "Credit Losses Provision": "-17,265,000", "Non Interest Expense": "938,991,000", "Income from Associates & Other Participating Interests": "50,103,000", "Special Income Charges": "43,678,000", "Other Non Operating Income Expenses": "-429,000", "Pretax Income": "435,501,000", "Tax Provision": "113,912,000", "Net Income Common Stockholders": "313,135,000", "Diluted NI Available to Com Stockholders": "313,135,000", "Basic EPS": "1.22k", "Diluted EPS": "1.22k", "Basic Average Shares": "256,248", "Diluted Average Shares": "256,510", "Rent Expense Supplemental": "252,327,000", "INTEREST_INCOME_AFTER_PROVISION_FOR_LOAN_LOSS": "120,024,000", "Net Income from Continuing & Discontinued Operation": "313,587,000", "Normalized Income": "225,550,090", "Reconciled Depreciation": "279,923,000", "Net Income from Continuing Operation Net Minority Interest": "313,587,000", "Total Unusual Items Excluding Goodwill": "119,221,000", "Total Unusual Items": "119,221,000", "Tax Rate for Calcs": "0", "Tax Effect of Unusual Items": "31,184,090"}}, "bs": {"3/31/2020": {"Duration": "3/31/2020", "Total Assets": "13,067,528,000", "Total Liabilities Net Minority Interest": "10,001,693,000", "Total Equity Gross Minority Interest": "3,065,835,000", "Total Capitalization": "7,272,962,000", "Common Stock Equity": "2,993,608,000", "Net Tangible Assets": "2,993,608,000", "Invested Capital": "7,609,794,000", "Tangible Book Value": "2,993,608,000", "Total Debt": "4,616,186,000", "Net Debt": "3,633,520,000", "Share Issued": "1,324,629", "Ordinary Shares Number": "1,254,472", "Treasury Shares Number": "70,157"}, "3/31/2019": {"Duration": "3/31/2019", "Total Assets": "12,174,917,000", "Total Liabilities Net Minority Interest": "9,221,716,000", "Total Equity Gross Minority Interest": "2,953,201,000", "Total Capitalization": "7,083,296,000", "Common Stock Equity": "2,897,074,000", "Net Tangible Assets": "2,897,074,000", "Invested Capital": "7,392,845,000", "Tangible Book Value": "2,897,074,000", "Total Debt": "4,495,771,000", "Net Debt": "3,334,739,000", "Share Issued": "1,324,629", "Ordinary Shares Number": "1,279,961", "Treasury Shares Number": "44,668"}, "3/31/2018": {"Duration": "3/31/2018", "Total Assets": "11,425,982,000", "Total Liabilities Net Minority Interest": "8,627,108,000", "Total Equity Gross Minority Interest": "2,798,874,000", "Total Capitalization": "6,508,928,000", "Common Stock Equity": "2,682,424,000", "Net Tangible Assets": "2,682,424,000", "Invested Capital": "6,815,682,000", "Tangible Book Value": "2,682,424,000", "Total Debt": "4,133,258,000", "Net Debt": "2,812,017,000", "Share Issued": "1,324,496", "Ordinary Shares Number": "1,280,001", "Treasury Shares Number": "44,495"}}, "cf": {"TTM": {"Duration": "TTM", "Operating Cash Flow": "1,077,834,000", "Investing Cash Flow": "-1,231,443,000", "Financing Cash Flow": "270,290,000", "End Cash Position": "1,137,290,000", "Capital Expenditure": "-762,621,000", "Issuance of Debt": "1,257,467,000", "Repayment of Debt": "-961,873,000", "Repurchase of Capital Stock": "-82,598,000", "Free Cash Flow": "315,213,000"}, "3/31/2020": {"Duration": "3/31/2020", "Operating Cash Flow": "1,042,466,000", "Investing Cash Flow": "-1,470,486,000", "Financing Cash Flow": "288,703,000", "End Cash Position": "1,135,284,000", "Capital Expenditure": "-992,911,000", "Issuance of Debt": "924,779,000", "Repayment of Debt": "-832,881,000", "Repurchase of Capital Stock": "-45,720,000", "Free Cash Flow": "49,555,000"}, "3/31/2019": {"Duration": "3/31/2019", "Operating Cash Flow": "587,678,000", "Investing Cash Flow": "-873,951,000", "Financing Cash Flow": "166,647,000", "End Cash Position": "1,283,580,000", "Capital Expenditure": "-1,060,294,000", "Issuance of Debt": "1,123,923,000", "Repayment of Debt": "-932,676,000", "Repurchase of Capital Stock": "-707,000", "Free Cash Flow": "-472,616,000"}, "3/31/2018": {"Duration": "3/31/2018", "Operating Cash Flow": "546,624,000", "Investing Cash Flow": "-411,578,000", "Financing Cash Flow": "143,582,000", "End Cash Position": "1,321,241,000", "Capital Expenditure": "-1,051,258,000", "Issuance of Debt": "1,488,259,000", "Repayment of Debt": "-1,396,531,000", "Repurchase of Capital Stock": "-39,110,000", "Free Cash Flow": "-504,634,000"}}}}, {"GDOT": {"quote": {"03/26/2021": {"value": "47.00", "Market Cap": "2.545B", "Beta (5Y Monthly)": "1.05", "PE Ratio (TTM)": "110.59", "EPS (TTM)": "0.43", "Earnings Date": "May 10, 2021 - May 14, 2021", "Forward Dividend & Yield": "N/A (N/A)", "Ex-Dividend Date": "N/A", "1y Target Est": "60.67"}}, "fin": {"TTM": {"Duration": "TTM", "Total Revenue": "1,253,760", "Cost of Revenue": "526,866", "Gross Profit": "726,894", "Operating Expense": "696,821", "Operating Income": "30,073", "Net Non Operating Interest Income Expense": "-761", "Other Income Expense": "-1,217", "Pretax Income": "28,095", "Tax Provision": "4,964", "Net Income Common Stockholders": "22,785", "Average Dilution Earnings": "8", "Diluted NI Available to Com Stockholders": "22,793", "Basic EPS": "-", "Diluted EPS": "-", "Basic Average Shares": "-", "Diluted Average Shares": "-", "Total Operating Income as Reported": "30,073", "Total Expenses": "1,223,687", "Net Income from Continuing & Discontinued Operation": "23,131", "Normalized Income": "23,131", "Interest Income": "-", "Interest Expense": "761", "Net Interest Income": "-761", "EBIT": "28,856", "EBITDA": "114,980", "Reconciled Cost of Revenue": "526,866", "Reconciled Depreciation": "86,124", "Net Income from Continuing Operation Net Minority Interest": "23,131", "Normalized EBITDA": "114,980", "Tax Rate for Calcs": "0", "Tax Effect of Unusual Items": "0"}, "12/31/2020": {"Duration": "12/31/2020", "Total Revenue": "1,253,760", "Cost of Revenue": "526,866", "Gross Profit": "726,894", "Operating Expense": "696,821", "Operating Income": "30,073", "Net Non Operating Interest Income Expense": "-761", "Other Income Expense": "-1,217", "Pretax Income": "28,095", "Tax Provision": "4,964", "Net Income Common Stockholders": "22,785", "Average Dilution Earnings": "8", "Diluted NI Available to Com Stockholders": "22,793", "Basic EPS": "-", "Diluted EPS": "-", "Basic Average Shares": "-", "Diluted Average Shares": "-", "Total Operating Income as Reported": "30,073", "Total Expenses": "1,223,687", "Net Income from Continuing & Discontinued Operation": "23,131", "Normalized Income": "23,131", "Interest Income": "-", "Interest Expense": "761", "Net Interest Income": "-761", "EBIT": "28,856", "EBITDA": "-", "Reconciled Cost of Revenue": "526,866", "Reconciled Depreciation": "86,124", "Net Income from Continuing Operation Net Minority Interest": "23,131", "Normalized EBITDA": "114,980", "Tax Rate for Calcs": "0", "Tax Effect of Unusual Items": "0"}, "12/31/2019": {"Duration": "12/31/2019", "Total Revenue": "1,108,595", "Cost of Revenue": "399,086", "Gross Profit": "709,509", "Operating Expense": "586,591", "Operating Income": "122,918", "Net Non Operating Interest Income Expense": "-1,837", "Other Income Expense": "-", "Pretax Income": "121,081", "Tax Provision": "21,184", "Net Income Common Stockholders": "99,897", "Average Dilution Earnings": "-", "Diluted NI Available to Com Stockholders": "99,897", "Basic EPS": "1.91", "Diluted EPS": "1.88", "Basic Average Shares": "52,195", "Diluted Average Shares": "53,138", "Total Operating Income as Reported": "122,918", "Total Expenses": "985,677", "Net Income from Continuing & Discontinued Operation": "99,897", "Normalized Income": "99,897", "Interest Income": "-", "Interest Expense": "1,837", "Net Interest Income": "-1,837", "EBIT": "122,918", "EBITDA": "-", "Reconciled Cost of Revenue": "399,086", "Reconciled Depreciation": "82,105", "Net Income from Continuing Operation Net Minority Interest": "99,897", "Normalized EBITDA": "205,023", "Tax Rate for Calcs": "0", "Tax Effect of Unusual Items": "0"}, "12/31/2018": {"Duration": "12/31/2018", "Total Revenue": "1,041,758", "Cost of Revenue": "402,787", "Gross Profit": "638,971", "Operating Expense": "532,373", "Operating Income": "106,598", "Net Non Operating Interest Income Expense": "17,219", "Other Income Expense": "-", "Pretax Income": "123,817", "Tax Provision": "5,114", "Net Income Common Stockholders": "118,703", "Average Dilution Earnings": "0", "Diluted NI Available to Com Stockholders": "118,703", "Basic EPS": "2.27", "Diluted EPS": "2.18", "Basic Average Shares": "52,222", "Diluted Average Shares": "54,481", "Total Operating Income as Reported": "106,598", "Total Expenses": "935,160", "Net Income from Continuing & Discontinued Operation": "118,703", "Normalized Income": "118,703", "Interest Income": "23,701", "Interest Expense": "6,482", "Net Interest Income": "17,219", "EBIT": "130,299", "EBITDA": "-", "Reconciled Cost of Revenue": "402,787", "Reconciled Depreciation": "71,342", "Net Income from Continuing Operation Net Minority Interest": "118,703", "Normalized EBITDA": "201,641", "Tax Rate for Calcs": "0", "Tax Effect of Unusual Items": "0"}}, "bs": {"12/31/2020": {"Duration": "12/31/2020", "Total Assets": "4,115,267", "Total Liabilities Net Minority Interest": "3,105,435", "Total Equity Gross Minority Interest": "1,009,832", "Total Capitalization": "1,009,832", "Common Stock Equity": "1,009,832", "Capital Lease Obligations": "24,571", "Net Tangible Assets": "518,054", "Working Capital": "-664,149", "Invested Capital": "1,010,067", "Tangible Book Value": "518,054", "Total Debt": "24,806", "Share Issued": "54,034", "Ordinary Shares Number": "54,034"}, "12/31/2019": {"Duration": "12/31/2019", "Total Assets": "2,460,590", "Total Liabilities Net Minority Interest": "1,533,234", "Total Equity Gross Minority Interest": "927,356", "Total Capitalization": "927,356", "Common Stock Equity": "927,356", "Capital Lease Obligations": "33,209", "Net Tangible Assets": "406,362", "Working Capital": "-38,142", "Invested Capital": "962,736", "Tangible Book Value": "406,362", "Total Debt": "68,589", "Share Issued": "51,807", "Ordinary Shares Number": "51,807"}, "12/31/2018": {"Duration": "12/31/2018", "Total Assets": "2,287,118", "Total Liabilities Net Minority Interest": "1,377,306", "Total Equity Gross Minority Interest": "909,812", "Total Capitalization": "909,812", "Common Stock Equity": "909,812", "Capital Lease Obligations": "-", "Net Tangible Assets": "358,696", "Working Capital": "38,620", "Invested Capital": "970,198", "Tangible Book Value": "358,696", "Total Debt": "60,386", "Share Issued": "52,917", "Ordinary Shares Number": "52,917"}}, "cf": {"TTM": {"Duration": "TTM", "Operating Cash Flow": "209,178", "Investing Cash Flow": "-785,832", "Financing Cash Flow": "1,007,201", "End Cash Position": "1,496,701", "Income Tax Paid Supplemental Data": "10,618", "Interest Paid Supplemental Data": "926", "Capital Expenditure": "-59,035", "Issuance of Debt": "100,000", "Repayment of Debt": "-135,000", "Repurchase of Capital Stock": "0", "Free Cash Flow": "150,143"}, "12/31/2020": {"Duration": "12/31/2020", "Operating Cash Flow": "209,178", "Investing Cash Flow": "-785,832", "Financing Cash Flow": "1,007,201", "End Cash Position": "1,496,701", "Income Tax Paid Supplemental Data": "10,618", "Interest Paid Supplemental Data": "926", "Capital Expenditure": "-59,035", "Issuance of Debt": "100,000", "Repayment of Debt": "-135,000", "Repurchase of Capital Stock": "0", "Free Cash Flow": "150,143"}, "12/31/2019": {"Duration": "12/31/2019", "Operating Cash Flow": "189,914", "Investing Cash Flow": "-153,853", "Financing Cash Flow": "-65,125", "End Cash Position": "1,066,154", "Income Tax Paid Supplemental Data": "1,921", "Interest Paid Supplemental Data": "2,452", "Capital Expenditure": "-78,214", "Issuance of Debt": "35,000", "Repayment of Debt": "-60,000", "Repurchase of Capital Stock": "-100,000", "Free Cash Flow": "111,700"}, "12/31/2018": {"Duration": "12/31/2018", "Operating Cash Flow": "251,051", "Investing Cash Flow": "-114,967", "Financing Cash Flow": "-50,961", "End Cash Position": "1,095,218", "Income Tax Paid Supplemental Data": "6,233", "Interest Paid Supplemental Data": "4,888", "Capital Expenditure": "-61,030", "Issuance of Debt": "0", "Repayment of Debt": "-22,500", "Repurchase of Capital Stock": "0", "Free Cash Flow": "190,021"}}}}, {"PHH": {"quote": {"03/26/2021": {"value": "", "Net Assets": "N/A", "Beta (5Y Monthly)": "N/A", "Yield": "N/A", "5y Average Return": "N/A", "Holdings Turnover": "N/A", "Last Dividend": "N/A", "Average for Category": "N/A", "Inception Date": "N/A"}}, "fin": {}, "bs": {}, "cf": {}}}, {"FCFS": {"quote": {"03/26/2021": {"value": "68.46", "Market Cap": "2.809B", "Beta (5Y Monthly)": "0.80", "PE Ratio (TTM)": "26.74", "EPS (TTM)": "2.56", "Earnings Date": "Apr 21, 2021", "Forward Dividend & Yield": "1.08 (1.61%)", "Ex-Dividend Date": "Feb 11, 2021", "1y Target Est": "69.67"}}, "fin": {"TTM": {"Duration": "TTM", "Total Revenue": "1,631,284", "Cost of Revenue": "720,145", "Gross Profit": "911,139", "Operating Expense": "715,194", "Operating Income": "195,945", "Net Non Operating Interest Income Expense": "-27,804", "Other Income Expense": "-24,442", "Pretax Income": "143,699", "Tax Provision": "37,120", "Net Income Common Stockholders": "106,579", "Diluted NI Available to Com Stockholders": "106,579", "Basic EPS": "-", "Diluted EPS": "-", "Basic Average Shares": "-", "Diluted Average Shares": "-", "Total Expenses": "1,435,339", "Net Income from Continuing & Discontinued Operation": "106,579", "Normalized Income": "124,715", "Interest Income": "1,540", "Interest Expense": "29,344", "Net Interest Income": "-27,804", "EBIT": "173,043", "EBITDA": "215,148", "Reconciled Cost of Revenue": "720,145", "Reconciled Depreciation": "42,105", "Net Income from Continuing Operation Net Minority Interest": "106,579", "Total Unusual Items Excluding Goodwill": "-24,442", "Total Unusual Items": "-24,442", "Normalized EBITDA": "239,590", "Tax Rate for Calcs": "0", "Tax Effect of Unusual Items": "-6,306"}, "12/31/2020": {"Duration": "12/31/2020", "Total Revenue": "1,631,284", "Cost of Revenue": "720,145", "Gross Profit": "911,139", "Operating Expense": "715,194", "Operating Income": "195,945", "Net Non Operating Interest Income Expense": "-27,804", "Other Income Expense": "-24,442", "Pretax Income": "143,699", "Tax Provision": "37,120", "Net Income Common Stockholders": "106,579", "Diluted NI Available to Com Stockholders": "106,579", "Basic EPS": "2.57", "Diluted EPS": "2.56", "Basic Average Shares": "41,502", "Diluted Average Shares": "41,600", "Total Expenses": "1,435,339", "Net Income from Continuing & Discontinued Operation": "106,579", "Normalized Income": "124,715", "Interest Income": "1,540", "Interest Expense": "29,344", "Net Interest Income": "-27,804", "EBIT": "173,043", "EBITDA": "-", "Reconciled Cost of Revenue": "720,145", "Reconciled Depreciation": "42,105", "Net Income from Continuing Operation Net Minority Interest": "106,579", "Total Unusual Items Excluding Goodwill": "-24,442", "Total Unusual Items": "-24,442", "Normalized EBITDA": "239,590", "Tax Rate for Calcs": "0", "Tax Effect of Unusual Items": "-6,306"}, "12/31/2019": {"Duration": "12/31/2019", "Total Revenue": "1,864,439", "Cost of Revenue": "846,092", "Gross Profit": "1,018,347", "Operating Expense": "759,777", "Operating Income": "258,570", "Net Non Operating Interest Income Expense": "-32,980", "Other Income Expense": "-979", "Pretax Income": "224,611", "Tax Provision": "59,993", "Net Income Common Stockholders": "164,618", "Diluted NI Available to Com Stockholders": "164,618", "Basic EPS": "3.83", "Diluted EPS": "3.81", "Basic Average Shares": "43,020", "Diluted Average Shares": "43,208", "Total Expenses": "1,605,869", "Net Income from Continuing & Discontinued Operation": "164,618", "Normalized Income": "165,336", "Interest Income": "1,055", "Interest Expense": "34,035", "Net Interest Income": "-32,980", "EBIT": "258,646", "EBITDA": "-", "Reconciled Cost of Revenue": "846,092", "Reconciled Depreciation": "41,904", "Net Income from Continuing Operation Net Minority Interest": "164,618", "Total Unusual Items Excluding Goodwill": "-979", "Total Unusual Items": "-979", "Normalized EBITDA": "301,529", "Tax Rate for Calcs": "0", "Tax Effect of Unusual Items": "-261.393"}, "12/31/2018": {"Duration": "12/31/2018", "Total Revenue": "1,780,858", "Cost of Revenue": "814,091", "Gross Profit": "966,767", "Operating Expense": "726,324", "Operating Income": "240,443", "Net Non Operating Interest Income Expense": "-26,729", "Other Income Expense": "-8,405", "Pretax Income": "205,309", "Tax Provision": "52,103", "Net Income Common Stockholders": "153,206", "Diluted NI Available to Com Stockholders": "153,206", "Basic EPS": "3.42", "Diluted EPS": "3.41", "Basic Average Shares": "44,777", "Diluted Average Shares": "44,884", "Total Expenses": "1,540,415", "Net Income from Continuing & Discontinued Operation": "153,206", "Normalized Income": "159,476", "Interest Income": "2,444", "Interest Expense": "29,173", "Net Interest Income": "-26,729", "EBIT": "234,482", "EBITDA": "-", "Reconciled Cost of Revenue": "814,091", "Reconciled Depreciation": "42,961", "Net Income from Continuing Operation Net Minority Interest": "153,206", "Total Unusual Items Excluding Goodwill": "-8,405", "Total Unusual Items": "-8,405", "Normalized EBITDA": "285,848", "Tax Rate for Calcs": "0", "Tax Effect of Unusual Items": "-2,135"}}, "bs": {"12/31/2020": {"Duration": "12/31/2020", "Total Assets": "2,372,197", "Total Liabilities Net Minority Interest": "1,088,382", "Total Equity Gross Minority Interest": "1,283,815", "Total Capitalization": "1,899,731", "Common Stock Equity": "1,283,815", "Capital Lease Obligations": "283,509", "Net Tangible Assets": "222,783", "Working Capital": "418,159", "Invested Capital": "1,899,731", "Tangible Book Value": "222,783", "Total Debt": "899,425", "Net Debt": "550,066", "Share Issued": "49,276", "Ordinary Shares Number": "41,038", "Treasury Shares Number": "8,238"}, "12/31/2019": {"Duration": "12/31/2019", "Total Assets": "2,439,440", "Total Liabilities Net Minority Interest": "1,089,405", "Total Equity Gross Minority Interest": "1,350,035", "Total Capitalization": "1,981,603", "Common Stock Equity": "1,350,035", "Capital Lease Obligations": "279,970", "Net Tangible Assets": "315,517", "Working Capital": "538,087", "Invested Capital": "1,981,603", "Tangible Book Value": "315,517", "Total Debt": "911,538", "Net Debt": "585,041", "Share Issued": "49,276", "Ordinary Shares Number": "42,329", "Treasury Shares Number": "6,947"}, "12/31/2018": {"Duration": "12/31/2018", "Total Assets": "2,107,974", "Total Liabilities Net Minority Interest": "789,870", "Total Equity Gross Minority Interest": "1,318,104", "Total Capitalization": "1,908,991", "Common Stock Equity": "1,318,104", "Capital Lease Obligations": "-", "Net Tangible Assets": "312,545", "Working Capital": "656,847", "Invested Capital": "1,908,991", "Tangible Book Value": "312,545", "Total Debt": "590,887", "Net Debt": "519,094", "Share Issued": "49,276", "Ordinary Shares Number": "43,603", "Treasury Shares Number": "5,673"}}, "cf": {"TTM": {"Duration": "TTM", "Operating Cash Flow": "222,264", "Investing Cash Flow": "-20,352", "Financing Cash Flow": "-186,502", "End Cash Position": "65,850", "Income Tax Paid Supplemental Data": "34,186", "Interest Paid Supplemental Data": "21,033", "Capital Expenditure": "-83,045", "Issuance of Debt": "854,425", "Repayment of Debt": "-878,714", "Repurchase of Capital Stock": "-106,970", "Free Cash Flow": "139,219"}, "12/31/2020": {"Duration": "12/31/2020", "Operating Cash Flow": "222,264", "Investing Cash Flow": "-20,352", "Financing Cash Flow": "-186,502", "End Cash Position": "65,850", "Income Tax Paid Supplemental Data": "34,186", "Interest Paid Supplemental Data": "21,033", "Capital Expenditure": "-83,045", "Issuance of Debt": "854,425", "Repayment of Debt": "-878,714", "Repurchase of Capital Stock": "-106,970", "Free Cash Flow": "139,219"}, "12/31/2019": {"Duration": "12/31/2019", "Operating Cash Flow": "231,596", "Investing Cash Flow": "-137,053", "Financing Cash Flow": "-120,806", "End Cash Position": "46,527", "Income Tax Paid Supplemental Data": "48,867", "Interest Paid Supplemental Data": "32,680", "Capital Expenditure": "-118,972", "Issuance of Debt": "257,000", "Repayment of Debt": "-217,000", "Repurchase of Capital Stock": "-116,105", "Free Cash Flow": "112,624"}, "12/31/2018": {"Duration": "12/31/2018", "Operating Cash Flow": "243,429", "Investing Cash Flow": "-159,247", "Financing Cash Flow": "-127,061", "End Cash Position": "71,793", "Income Tax Paid Supplemental Data": "29,597", "Interest Paid Supplemental Data": "27,121", "Capital Expenditure": "-55,673", "Issuance of Debt": "416,000", "Repayment of Debt": "-228,000", "Repurchase of Capital Stock": "-273,660", "Free Cash Flow": "187,756"}}}}, {"CPSS": {"quote": {"03/26/2021": {"value": "4.1400", "Market Cap": "94.24M", "Beta (5Y Monthly)": "2.57", "PE Ratio (TTM)": "4.60", "EPS (TTM)": "0.9000", "Earnings Date": "Apr 14, 2021 - Apr 19, 2021", "Forward Dividend & Yield": "N/A (N/A)", "Ex-Dividend Date": "N/A", "1y Target Est": "4.67"}}, "fin": {"TTM": {"Duration": "TTM", "Total Revenue": "169,075", "Credit Losses Provision": "-14,113", "Non Interest Expense": "134,842", "Other Non Operating Income Expenses": "-", "Pretax Income": "20,120", "Tax Provision": "-1,557", "Net Income Common Stockholders": "21,677", "Diluted NI Available to Com Stockholders": "21,677", "Basic EPS": "-", "Diluted EPS": "-", "Basic Average Shares": "-", "Diluted Average Shares": "-", "INTEREST_INCOME_AFTER_PROVISION_FOR_LOAN_LOSS": "179,531", "Net Income from Continuing & Discontinued Operation": "21,677", "Normalized Income": "21,677", "Reconciled Depreciation": "1,784", "Net Income from Continuing Operation Net Minority Interest": "21,677", "Tax Rate for Calcs": "0", "Tax Effect of Unusual Items": "0"}, "12/31/2020": {"Duration": "12/31/2020", "Total Revenue": "169,075", "Credit Losses Provision": "-14,113", "Non Interest Expense": "134,842", "Other Non Operating Income Expenses": "-", "Pretax Income": "20,120", "Tax Provision": "-1,557", "Net Income Common Stockholders": "21,677", "Diluted NI Available to Com Stockholders": "21,677", "Basic EPS": "-", "Diluted EPS": "-", "Basic Average Shares": "-", "Diluted Average Shares": "-", "INTEREST_INCOME_AFTER_PROVISION_FOR_LOAN_LOSS": "179,531", "Net Income from Continuing & Discontinued Operation": "21,677", "Normalized Income": "21,677", "Reconciled Depreciation": "1,784", "Net Income from Continuing Operation Net Minority Interest": "21,677", "Tax Rate for Calcs": "0", "Tax Effect of Unusual Items": "0"}, "12/31/2019": {"Duration": "12/31/2019", "Total Revenue": "234,033", "Credit Losses Provision": "-85,773", "Non Interest Expense": "139,098", "Other Non Operating Income Expenses": "-26,456", "Pretax Income": "9,162", "Tax Provision": "3,756", "Net Income Common Stockholders": "5,406", "Diluted NI Available to Com Stockholders": "5,406", "Basic EPS": "0.24", "Diluted EPS": "0.22", "Basic Average Shares": "22,416", "Diluted Average Shares": "24,064", "INTEREST_INCOME_AFTER_PROVISION_FOR_LOAN_LOSS": "140,795", "Net Income from Continuing & Discontinued Operation": "5,406", "Normalized Income": "5,406", "Reconciled Depreciation": "1,076", "Net Income from Continuing Operation Net Minority Interest": "5,406", "Tax Rate for Calcs": "0", "Tax Effect of Unusual Items": "0"}, "12/31/2018": {"Duration": "12/31/2018", "Total Revenue": "287,422", "Credit Losses Provision": "-133,080", "Non Interest Expense": "135,639", "Other Non Operating Income Expenses": "-26,171", "Pretax Income": "18,703", "Tax Provision": "3,841", "Net Income Common Stockholders": "14,862", "Diluted NI Available to Com Stockholders": "14,862", "Basic EPS": "0.68", "Diluted EPS": "0.59", "Basic Average Shares": "21,989", "Diluted Average Shares": "24,988", "INTEREST_INCOME_AFTER_PROVISION_FOR_LOAN_LOSS": "145,751", "Net Income from Continuing & Discontinued Operation": "14,862", "Normalized Income": "14,862", "Reconciled Depreciation": "992", "Net Income from Continuing Operation Net Minority Interest": "14,862", "Tax Rate for Calcs": "0", "Tax Effect of Unusual Items": "0"}}, "bs": {"12/31/2020": {"Duration": "12/31/2020", "Total Assets": "2,145,895", "Total Liabilities Net Minority Interest": "2,012,533", "Total Equity Gross Minority Interest": "133,362", "Total Capitalization": "1,983,784", "Preferred Stock Equity": "72,926", "Common Stock Equity": "60,436", "Net Tangible Assets": "133,362", "Invested Capital": "2,029,857", "Tangible Book Value": "60,436", "Total Debt": "1,969,421", "Net Debt": "1,955,955", "Share Issued": "22,737", "Ordinary Shares Number": "22,737"}, "12/31/2019": {"Duration": "12/31/2019", "Total Assets": "2,539,249", "Total Liabilities Net Minority Interest": "2,336,608", "Total Equity Gross Minority Interest": "202,641", "Total Capitalization": "2,357,381", "Preferred Stock Equity": "71,257", "Common Stock Equity": "131,384", "Net Tangible Assets": "202,641", "Invested Capital": "2,420,915", "Tangible Book Value": "131,384", "Total Debt": "2,289,531", "Net Debt": "2,284,236", "Share Issued": "22,531", "Ordinary Shares Number": "22,531"}, "12/31/2018": {"Duration": "12/31/2018", "Total Assets": "2,485,680", "Total Liabilities Net Minority Interest": "2,288,562", "Total Equity Gross Minority Interest": "197,118", "Total Capitalization": "2,317,141", "Preferred Stock Equity": "-", "Common Stock Equity": "197,118", "Net Tangible Assets": "197,118", "Invested Capital": "2,453,988", "Tangible Book Value": "197,118", "Total Debt": "2,256,870", "Net Debt": "2,244,083", "Share Issued": "22,422", "Ordinary Shares Number": "22,422"}}, "cf": {"TTM": {"Duration": "TTM", "Operating Cash Flow": "238,767", "Investing Cash Flow": "93,031", "Financing Cash Flow": "-328,478", "End Cash Position": "144,152", "Income Tax Paid Supplemental Data": "-", "Interest Paid Supplemental Data": "93,571", "Capital Expenditure": "-24", "Issuance of Debt": "706,869", "Repayment of Debt": "-1,029,220", "Repurchase of Capital Stock": "-1,215", "Free Cash Flow": "238,743"}, "12/31/2020": {"Duration": "12/31/2020", "Operating Cash Flow": "238,767", "Investing Cash Flow": "93,031", "Financing Cash Flow": "-328,478", "End Cash Position": "144,152", "Income Tax Paid Supplemental Data": "-", "Interest Paid Supplemental Data": "93,571", "Capital Expenditure": "-24", "Issuance of Debt": "706,869", "Repayment of Debt": "-1,029,220", "Repurchase of Capital Stock": "-1,215", "Free Cash Flow": "238,743"}, "12/31/2019": {"Duration": "12/31/2019", "Operating Cash Flow": "216,784", "Investing Cash Flow": "-229,354", "Financing Cash Flow": "23,292", "End Cash Position": "140,832", "Income Tax Paid Supplemental Data": "-", "Interest Paid Supplemental Data": "101,812", "Capital Expenditure": "-751", "Issuance of Debt": "1,006,265", "Repayment of Debt": "-972,964", "Repurchase of Capital Stock": "-1,440", "Free Cash Flow": "216,033"}, "12/31/2018": {"Duration": "12/31/2018", "Operating Cash Flow": "216,205", "Investing Cash Flow": "-242,195", "Financing Cash Flow": "31,404", "End Cash Position": "130,110", "Income Tax Paid Supplemental Data": "417", "Interest Paid Supplemental Data": "92,405", "Capital Expenditure": "-1,077", "Issuance of Debt": "859,003", "Repayment of Debt": "-838,545", "Repurchase of Capital Stock": "-5,307", "Free Cash Flow": "215,128"}}}}, {"SNFCA": {"quote": {"03/26/2021": {"value": "9.40", "Market Cap": "180.133M", "Beta (5Y Monthly)": "0.81", "PE Ratio (TTM)": "3.35", "EPS (TTM)": "2.81", "Earnings Date": "Nov 16, 2020", "Forward Dividend & Yield": "N/A (N/A)", "Ex-Dividend Date": "N/A", "1y Target Est": "N/A"}}, "fin": {"TTM": {"Duration": "TTM", "Total Revenue": "422,218", "Total Expenses": "352,837", "Pretax Income": "69,380", "Tax Provision": "16,228", "Net Income Common Stockholders": "53,152", "Diluted NI Available to Com Stockholders": "53,152", "Basic EPS": "-", "Diluted EPS": "-", "Basic Average Shares": "-", "Diluted Average Shares": "-", "Net Income from Continuing & Discontinued Operation": "53,152", "Normalized Income": "53,152", "Rent Expense Supplemental": "6,752", "EBIT": "77,477", "Reconciled Depreciation": "1,967", "Net Income from Continuing Operation Net Minority Interest": "53,152", "Tax Rate for Calcs": "0", "Tax Effect of Unusual Items": "0", "Interest Expense": "8,097"}, "12/31/2019": {"Duration": "12/31/2019", "Total Revenue": "283,061", "Total Expenses": "269,117", "Pretax Income": "13,944", "Tax Provision": "3,050", "Net Income Common Stockholders": "10,894", "Diluted NI Available to Com Stockholders": "10,894", "Basic EPS": "0.56", "Diluted EPS": "0.56", "Basic Average Shares": "19,485", "Diluted Average Shares": "19,619", "Net Income from Continuing & Discontinued Operation": "10,894", "Normalized Income": "10,894", "Rent Expense Supplemental": "7,055", "EBIT": "21,331", "Reconciled Depreciation": "12,239", "Net Income from Continuing Operation Net Minority Interest": "10,894", "Tax Rate for Calcs": "0", "Tax Effect of Unusual Items": "0", "Interest Expense": "7,387"}, "12/31/2018": {"Duration": "12/31/2018", "Total Revenue": "279,619", "Total Expenses": "253,438", "Pretax Income": "26,180", "Tax Provision": "4,494", "Net Income Common Stockholders": "21,686", "Diluted NI Available to Com Stockholders": "21,686", "Basic EPS": "1.12", "Diluted EPS": "1.11", "Basic Average Shares": "19,330", "Diluted Average Shares": "19,567", "Net Income from Continuing & Discontinued Operation": "21,686", "Normalized Income": "21,686", "Rent Expense Supplemental": "7,605", "EBIT": "33,137", "Reconciled Depreciation": "10,739", "Net Income from Continuing Operation Net Minority Interest": "21,686", "Tax Rate for Calcs": "0", "Tax Effect of Unusual Items": "0", "Interest Expense": "6,957"}}, "bs": {"12/31/2019": {"Duration": "12/31/2019", "Total Assets": "1,334,444", "Total Liabilities Net Minority Interest": "1,137,733", "Total Equity Gross Minority Interest": "196,711", "Total Capitalization": "412,880", "Common Stock Equity": "196,711", "Capital Lease Obligations": "153.439", "Net Tangible Assets": "164,757", "Invested Capital": "414,130", "Tangible Book Value": "164,757", "Total Debt": "217,573", "Net Debt": "89,664", "Share Issued": "20,028", "Ordinary Shares Number": "19,499", "Treasury Shares Number": "528.248"}, "12/31/2018": {"Duration": "12/31/2018", "Total Assets": "1,050,811", "Total Liabilities Net Minority Interest": "879,000", "Total Equity Gross Minority Interest": "171,811", "Total Capitalization": "312,082", "Common Stock Equity": "171,811", "Capital Lease Obligations": "-", "Net Tangible Assets": "142,408", "Invested Capital": "359,332", "Tangible Book Value": "142,408", "Total Debt": "187,521", "Net Debt": "45,321", "Share Issued": "18,833", "Ordinary Shares Number": "18,507", "Treasury Shares Number": "325.609"}}, "cf": {"TTM": {"Duration": "TTM", "Operating Cash Flow": "-177,325", "Investing Cash Flow": "49,325", "Financing Cash Flow": "156,290", "End Cash Position": "161,476", "Income Tax Paid Supplemental Data": "6,506", "Interest Paid Supplemental Data": "7,909", "Capital Expenditure": "-2,019", "Issuance of Debt": "376,979", "Repayment of Debt": "-213,244", "Repurchase of Capital Stock": "-1,800", "Free Cash Flow": "-179,344"}, "12/31/2019": {"Duration": "12/31/2019", "Operating Cash Flow": "-75,602", "Investing Cash Flow": "38,100", "Financing Cash Flow": "24,302", "End Cash Position": "137,736", "Income Tax Paid Supplemental Data": "4,861", "Interest Paid Supplemental Data": "7,284", "Capital Expenditure": "-1,839", "Issuance of Debt": "196,610", "Repayment of Debt": "-166,862", "Repurchase of Capital Stock": "-1,540", "Free Cash Flow": "-77,441"}, "12/31/2018": {"Duration": "12/31/2018", "Operating Cash Flow": "7,009", "Investing Cash Flow": "63,306", "Financing Cash Flow": "26,119", "End Cash Position": "150,937", "Income Tax Paid Supplemental Data": "5,702", "Interest Paid Supplemental Data": "6,878", "Capital Expenditure": "-1,283", "Issuance of Debt": "163,903", "Repayment of Debt": "-133,841", "Repurchase of Capital Stock": "-215.521", "Free Cash Flow": "5,727"}}}}, {"DFS": {"quote": {"03/26/2021": {"value": "96.96", "Market Cap": "29.703B", "Beta (5Y Monthly)": "1.79", "PE Ratio (TTM)": "26.96", "EPS (TTM)": "3.60", "Earnings Date": "Apr 20, 2021 - Apr 26, 2021", "Forward Dividend & Yield": "1.76 (1.83%)", "Ex-Dividend Date": "Feb 17, 2021", "1y Target Est": "108.89"}}, "fin": {"TTM": {"Duration": "TTM", "Total Revenue": "11,088,000", "Credit Losses Provision": "-5,134,000", "Non Interest Expense": "4,364,000", "Special Income Charges": "-155,000", "Other Non Operating Income Expenses": "-596,000", "Pretax Income": "1,435,000", "Tax Provision": "294,000", "Net Income Common Stockholders": "1,104,000", "Diluted NI Available to Com Stockholders": "1,104,000", "Basic EPS": "-", "Diluted EPS": "-", "Basic Average Shares": "-", "Diluted Average Shares": "-", "INTEREST_INCOME_AFTER_PROVISION_FOR_LOAN_LOSS": "4,096,000", "Net Income from Continuing & Discontinued Operation": "1,141,000", "Normalized Income": "1,264,225", "Reconciled Depreciation": "485,000", "Net Income from Continuing Operation Net Minority Interest": "1,141,000", "Total Unusual Items Excluding Goodwill": "-155,000", "Total Unusual Items": "-155,000", "Tax Rate for Calcs": "0", "Tax Effect of Unusual Items": "-31,775"}, "12/31/2020": {"Duration": "12/31/2020", "Total Revenue": "11,088,000", "Credit Losses Provision": "-5,134,000", "Non Interest Expense": "4,364,000", "Special Income Charges": "-155,000", "Other Non Operating Income Expenses": "-596,000", "Pretax Income": "1,435,000", "Tax Provision": "294,000", "Net Income Common Stockholders": "1,104,000", "Diluted NI Available to Com Stockholders": "1,104,000", "Basic EPS": "3.60", "Diluted EPS": "3.60", "Basic Average Shares": "307,000", "Diluted Average Shares": "307,000", "INTEREST_INCOME_AFTER_PROVISION_FOR_LOAN_LOSS": "4,096,000", "Net Income from Continuing & Discontinued Operation": "1,141,000", "Normalized Income": "1,264,225", "Reconciled Depreciation": "485,000", "Net Income from Continuing Operation Net Minority Interest": "1,141,000", "Total Unusual Items Excluding Goodwill": "-155,000", "Total Unusual Items": "-155,000", "Tax Rate for Calcs": "0", "Tax Effect of Unusual Items": "-31,775"}, "12/31/2019": {"Duration": "12/31/2019", "Total Revenue": "11,459,000", "Credit Losses Provision": "-3,231,000", "Non Interest Expense": "4,297,000", "Special Income Charges": "-96,000", "Other Non Operating Income Expenses": "-503,000", "Pretax Income": "3,835,000", "Tax Provision": "878,000", "Net Income Common Stockholders": "2,908,000", "Diluted NI Available to Com Stockholders": "2,908,000", "Basic EPS": "9.09", "Diluted EPS": "9.08", "Basic Average Shares": "320,000", "Diluted Average Shares": "320,000", "INTEREST_INCOME_AFTER_PROVISION_FOR_LOAN_LOSS": "6,232,000", "Net Income from Continuing & Discontinued Operation": "2,957,000", "Normalized Income": "3,031,016", "Reconciled Depreciation": "436,000", "Net Income from Continuing Operation Net Minority Interest": "2,957,000", "Total Unusual Items Excluding Goodwill": "-96,000", "Total Unusual Items": "-96,000", "Tax Rate for Calcs": "0", "Tax Effect of Unusual Items": "-21,984"}, "12/31/2018": {"Duration": "12/31/2018", "Total Revenue": "10,709,000", "Credit Losses Provision": "-3,035,000", "Non Interest Expense": "3,994,000", "Special Income Charges": "-83,000", "Other Non Operating Income Expenses": "-469,000", "Pretax Income": "3,597,000", "Tax Provision": "855,000", "Net Income Common Stockholders": "2,689,000", "Diluted NI Available to Com Stockholders": "2,689,000", "Basic EPS": "7.81", "Diluted EPS": "7.79", "Basic Average Shares": "344,000", "Diluted Average Shares": "345,000", "INTEREST_INCOME_AFTER_PROVISION_FOR_LOAN_LOSS": "5,719,000", "Net Income from Continuing & Discontinued Operation": "2,742,000", "Normalized Income": "2,805,246", "Reconciled Depreciation": "435,000", "Net Income from Continuing Operation Net Minority Interest": "2,742,000", "Total Unusual Items Excluding Goodwill": "-83,000", "Total Unusual Items": "-83,000", "Tax Rate for Calcs": "0", "Tax Effect of Unusual Items": "-19,754"}}, "bs": {"12/31/2020": {"Duration": "12/31/2020", "Total Assets": "112,889,000", "Total Liabilities Net Minority Interest": "102,005,000", "Total Equity Gross Minority Interest": "10,884,000", "Total Capitalization": "32,125,000", "Preferred Stock Equity": "1,056,000", "Common Stock Equity": "9,828,000", "Net Tangible Assets": "10,534,000", "Invested Capital": "31,069,000", "Tangible Book Value": "9,478,000", "Total Debt": "21,241,000", "Net Debt": "7,677,000", "Share Issued": "567,898", "Ordinary Shares Number": "306,597", "Preferred Shares Number": "-", "Treasury Shares Number": "261,301"}, "12/31/2019": {"Duration": "12/31/2019", "Total Assets": "113,996,000", "Total Liabilities Net Minority Interest": "102,137,000", "Total Equity Gross Minority Interest": "11,859,000", "Total Capitalization": "37,560,000", "Preferred Stock Equity": "563,000", "Common Stock Equity": "11,296,000", "Net Tangible Assets": "11,449,000", "Invested Capital": "36,997,000", "Tangible Book Value": "10,886,000", "Total Debt": "25,701,000", "Net Debt": "18,777,000", "Share Issued": "566,654", "Ordinary Shares Number": "310,157", "Preferred Shares Number": "5.7", "Treasury Shares Number": "256,496"}, "12/31/2018": {"Duration": "12/31/2018", "Total Assets": "109,553,000", "Total Liabilities Net Minority Interest": "98,423,000", "Total Equity Gross Minority Interest": "11,130,000", "Total Capitalization": "38,358,000", "Preferred Stock Equity": "563,000", "Common Stock Equity": "10,567,000", "Net Tangible Assets": "10,714,000", "Invested Capital": "37,795,000", "Tangible Book Value": "10,151,000", "Total Debt": "27,228,000", "Net Debt": "13,929,000", "Share Issued": "564,852", "Ordinary Shares Number": "331,446", "Preferred Shares Number": "5.7", "Treasury Shares Number": "233,406"}}, "cf": {"TTM": {"Duration": "TTM", "Operating Cash Flow": "6,196,000", "Investing Cash Flow": "1,514,000", "Financing Cash Flow": "-1,085,000", "End Cash Position": "13,589,000", "Income Tax Paid Supplemental Data": "901,000", "Interest Paid Supplemental Data": "1,799,000", "Capital Expenditure": "-261,000", "Issuance of Capital Stock": "503,000", "Issuance of Debt": "494,000", "Repayment of Debt": "-5,286,000", "Repurchase of Capital Stock": "-348,000", "Free Cash Flow": "5,935,000"}, "12/31/2020": {"Duration": "12/31/2020", "Operating Cash Flow": "6,196,000", "Investing Cash Flow": "1,514,000", "Financing Cash Flow": "-1,085,000", "End Cash Position": "13,589,000", "Income Tax Paid Supplemental Data": "901,000", "Interest Paid Supplemental Data": "1,799,000", "Capital Expenditure": "-261,000", "Issuance of Capital Stock": "503,000", "Issuance of Debt": "494,000", "Repayment of Debt": "-5,286,000", "Repurchase of Capital Stock": "-348,000", "Free Cash Flow": "5,935,000"}, "12/31/2019": {"Duration": "12/31/2019", "Operating Cash Flow": "6,196,000", "Investing Cash Flow": "-15,274,000", "Financing Cash Flow": "897,000", "End Cash Position": "6,964,000", "Income Tax Paid Supplemental Data": "1,088,000", "Interest Paid Supplemental Data": "2,407,000", "Capital Expenditure": "-284,000", "Issuance of Capital Stock": "7,000", "Issuance of Debt": "4,859,000", "Repayment of Debt": "-6,573,000", "Repurchase of Capital Stock": "-1,768,000", "Free Cash Flow": "5,912,000"}, "12/31/2018": {"Duration": "12/31/2018", "Operating Cash Flow": "5,191,000", "Investing Cash Flow": "-10,579,000", "Financing Cash Flow": "7,146,000", "End Cash Position": "15,145,000", "Income Tax Paid Supplemental Data": "650,000", "Interest Paid Supplemental Data": "1,847,000", "Capital Expenditure": "-254,000", "Issuance of Capital Stock": "6,000", "Issuance of Debt": "6,999,000", "Repayment of Debt": "-6,203,000", "Repurchase of Capital Stock": "-2,065,000", "Free Cash Flow": "4,937,000"}}}}, {"EFX": {"quote": {"03/26/2021": {"value": "182.50", "Market Cap": "22.226B", "Beta (5Y Monthly)": "1.33", "PE Ratio (TTM)": "43.04", "EPS (TTM)": "4.24", "Earnings Date": "Apr 19, 2021 - Apr 23, 2021", "Forward Dividend & Yield": "1.56 (0.88%)", "Ex-Dividend Date": "Feb 19, 2021", "1y Target Est": "206.29"}}, "fin": {"TTM": {"Duration": "TTM", "Total Revenue": "4,127,500", "Cost of Revenue": "1,737,400", "Gross Profit": "2,390,100", "Operating Expense": "1,713,500", "Operating Income": "676,600", "Net Non Operating Interest Income Expense": "-141,600", "Other Income Expense": "150,200", "Pretax Income": "685,200", "Tax Provision": "159,000", "Net Income Common Stockholders": "520,100", "Diluted NI Available to Com Stockholders": "520,100", "Basic EPS": "-", "Diluted EPS": "-", "Basic Average Shares": "-", "Diluted Average Shares": "-", "Total Operating Income as Reported": "676,600", "Total Expenses": "3,450,900", "Net Income from Continuing & Discontinued Operation": "520,100", "Normalized Income": "520,100", "Interest Expense": "141,600", "Net Interest Income": "-141,600", "EBIT": "826,800", "EBITDA": "1,226,100", "Reconciled Cost of Revenue": "1,729,100", "Reconciled Depreciation": "399,300", "Net Income from Continuing Operation Net Minority Interest": "520,100", "Normalized EBITDA": "1,226,100", "Tax Rate for Calcs": "0", "Tax Effect of Unusual Items": "0"}, "12/31/2020": {"Duration": "12/31/2020", "Total Revenue": "4,127,500", "Cost of Revenue": "1,737,400", "Gross Profit": "2,390,100", "Operating Expense": "1,713,500", "Operating Income": "676,600", "Net Non Operating Interest Income Expense": "-141,600", "Other Income Expense": "150,200", "Pretax Income": "685,200", "Tax Provision": "159,000", "Net Income Common Stockholders": "520,100", "Diluted NI Available to Com Stockholders": "520,100", "Basic EPS": "-", "Diluted EPS": "-", "Basic Average Shares": "-", "Diluted Average Shares": "-", "Total Operating Income as Reported": "676,600", "Total Expenses": "3,450,900", "Net Income from Continuing & Discontinued Operation": "520,100", "Normalized Income": "520,100", "Interest Expense": "141,600", "Net Interest Income": "-141,600", "EBIT": "826,800", "EBITDA": "-", "Reconciled Cost of Revenue": "1,729,100", "Reconciled Depreciation": "399,300", "Net Income from Continuing Operation Net Minority Interest": "520,100", "Normalized EBITDA": "1,226,100", "Tax Rate for Calcs": "0", "Tax Effect of Unusual Items": "0"}, "12/31/2019": {"Duration": "12/31/2019", "Total Revenue": "3,507,600", "Cost of Revenue": "1,521,700", "Gross Profit": "1,985,900", "Operating Expense": "2,321,300", "Operating Income": "-335,400", "Net Non Operating Interest Income Expense": "-111,700", "Other Income Expense": "14,100", "Pretax Income": "-433,000", "Tax Provision": "-40,200", "Net Income Common Stockholders": "-398,800", "Diluted NI Available to Com Stockholders": "-398,800", "Basic EPS": "-3.30", "Diluted EPS": "-3.30", "Basic Average Shares": "120,900", "Diluted Average Shares": "122,000", "Total Operating Income as Reported": "-335,400", "Total Expenses": "3,843,000", "Net Income from Continuing & Discontinued Operation": "-398,800", "Normalized Income": "-398,800", "Interest Expense": "111,700", "Net Interest Income": "-111,700", "EBIT": "-321,300", "EBITDA": "-", "Reconciled Cost of Revenue": "1,515,500", "Reconciled Depreciation": "337,300", "Net Income from Continuing Operation Net Minority Interest": "-398,800", "Normalized EBITDA": "16,000", "Tax Rate for Calcs": "0", "Tax Effect of Unusual Items": "0"}, "12/31/2018": {"Duration": "12/31/2018", "Total Revenue": "3,412,100", "Cost of Revenue": "1,440,400", "Gross Profit": "1,971,700", "Operating Expense": "1,523,700", "Operating Income": "448,000", "Net Non Operating Interest Income Expense": "-103,500", "Other Income Expense": "11,800", "Pretax Income": "356,300", "Tax Provision": "50,000", "Net Income Common Stockholders": "299,800", "Diluted NI Available to Com Stockholders": "299,800", "Basic EPS": "2.49", "Diluted EPS": "2.47", "Basic Average Shares": "120,400", "Diluted Average Shares": "121,400", "Total Operating Income as Reported": "448,000", "Total Expenses": "2,964,100", "Net Income from Continuing & Discontinued Operation": "299,800", "Normalized Income": "299,800", "Interest Expense": "103,500", "Net Interest Income": "-103,500", "EBIT": "459,800", "EBITDA": "-", "Reconciled Cost of Revenue": "1,434,900", "Reconciled Depreciation": "315,900", "Net Income from Continuing Operation Net Minority Interest": "299,800", "Normalized EBITDA": "775,700", "Tax Rate for Calcs": "0", "Tax Effect of Unusual Items": "0"}}, "bs": {"12/31/2020": {"Duration": "12/31/2020", "Total Assets": "9,611,800", "Total Liabilities Net Minority Interest": "6,401,500", "Total Equity Gross Minority Interest": "3,210,300", "Total Capitalization": "6,445,700", "Common Stock Equity": "3,168,400", "Net Tangible Assets": "-2,420,100", "Working Capital": "-4,800", "Invested Capital": "7,546,800", "Tangible Book Value": "-2,420,100", "Total Debt": "4,378,400", "Net Debt": "2,693,800", "Share Issued": "188,700", "Ordinary Shares Number": "121,800", "Treasury Shares Number": "66,900"}, "12/31/2019": {"Duration": "12/31/2019", "Total Assets": "7,909,000", "Total Liabilities Net Minority Interest": "5,286,100", "Total Equity Gross Minority Interest": "2,622,900", "Total Capitalization": "5,958,100", "Common Stock Equity": "2,578,600", "Net Tangible Assets": "-2,869,200", "Working Capital": "-149,700", "Invested Capital": "5,961,200", "Tangible Book Value": "-2,869,200", "Total Debt": "3,382,600", "Net Debt": "2,981,300", "Share Issued": "189,300", "Ordinary Shares Number": "121,200", "Treasury Shares Number": "68,100"}, "12/31/2018": {"Duration": "12/31/2018", "Total Assets": "7,153,200", "Total Liabilities Net Minority Interest": "3,997,500", "Total Equity Gross Minority Interest": "3,155,700", "Total Capitalization": "5,738,400", "Common Stock Equity": "3,107,800", "Net Tangible Assets": "-2,215,900", "Working Capital": "75,500", "Invested Capital": "5,743,300", "Tangible Book Value": "-2,215,900", "Total Debt": "2,635,500", "Net Debt": "2,411,900", "Share Issued": "188,700", "Ordinary Shares Number": "120,600", "Treasury Shares Number": "68,100"}}, "cf": {"TTM": {"Duration": "TTM", "Operating Cash Flow": "946,200", "Investing Cash Flow": "-492,700", "Financing Cash Flow": "810,800", "End Cash Position": "1,684,600", "Capital Expenditure": "-421,300", "Issuance of Debt": "1,123,300", "Repayment of Debt": "-125,700", "Repurchase of Capital Stock": "-", "Free Cash Flow": "524,900"}, "12/31/2020": {"Duration": "12/31/2020", "Operating Cash Flow": "946,200", "Investing Cash Flow": "-492,700", "Financing Cash Flow": "810,800", "End Cash Position": "1,684,600", "Capital Expenditure": "-421,300", "Issuance of Debt": "1,123,300", "Repayment of Debt": "-125,700", "Repurchase of Capital Stock": "-", "Free Cash Flow": "524,900"}, "12/31/2019": {"Duration": "12/31/2019", "Operating Cash Flow": "313,800", "Investing Cash Flow": "-697,500", "Financing Cash Flow": "557,900", "End Cash Position": "401,300", "Capital Expenditure": "-399,600", "Issuance of Debt": "998,300", "Repayment of Debt": "-251,800", "Repurchase of Capital Stock": "0", "Free Cash Flow": "-85,800"}, "12/31/2018": {"Duration": "12/31/2018", "Operating Cash Flow": "672,200", "Investing Cash Flow": "-461,500", "Financing Cash Flow": "-311,000", "End Cash Position": "223,600", "Capital Expenditure": "-321,900", "Issuance of Debt": "994,500", "Repayment of Debt": "-1,059,200", "Repurchase of Capital Stock": "0", "Free Cash Flow": "350,300"}}}}, {"EZPW": {"quote": {"03/26/2021": {"value": "5.16", "Market Cap": "286.89M", "Beta (5Y Monthly)": "1.45", "PE Ratio (TTM)": "N/A", "EPS (TTM)": "-1.18", "Earnings Date": "May 10, 2021 - May 14, 2021", "Forward Dividend & Yield": "N/A (N/A)", "Ex-Dividend Date": "Feb 04, 2000", "1y Target Est": "6.25"}}, "fin": {"TTM": {"Duration": "TTM", "Total Revenue": "778,511", "Cost of Revenue": "350,955", "Gross Profit": "427,556", "Operating Expense": "425,696", "Operating Income": "1,860", "Net Non Operating Interest Income Expense": "-19,447", "Other Income Expense": "-50,003", "Pretax Income": "-67,590", "Tax Provision": "-2,188", "Net Income Common Stockholders": "-65,402", "Diluted NI Available to Com Stockholders": "-65,402", "Basic EPS": "-", "Diluted EPS": "-", "Basic Average Shares": "-", "Diluted Average Shares": "-", "Total Operating Income as Reported": "-52,841", "Total Expenses": "776,651", "Net Income from Continuing & Discontinued Operation": "-65,402", "Normalized Income": "-12,472", "Interest Income": "3,151", "Interest Expense": "22,598", "Net Interest Income": "-19,447", "EBIT": "-44,992", "EBITDA": "31,353", "Reconciled Cost of Revenue": "305,276", "Reconciled Depreciation": "76,345", "Net Income from Continuing Operation Net Minority Interest": "-65,402", "Total Unusual Items Excluding Goodwill": "-54,701", "Total Unusual Items": "-54,701", "Normalized EBITDA": "86,054", "Tax Rate for Calcs": "0", "Tax Effect of Unusual Items": "-1,771"}, "9/30/2020": {"Duration": "9/30/2020", "Total Revenue": "822,811", "Cost of Revenue": "373,576", "Gross Profit": "449,235", "Operating Expense": "442,152", "Operating Income": "7,083", "Net Non Operating Interest Income Expense": "-19,299", "Other Income Expense": "-57,879", "Pretax Income": "-70,095", "Tax Provision": "-1,632", "Net Income Common Stockholders": "-68,463", "Diluted NI Available to Com Stockholders": "-68,463", "Basic EPS": "-1.24", "Diluted EPS": "-1.24", "Basic Average Shares": "55,313", "Diluted Average Shares": "55,313", "Total Operating Income as Reported": "-48,384", "Total Expenses": "815,728", "Net Income from Continuing & Discontinued Operation": "-68,463", "Normalized Income": "-14,105", "Interest Income": "3,173", "Interest Expense": "22,472", "Net Interest Income": "-19,299", "EBIT": "-47,623", "EBITDA": "-", "Reconciled Cost of Revenue": "327,927", "Reconciled Depreciation": "76,476", "Net Income from Continuing Operation Net Minority Interest": "-68,463", "Total Unusual Items Excluding Goodwill": "-55,467", "Total Unusual Items": "-55,467", "Normalized EBITDA": "84,320", "Tax Rate for Calcs": "0", "Tax Effect of Unusual Items": "-1,109"}, "9/30/2019": {"Duration": "9/30/2019", "Total Revenue": "847,229", "Cost of Revenue": "352,781", "Gross Profit": "494,448", "Operating Expense": "443,040", "Operating Income": "51,408", "Net Non Operating Interest Income Expense": "-21,551", "Other Income Expense": "-25,683", "Pretax Income": "4,174", "Tax Provision": "2,406", "Net Income Common Stockholders": "2,541", "Diluted NI Available to Com Stockholders": "2,541", "Basic EPS": "0.05", "Diluted EPS": "0.05", "Basic Average Shares": "55,341", "Diluted Average Shares": "55,984", "Total Operating Income as Reported": "47,009", "Total Expenses": "795,821", "Net Income from Continuing & Discontinued Operation": "2,541", "Normalized Income": "20,609", "Interest Income": "11,086", "Interest Expense": "32,637", "Net Interest Income": "-21,551", "EBIT": "36,811", "EBITDA": "-", "Reconciled Cost of Revenue": "352,781", "Reconciled Depreciation": "28,797", "Net Income from Continuing Operation Net Minority Interest": "2,998", "Total Unusual Items Excluding Goodwill": "-24,124", "Total Unusual Items": "-24,124", "Normalized EBITDA": "89,732", "Tax Rate for Calcs": "0", "Tax Effect of Unusual Items": "-6,513"}, "9/30/2018": {"Duration": "9/30/2018", "Total Revenue": "813,515", "Cost of Revenue": "330,605", "Gross Profit": "482,910", "Operating Expense": "413,786", "Operating Income": "69,124", "Net Non Operating Interest Income Expense": "-10,793", "Other Income Expense": "-1,255", "Pretax Income": "57,076", "Tax Provision": "18,149", "Net Income Common Stockholders": "39,059", "Diluted NI Available to Com Stockholders": "39,059", "Basic EPS": "0.73", "Diluted EPS": "0.69", "Basic Average Shares": "54,456", "Diluted Average Shares": "57,896", "Total Operating Income as Reported": "68,661", "Total Expenses": "744,391", "Net Income from Continuing & Discontinued Operation": "39,059", "Normalized Income": "48,194", "Interest Income": "17,041", "Interest Expense": "27,834", "Net Interest Income": "-10,793", "EBIT": "84,910", "EBITDA": "-", "Reconciled Cost of Revenue": "330,605", "Reconciled Depreciation": "25,484", "Net Income from Continuing Operation Net Minority Interest": "39,915", "Total Unusual Items Excluding Goodwill": "-12,175", "Total Unusual Items": "-12,175", "Normalized EBITDA": "122,569", "Tax Rate for Calcs": "0", "Tax Effect of Unusual Items": "-3,896"}}, "bs": {"9/30/2020": {"Duration": "9/30/2020", "Total Assets": "1,197,023", "Total Liabilities Net Minority Interest": "547,896", "Total Equity Gross Minority Interest": "649,127", "Total Capitalization": "900,143", "Common Stock Equity": "649,127", "Capital Lease Obligations": "202,782", "Net Tangible Assets": "332,907", "Working Capital": "460,783", "Invested Capital": "900,356", "Tangible Book Value": "332,907", "Total Debt": "454,011", "Net Debt": "-", "Share Issued": "55,303", "Ordinary Shares Number": "55,303"}, "9/30/2019": {"Duration": "9/30/2019", "Total Assets": "1,083,702", "Total Liabilities Net Minority Interest": "338,753", "Total Equity Gross Minority Interest": "744,949", "Total Capitalization": "983,329", "Common Stock Equity": "744,949", "Capital Lease Obligations": "-", "Net Tangible Assets": "376,378", "Working Capital": "514,674", "Invested Capital": "983,543", "Tangible Book Value": "376,378", "Total Debt": "238,594", "Net Debt": "81,027", "Share Issued": "55,535", "Ordinary Shares Number": "55,535"}, "9/30/2018": {"Duration": "9/30/2018", "Total Assets": "1,246,920", "Total Liabilities Net Minority Interest": "502,214", "Total Equity Gross Minority Interest": "744,706", "Total Capitalization": "974,739", "Common Stock Equity": "748,037", "Capital Lease Obligations": "-", "Net Tangible Assets": "395,666", "Working Capital": "497,341", "Invested Capital": "1,164,920", "Tangible Book Value": "395,666", "Total Debt": "416,883", "Net Debt": "130,868", "Share Issued": "54,585", "Ordinary Shares Number": "54,585"}}, "cf": {"TTM": {"Duration": "TTM", "Operating Cash Flow": "55,483", "Investing Cash Flow": "101,634", "Financing Cash Flow": "-4,102", "End Cash Position": "296,156", "Income Tax Paid Supplemental Data": "-", "Interest Paid Supplemental Data": "-", "Capital Expenditure": "-26,175", "Issuance of Debt": "-", "Repayment of Debt": "150", "Repurchase of Capital Stock": "-4,195", "Free Cash Flow": "29,308"}, "9/30/2020": {"Duration": "9/30/2020", "Operating Cash Flow": "49,078", "Investing Cash Flow": "109,898", "Financing Cash Flow": "-6,253", "End Cash Position": "312,553", "Income Tax Paid Supplemental Data": "9,753", "Interest Paid Supplemental Data": "8,489", "Capital Expenditure": "-28,526", "Issuance of Debt": "912", "Repayment of Debt": "-198", "Repurchase of Capital Stock": "-5,158", "Free Cash Flow": "20,552"}, "9/30/2019": {"Duration": "9/30/2019", "Operating Cash Flow": "103,517", "Investing Cash Flow": "-27,829", "Financing Cash Flow": "-198,317", "End Cash Position": "162,442", "Income Tax Paid Supplemental Data": "11,132", "Interest Paid Supplemental Data": "12,900", "Capital Expenditure": "-38,839", "Issuance of Debt": "1,064", "Repayment of Debt": "-196,093", "Repurchase of Capital Stock": "-", "Free Cash Flow": "64,678"}, "9/30/2018": {"Duration": "9/30/2018", "Operating Cash Flow": "88,724", "Investing Cash Flow": "-134,206", "Financing Cash Flow": "167,588", "End Cash Position": "286,015", "Income Tax Paid Supplemental Data": "13,676", "Interest Paid Supplemental Data": "8,412", "Capital Expenditure": "-40,474", "Issuance of Debt": "171,409", "Repayment of Debt": "-3,510", "Repurchase of Capital Stock": "0", "Free Cash Flow": "48,250"}}}}, {"ENVA": {"quote": {"03/26/2021": {"value": "35.55", "Market Cap": "1.29B", "Beta (5Y Monthly)": "1.82", "PE Ratio (TTM)": "3.04", "EPS (TTM)": "11.70", "Earnings Date": "Feb 04, 2021", "Forward Dividend & Yield": "N/A (N/A)", "Ex-Dividend Date": "N/A", "1y Target Est": "37.75"}}, "fin": {"TTM": {"Duration": "TTM", "Total Revenue": "1,083,710", "Cost of Revenue": "399,517", "Gross Profit": "684,193", "Operating Expense": "326,396", "Operating Income": "357,797", "Net Non Operating Interest Income Expense": "-86,691", "Other Income Expense": "164,314", "Pretax Income": "435,420", "Tax Provision": "57,191", "Net Income Common Stockholders": "377,844", "Diluted NI Available to Com Stockholders": "377,844", "Basic EPS": "-", "Diluted EPS": "-", "Basic Average Shares": "-", "Diluted Average Shares": "-", "Total Operating Income as Reported": "357,797", "Total Expenses": "725,913", "Net Income from Continuing & Discontinued Operation": "377,844", "Normalized Income": "235,958", "Interest Expense": "86,691", "Net Interest Income": "-86,691", "EBIT": "522,111", "EBITDA": "541,843", "Reconciled Cost of Revenue": "399,517", "Reconciled Depreciation": "19,732", "Net Income from Continuing Operation Net Minority Interest": "378,144", "Total Unusual Items Excluding Goodwill": "163,686", "Total Unusual Items": "163,686", "Normalized EBITDA": "378,157", "Tax Rate for Calcs": "0", "Tax Effect of Unusual Items": "21,500"}, "12/31/2020": {"Duration": "12/31/2020", "Total Revenue": "1,083,710", "Cost of Revenue": "399,517", "Gross Profit": "684,193", "Operating Expense": "326,396", "Operating Income": "357,797", "Net Non Operating Interest Income Expense": "-86,691", "Other Income Expense": "164,314", "Pretax Income": "435,420", "Tax Provision": "57,191", "Net Income Common Stockholders": "377,844", "Diluted NI Available to Com Stockholders": "377,844", "Basic EPS": "-", "Diluted EPS": "-", "Basic Average Shares": "-", "Diluted Average Shares": "-", "Total Operating Income as Reported": "357,797", "Total Expenses": "725,913", "Net Income from Continuing & Discontinued Operation": "377,844", "Normalized Income": "235,958", "Interest Expense": "86,691", "Net Interest Income": "-86,691", "EBIT": "522,111", "EBITDA": "-", "Reconciled Cost of Revenue": "399,517", "Reconciled Depreciation": "19,732", "Net Income from Continuing Operation Net Minority Interest": "378,144", "Total Unusual Items Excluding Goodwill": "163,686", "Total Unusual Items": "163,686", "Normalized EBITDA": "378,157", "Tax Rate for Calcs": "0", "Tax Effect of Unusual Items": "21,500"}, "12/31/2019": {"Duration": "12/31/2019", "Total Revenue": "1,174,757", "Cost of Revenue": "602,894", "Gross Profit": "571,863", "Operating Expense": "323,653", "Operating Income": "248,210", "Net Non Operating Interest Income Expense": "-75,604", "Other Income Expense": "-2,537", "Pretax Income": "170,069", "Tax Provision": "42,053", "Net Income Common Stockholders": "36,612", "Diluted NI Available to Com Stockholders": "36,612", "Basic EPS": "1.09", "Diluted EPS": "1.06", "Basic Average Shares": "33,715", "Diluted Average Shares": "34,398", "Total Operating Income as Reported": "248,210", "Total Expenses": "926,547", "Net Income from Continuing & Discontinued Operation": "36,612", "Normalized Income": "129,926", "Interest Expense": "75,604", "Net Interest Income": "-75,604", "EBIT": "245,673", "EBITDA": "-", "Reconciled Cost of Revenue": "602,894", "Reconciled Depreciation": "15,055", "Net Income from Continuing Operation Net Minority Interest": "128,016", "Total Unusual Items Excluding Goodwill": "-2,537", "Total Unusual Items": "-2,537", "Normalized EBITDA": "263,265", "Tax Rate for Calcs": "0", "Tax Effect of Unusual Items": "-626.639"}, "12/31/2018": {"Duration": "12/31/2018", "Total Revenue": "1,114,074", "Cost of Revenue": "571,000", "Gross Profit": "543,074", "Operating Expense": "360,002", "Operating Income": "183,072", "Net Non Operating Interest Income Expense": "-79,348", "Other Income Expense": "-27,311", "Pretax Income": "76,413", "Tax Provision": "6,315", "Net Income Common Stockholders": "70,098", "Diluted NI Available to Com Stockholders": "70,098", "Basic EPS": "2.06", "Diluted EPS": "1.99", "Basic Average Shares": "33,993", "Diluted Average Shares": "35,176", "Total Operating Income as Reported": "183,072", "Total Expenses": "931,002", "Net Income from Continuing & Discontinued Operation": "70,098", "Normalized Income": "95,142", "Interest Expense": "79,348", "Net Interest Income": "-79,348", "EBIT": "155,761", "EBITDA": "-", "Reconciled Cost of Revenue": "571,000", "Reconciled Depreciation": "15,190", "Net Income from Continuing Operation Net Minority Interest": "70,098", "Total Unusual Items Excluding Goodwill": "-27,311", "Total Unusual Items": "-27,311", "Normalized EBITDA": "198,262", "Tax Rate for Calcs": "0", "Tax Effect of Unusual Items": "-2,267"}}, "bs": {"12/31/2020": {"Duration": "12/31/2020", "Total Assets": "2,108,075", "Total Liabilities Net Minority Interest": "1,189,241", "Total Equity Gross Minority Interest": "918,834", "Total Capitalization": "1,863,809", "Common Stock Equity": "917,348", "Capital Lease Obligations": "67,956", "Net Tangible Assets": "623,366", "Working Capital": "1,524,312", "Invested Capital": "1,863,809", "Tangible Book Value": "623,366", "Total Debt": "1,014,417", "Net Debt": "649,188", "Share Issued": "41,937", "Ordinary Shares Number": "35,763", "Treasury Shares Number": "6,174"}, "12/31/2019": {"Duration": "12/31/2019", "Total Assets": "1,574,352", "Total Liabilities Net Minority Interest": "1,197,739", "Total Equity Gross Minority Interest": "376,613", "Total Capitalization": "1,367,794", "Common Stock Equity": "376,613", "Capital Lease Obligations": "35,712", "Net Tangible Assets": "107,415", "Working Capital": "1,085,953", "Invested Capital": "1,367,794", "Tangible Book Value": "107,415", "Total Debt": "1,026,893", "Net Debt": "955,286", "Share Issued": "35,765", "Ordinary Shares Number": "32,975", "Treasury Shares Number": "2,790"}, "12/31/2018": {"Duration": "12/31/2018", "Total Assets": "1,328,185", "Total Liabilities Net Minority Interest": "980,417", "Total Equity Gross Minority Interest": "347,768", "Total Capitalization": "1,205,697", "Common Stock Equity": "347,768", "Capital Lease Obligations": "-", "Net Tangible Assets": "77,500", "Working Capital": "906,785", "Invested Capital": "1,205,697", "Tangible Book Value": "77,500", "Total Debt": "857,929", "Net Debt": "805,012", "Share Issued": "34,857", "Ordinary Shares Number": "33,585", "Treasury Shares Number": "1,272"}}, "cf": {"TTM": {"Duration": "TTM", "Operating Cash Flow": "740,871", "Investing Cash Flow": "83,583", "Financing Cash Flow": "-535,974", "End Cash Position": "369,200", "Capital Expenditure": "-29,491", "Issuance of Debt": "253,233", "Repayment of Debt": "-731,773", "Repurchase of Capital Stock": "-56,408", "Free Cash Flow": "711,380"}, "12/31/2020": {"Duration": "12/31/2020", "Operating Cash Flow": "740,871", "Investing Cash Flow": "83,583", "Financing Cash Flow": "-535,974", "End Cash Position": "369,200", "Capital Expenditure": "-29,491", "Issuance of Debt": "253,233", "Repayment of Debt": "-731,773", "Repurchase of Capital Stock": "-56,408", "Free Cash Flow": "711,380"}, "12/31/2019": {"Duration": "12/31/2019", "Operating Cash Flow": "848,639", "Investing Cash Flow": "-941,397", "Financing Cash Flow": "95,484", "End Cash Position": "80,964", "Capital Expenditure": "-20,062", "Issuance of Debt": "659,849", "Repayment of Debt": "-529,252", "Repurchase of Capital Stock": "-33,776", "Free Cash Flow": "828,577"}, "12/31/2018": {"Duration": "12/31/2018", "Operating Cash Flow": "684,840", "Investing Cash Flow": "-720,933", "Financing Cash Flow": "22,479", "End Cash Position": "77,259", "Capital Expenditure": "-16,079", "Issuance of Debt": "926,813", "Repayment of Debt": "-861,916", "Repurchase of Capital Stock": "-17,314", "Free Cash Flow": "668,761"}}}}, {"SYF": {"quote": {"03/26/2021": {"value": "41.32", "Market Cap": "24.126B", "Beta (5Y Monthly)": "1.82", "PE Ratio (TTM)": "18.20", "EPS (TTM)": "2.27", "Earnings Date": "Apr 27, 2021", "Forward Dividend & Yield": "0.88 (2.23%)", "Ex-Dividend Date": "Feb 04, 2021", "1y Target Est": "46.89"}}, "fin": {"TTM": {"Duration": "TTM", "Total Revenue": "15,456,000", "Credit Losses Provision": "-5,310,000", "Non Interest Expense": "4,704,000", "Other Non Operating Income Expenses": "-3,645,000", "Pretax Income": "1,797,000", "Tax Provision": "412,000", "Net Income Common Stockholders": "1,343,000", "Diluted NI Available to Com Stockholders": "1,343,000", "Basic EPS": "-", "Diluted EPS": "-", "Basic Average Shares": "-", "Diluted Average Shares": "-", "INTEREST_INCOME_AFTER_PROVISION_FOR_LOAN_LOSS": "9,092,000", "Net Income from Continuing & Discontinued Operation": "1,385,000", "Normalized Income": "1,385,000", "Reconciled Depreciation": "383,000", "Net Income from Continuing Operation Net Minority Interest": "1,385,000", "Tax Rate for Calcs": "0", "Tax Effect of Unusual Items": "0"}, "12/31/2020": {"Duration": "12/31/2020", "Total Revenue": "15,456,000", "Credit Losses Provision": "-5,310,000", "Non Interest Expense": "4,704,000", "Other Non Operating Income Expenses": "-3,645,000", "Pretax Income": "1,797,000", "Tax Provision": "412,000", "Net Income Common Stockholders": "1,343,000", "Diluted NI Available to Com Stockholders": "1,343,000", "Basic EPS": "2.28", "Diluted EPS": "2.27", "Basic Average Shares": "589,000", "Diluted Average Shares": "590,800", "INTEREST_INCOME_AFTER_PROVISION_FOR_LOAN_LOSS": "9,092,000", "Net Income from Continuing & Discontinued Operation": "1,385,000", "Normalized Income": "1,385,000", "Reconciled Depreciation": "383,000", "Net Income from Continuing Operation Net Minority Interest": "1,385,000", "Tax Rate for Calcs": "0", "Tax Effect of Unusual Items": "0"}, "12/31/2019": {"Duration": "12/31/2019", "Total Revenue": "17,913,000", "Credit Losses Provision": "-4,180,000", "Non Interest Expense": "4,988,000", "Other Non Operating Income Expenses": "-3,858,000", "Pretax Income": "4,887,000", "Tax Provision": "1,140,000", "Net Income Common Stockholders": "3,747,000", "Diluted NI Available to Com Stockholders": "3,747,000", "Basic EPS": "5.59", "Diluted EPS": "5.56", "Basic Average Shares": "670,200", "Diluted Average Shares": "673,500", "INTEREST_INCOME_AFTER_PROVISION_FOR_LOAN_LOSS": "12,619,000", "Net Income from Continuing & Discontinued Operation": "3,747,000", "Normalized Income": "3,747,000", "Reconciled Depreciation": "367,000", "Net Income from Continuing Operation Net Minority Interest": "3,747,000", "Tax Rate for Calcs": "0", "Tax Effect of Unusual Items": "0"}, "12/31/2018": {"Duration": "12/31/2018", "Total Revenue": "17,134,000", "Credit Losses Provision": "-5,545,000", "Non Interest Expense": "4,846,000", "Other Non Operating Income Expenses": "-3,099,000", "Pretax Income": "3,644,000", "Tax Provision": "854,000", "Net Income Common Stockholders": "2,790,000", "Diluted NI Available to Com Stockholders": "2,790,000", "Basic EPS": "3.76", "Diluted EPS": "3.74", "Basic Average Shares": "742,300", "Diluted Average Shares": "746,900", "INTEREST_INCOME_AFTER_PROVISION_FOR_LOAN_LOSS": "10,573,000", "Net Income from Continuing & Discontinued Operation": "2,790,000", "Normalized Income": "2,790,000", "Reconciled Depreciation": "302,000", "Net Income from Continuing Operation Net Minority Interest": "2,790,000", "Tax Rate for Calcs": "0", "Tax Effect of Unusual Items": "0"}}, "bs": {"12/31/2020": {"Duration": "12/31/2020", "Total Assets": "95,948,000", "Total Liabilities Net Minority Interest": "83,247,000", "Total Equity Gross Minority Interest": "12,701,000", "Total Capitalization": "28,476,000", "Preferred Stock Equity": "734,000", "Common Stock Equity": "11,967,000", "Net Tangible Assets": "10,498,000", "Invested Capital": "27,742,000", "Tangible Book Value": "9,764,000", "Total Debt": "15,775,000", "Net Debt": "4,251,000", "Share Issued": "833,985", "Ordinary Shares Number": "584,010", "Preferred Shares Number": "30,000", "Treasury Shares Number": "249,975"}, "12/31/2019": {"Duration": "12/31/2019", "Total Assets": "104,826,000", "Total Liabilities Net Minority Interest": "89,738,000", "Total Equity Gross Minority Interest": "15,088,000", "Total Capitalization": "34,954,000", "Preferred Stock Equity": "734,000", "Common Stock Equity": "14,354,000", "Net Tangible Assets": "12,745,000", "Invested Capital": "34,220,000", "Tangible Book Value": "12,011,000", "Total Debt": "19,866,000", "Net Debt": "7,719,000", "Share Issued": "833,985", "Ordinary Shares Number": "615,925", "Preferred Shares Number": "30,000", "Treasury Shares Number": "218,060"}, "12/31/2018": {"Duration": "12/31/2018", "Total Assets": "106,792,000", "Total Liabilities Net Minority Interest": "92,114,000", "Total Equity Gross Minority Interest": "14,678,000", "Total Capitalization": "38,674,000", "Preferred Stock Equity": "-", "Common Stock Equity": "14,678,000", "Net Tangible Assets": "12,517,000", "Invested Capital": "38,674,000", "Tangible Book Value": "12,517,000", "Total Debt": "23,996,000", "Net Debt": "14,600,000", "Share Issued": "833,985", "Ordinary Shares Number": "718,759", "Preferred Shares Number": "-", "Treasury Shares Number": "115,226"}}, "cf": {"TTM": {"Duration": "TTM", "Operating Cash Flow": "7,487,000", "Investing Cash Flow": "-498,000", "Financing Cash Flow": "-8,031,000", "End Cash Position": "11,605,000", "Income Tax Paid Supplemental Data": "847,000", "Interest Paid Supplemental Data": "1,691,000", "Issuance of Capital Stock": "0", "Issuance of Debt": "675,000", "Repayment of Debt": "-4,783,000", "Repurchase of Capital Stock": "-985,000", "Free Cash Flow": "7,487,000"}, "12/31/2020": {"Duration": "12/31/2020", "Operating Cash Flow": "7,487,000", "Investing Cash Flow": "-498,000", "Financing Cash Flow": "-8,031,000", "End Cash Position": "11,605,000", "Income Tax Paid Supplemental Data": "847,000", "Interest Paid Supplemental Data": "1,691,000", "Issuance of Capital Stock": "0", "Issuance of Debt": "675,000", "Repayment of Debt": "-4,783,000", "Repurchase of Capital Stock": "-985,000", "Free Cash Flow": "7,487,000"}, "12/31/2019": {"Duration": "12/31/2019", "Operating Cash Flow": "8,990,000", "Investing Cash Flow": "-261,000", "Financing Cash Flow": "-6,458,000", "End Cash Position": "12,647,000", "Income Tax Paid Supplemental Data": "1,017,000", "Interest Paid Supplemental Data": "2,272,000", "Issuance of Capital Stock": "734,000", "Issuance of Debt": "5,330,000", "Repayment of Debt": "-9,477,000", "Repurchase of Capital Stock": "-3,618,000", "Free Cash Flow": "8,990,000"}, "12/31/2018": {"Duration": "12/31/2018", "Operating Cash Flow": "9,342,000", "Investing Cash Flow": "-19,036,000", "Financing Cash Flow": "8,253,000", "End Cash Position": "10,376,000", "Income Tax Paid Supplemental Data": "772,000", "Interest Paid Supplemental Data": "1,815,000", "Issuance of Capital Stock": "-", "Issuance of Debt": "6,337,000", "Repayment of Debt": "-3,157,000", "Repurchase of Capital Stock": "-1,868,000", "Free Cash Flow": "9,342,000"}}}}, {"NEWS": {"quote": {"03/26/2021": {"value": "", "Net Assets": "N/A", "Beta (5Y Monthly)": "N/A", "Yield": "N/A", "5y Average Return": "N/A", "Holdings Turnover": "N/A", "Last Dividend": "N/A", "Average for Category": "N/A", "Inception Date": "N/A"}}, "fin": {}, "bs": {}, "cf": {}}}, {"NICK": {"quote": {"03/26/2021": {"value": "10.49", "Market Cap": "80.773M", "Beta (5Y Monthly)": "0.47", "PE Ratio (TTM)": "9.09", "EPS (TTM)": "1.15", "Earnings Date": "Feb 03, 2021", "Forward Dividend & Yield": "N/A (N/A)", "Ex-Dividend Date": "Sep 18, 2013", "1y Target Est": "N/A"}}, "fin": {"TTM": {"Duration": "TTM", "Total Revenue": "51,127", "Credit Losses Provision": "-10,919", "Non Interest Expense": "31,170", "Special Income Charges": "-295", "Pretax Income": "8,743", "Tax Provision": "-35", "Net Income Common Stockholders": "8,718", "Average Dilution Earnings": "60", "Diluted NI Available to Com Stockholders": "8,778", "Basic EPS": "-", "Diluted EPS": "-", "Basic Average Shares": "-", "Diluted Average Shares": "-", "INTEREST_INCOME_AFTER_PROVISION_FOR_LOAN_LOSS": "38,869", "Net Income from Continuing & Discontinued Operation": "8,778", "Normalized Income": "8,778", "Reconciled Depreciation": "1,940", "Net Income from Continuing Operation Net Minority Interest": "8,778", "Total Unusual Items Excluding Goodwill": "-295", "Total Unusual Items": "-295", "Tax Rate for Calcs": "0", "Tax Effect of Unusual Items": "0"}, "3/31/2020": {"Duration": "3/31/2020", "Total Revenue": "53,580", "Credit Losses Provision": "-16,901", "Non Interest Expense": "34,137", "Special Income Charges": "-295", "Pretax Income": "2,247", "Tax Provision": "-1,219", "Net Income Common Stockholders": "3,434", "Average Dilution Earnings": "32", "Diluted NI Available to Com Stockholders": "3,466", "Basic EPS": "0.45", "Diluted EPS": "0.45", "Basic Average Shares": "7,702", "Diluted Average Shares": "7,702", "INTEREST_INCOME_AFTER_PROVISION_FOR_LOAN_LOSS": "36,679", "Net Income from Continuing & Discontinued Operation": "3,466", "Normalized Income": "3,681", "Reconciled Depreciation": "2,305", "Net Income from Continuing Operation Net Minority Interest": "3,466", "Total Unusual Items Excluding Goodwill": "-295", "Total Unusual Items": "-295", "Tax Rate for Calcs": "0", "Tax Effect of Unusual Items": "-79.65"}, "3/31/2019": {"Duration": "3/31/2019", "Total Revenue": "61,796", "Credit Losses Provision": "-32,836", "Non Interest Expense": "33,548", "Special Income Charges": "-", "Pretax Income": "-4,588", "Tax Provision": "-940", "Net Income Common Stockholders": "-3,648", "Average Dilution Earnings": "-", "Diluted NI Available to Com Stockholders": "-3,648", "Basic EPS": "-0.46", "Diluted EPS": "-0.46", "Basic Average Shares": "7,930", "Diluted Average Shares": "7,930", "INTEREST_INCOME_AFTER_PROVISION_FOR_LOAN_LOSS": "28,960", "Net Income from Continuing & Discontinued Operation": "-3,648", "Normalized Income": "-3,648", "Reconciled Depreciation": "380", "Net Income from Continuing Operation Net Minority Interest": "-3,648", "Total Unusual Items Excluding Goodwill": "-", "Total Unusual Items": "-", "Tax Rate for Calcs": "0", "Tax Effect of Unusual Items": "0"}, "3/31/2018": {"Duration": "3/31/2018", "Total Revenue": "73,763", "Credit Losses Provision": "-37,450", "Non Interest Expense": "33,150", "Special Income Charges": "-", "Pretax Income": "3,163", "Tax Provision": "4,261", "Net Income Common Stockholders": "-1,098", "Average Dilution Earnings": "-", "Diluted NI Available to Com Stockholders": "-1,098", "Basic EPS": "-0.14", "Diluted EPS": "-0.14", "Basic Average Shares": "7,843", "Diluted Average Shares": "7,843", "INTEREST_INCOME_AFTER_PROVISION_FOR_LOAN_LOSS": "36,330", "Net Income from Continuing & Discontinued Operation": "-1,098", "Normalized Income": "-1,098", "Reconciled Depreciation": "469", "Net Income from Continuing Operation Net Minority Interest": "-1,098", "Total Unusual Items Excluding Goodwill": "-", "Total Unusual Items": "-", "Tax Rate for Calcs": "0", "Tax Effect of Unusual Items": "0"}}, "bs": {"3/31/2020": {"Duration": "3/31/2020", "Total Assets": "238,818", "Total Liabilities Net Minority Interest": "131,239", "Total Equity Gross Minority Interest": "107,579", "Common Stock Equity": "107,579", "Capital Lease Obligations": "2,652", "Net Tangible Assets": "107,579", "Invested Capital": "231,834", "Tangible Book Value": "107,579", "Total Debt": "126,907", "Net Debt": "107,453", "Share Issued": "12,639", "Ordinary Shares Number": "7,806", "Treasury Shares Number": "4,833"}, "3/31/2019": {"Duration": "3/31/2019", "Total Assets": "252,420", "Total Liabilities Net Minority Interest": "147,535", "Total Equity Gross Minority Interest": "104,885", "Common Stock Equity": "104,885", "Capital Lease Obligations": "-", "Net Tangible Assets": "104,885", "Invested Capital": "247,504", "Tangible Book Value": "104,885", "Total Debt": "142,619", "Net Debt": "107,024", "Share Issued": "12,624", "Ordinary Shares Number": "7,910", "Treasury Shares Number": "4,714"}, "3/31/2018": {"Duration": "3/31/2018", "Total Assets": "284,162", "Total Liabilities Net Minority Interest": "175,725", "Total Equity Gross Minority Interest": "108,437", "Common Stock Equity": "108,437", "Capital Lease Obligations": "-", "Net Tangible Assets": "108,437", "Invested Capital": "274,187", "Tangible Book Value": "108,437", "Total Debt": "165,750", "Net Debt": "163,124", "Share Issued": "12,609", "Ordinary Shares Number": "7,895", "Treasury Shares Number": "4,714"}}, "cf": {"TTM": {"Duration": "TTM", "Operating Cash Flow": "13,662", "Investing Cash Flow": "15,304", "Financing Cash Flow": "-23,811", "End Cash Position": "29,261", "Income Tax Paid Supplemental Data": "977", "Interest Paid Supplemental Data": "6,742", "Capital Expenditure": "-431", "Issuance of Debt": "10,624", "Repayment of Debt": "-33,030", "Repurchase of Capital Stock": "-1,511", "Free Cash Flow": "13,231"}, "3/31/2020": {"Duration": "3/31/2020", "Operating Cash Flow": "10,485", "Investing Cash Flow": "-3,676", "Financing Cash Flow": "-19,767", "End Cash Position": "24,684", "Income Tax Paid Supplemental Data": "6", "Interest Paid Supplemental Data": "8,187", "Capital Expenditure": "-130", "Issuance of Debt": "20,780", "Repayment of Debt": "-38,950", "Repurchase of Capital Stock": "-979", "Free Cash Flow": "10,355"}, "3/31/2019": {"Duration": "3/31/2019", "Operating Cash Flow": "14,404", "Investing Cash Flow": "44,159", "Financing Cash Flow": "-23,547", "End Cash Position": "37,642", "Income Tax Paid Supplemental Data": "-", "Interest Paid Supplemental Data": "-", "Capital Expenditure": "-228", "Issuance of Debt": "145,000", "Repayment of Debt": "-165,750", "Repurchase of Capital Stock": "-", "Free Cash Flow": "14,176"}, "3/31/2018": {"Duration": "3/31/2018", "Operating Cash Flow": "23,681", "Investing Cash Flow": "23,297", "Financing Cash Flow": "-47,207", "End Cash Position": "2,626", "Income Tax Paid Supplemental Data": "-", "Interest Paid Supplemental Data": "-", "Capital Expenditure": "-130", "Issuance of Debt": "-", "Repayment of Debt": "-", "Repurchase of Capital Stock": "0", "Free Cash Flow": "23,551"}}}}, {"FPAY": {"quote": {"03/26/2021": {"value": "2.7100", "Market Cap": "57.929M", "Beta (5Y Monthly)": "1.26", "PE Ratio (TTM)": "N/A", "EPS (TTM)": "-0.1700", "Earnings Date": "Mar 09, 2021", "Forward Dividend & Yield": "N/A (N/A)", "Ex-Dividend Date": "N/A", "1y Target Est": "4.50"}}, "fin": {"TTM": {"Duration": "TTM", "Total Revenue": "102,085", "Cost of Revenue": "66,733", "Gross Profit": "35,351", "Operating Expense": "28,846", "Operating Income": "6,506", "Net Non Operating Interest Income Expense": "-6,183", "Other Income Expense": "-", "Pretax Income": "323.154", "Tax Provision": "663.05", "Net Income Common Stockholders": "-3,492", "Diluted NI Available to Com Stockholders": "-3,492", "Basic EPS": "-", "Diluted EPS": "-", "Basic Average Shares": "-", "Diluted Average Shares": "-", "Total Operating Income as Reported": "4,626", "Total Expenses": "95,579", "Net Income from Continuing & Discontinued Operation": "-339.896", "Normalized Income": "-339.896", "Interest Income": "-", "Interest Expense": "4,303", "Net Interest Income": "-6,183", "EBIT": "4,626", "EBITDA": "7,203", "Reconciled Cost of Revenue": "66,427", "Reconciled Depreciation": "2,577", "Net Income from Continuing Operation Net Minority Interest": "-339.896", "Total Unusual Items Excluding Goodwill": "0", "Total Unusual Items": "0", "Normalized EBITDA": "7,203", "Tax Rate for Calcs": "0", "Tax Effect of Unusual Items": "0"}, "12/31/2020": {"Duration": "12/31/2020", "Total Revenue": "102,085", "Cost of Revenue": "66,733", "Gross Profit": "35,351", "Operating Expense": "28,846", "Operating Income": "6,506", "Net Non Operating Interest Income Expense": "-6,183", "Other Income Expense": "-", "Pretax Income": "323.154", "Tax Provision": "663.05", "Net Income Common Stockholders": "-3,492", "Diluted NI Available to Com Stockholders": "-3,492", "Basic EPS": "-0.17", "Diluted EPS": "-0.17", "Basic Average Shares": "20,995", "Diluted Average Shares": "20,995", "Total Operating Income as Reported": "4,626", "Total Expenses": "95,579", "Net Income from Continuing & Discontinued Operation": "-339.896", "Normalized Income": "-339.896", "Interest Income": "-", "Interest Expense": "4,303", "Net Interest Income": "-6,183", "EBIT": "4,626", "EBITDA": "-", "Reconciled Cost of Revenue": "66,427", "Reconciled Depreciation": "2,577", "Net Income from Continuing Operation Net Minority Interest": "-339.896", "Total Unusual Items Excluding Goodwill": "-", "Total Unusual Items": "-", "Normalized EBITDA": "7,203", "Tax Rate for Calcs": "0", "Tax Effect of Unusual Items": "0"}, "12/31/2019": {"Duration": "12/31/2019", "Total Revenue": "88,790", "Cost of Revenue": "60,222", "Gross Profit": "28,568", "Operating Expense": "21,629", "Operating Income": "6,939", "Net Non Operating Interest Income Expense": "-6,145", "Other Income Expense": "-", "Pretax Income": "793.815", "Tax Provision": "216.4", "Net Income Common Stockholders": "-1,860", "Diluted NI Available to Com Stockholders": "-1,860", "Basic EPS": "-0.11", "Diluted EPS": "-0.11", "Basic Average Shares": "17,672", "Diluted Average Shares": "17,672", "Total Operating Income as Reported": "5,104", "Total Expenses": "81,851", "Net Income from Continuing & Discontinued Operation": "577.415", "Normalized Income": "577.415", "Interest Income": "-", "Interest Expense": "4,310", "Net Interest Income": "-6,145", "EBIT": "5,104", "EBITDA": "-", "Reconciled Cost of Revenue": "1,644", "Reconciled Depreciation": "60,778", "Net Income from Continuing Operation Net Minority Interest": "577.415", "Total Unusual Items Excluding Goodwill": "0", "Total Unusual Items": "0", "Normalized EBITDA": "65,882", "Tax Rate for Calcs": "0", "Tax Effect of Unusual Items": "0"}, "12/31/2018": {"Duration": "12/31/2018", "Total Revenue": "84,728", "Cost of Revenue": "42,063", "Gross Profit": "42,666", "Operating Expense": "46,527", "Operating Income": "-3,861", "Net Non Operating Interest Income Expense": "-5,473", "Other Income Expense": "-126.622", "Pretax Income": "-9,461", "Tax Provision": "-", "Net Income Common Stockholders": "-11,888", "Diluted NI Available to Com Stockholders": "-11,888", "Basic EPS": "-1.39", "Diluted EPS": "-1.39", "Basic Average Shares": "8,575", "Diluted Average Shares": "8,575", "Total Operating Income as Reported": "-5,178", "Total Expenses": "88,590", "Net Income from Continuing & Discontinued Operation": "-9,461", "Normalized Income": "-9,335", "Interest Income": "-", "Interest Expense": "4,156", "Net Interest Income": "-5,473", "EBIT": "-5,305", "EBITDA": "-", "Reconciled Cost of Revenue": "927.073", "Reconciled Depreciation": "43,050", "Net Income from Continuing Operation Net Minority Interest": "-9,461", "Total Unusual Items Excluding Goodwill": "-126.622", "Total Unusual Items": "-126.622", "Normalized EBITDA": "37,872", "Tax Rate for Calcs": "0", "Tax Effect of Unusual Items": "0"}}, "bs": {"12/31/2020": {"Duration": "12/31/2020", "Total Assets": "68,249", "Total Liabilities Net Minority Interest": "57,095", "Total Equity Gross Minority Interest": "11,154", "Total Capitalization": "49,030", "Preferred Stock Equity": "22,804", "Common Stock Equity": "-11,650", "Capital Lease Obligations": "2,108", "Net Tangible Assets": "11,154", "Working Capital": "45,198", "Invested Capital": "32,227", "Tangible Book Value": "-11,650", "Total Debt": "45,984", "Net Debt": "35,335", "Share Issued": "21,360", "Ordinary Shares Number": "21,360"}, "12/31/2019": {"Duration": "12/31/2019", "Total Assets": "52,215", "Total Liabilities Net Minority Interest": "42,247", "Total Equity Gross Minority Interest": "9,968", "Total Capitalization": "42,598", "Preferred Stock Equity": "22,808", "Common Stock Equity": "-12,840", "Capital Lease Obligations": "2,095", "Net Tangible Assets": "9,968", "Working Capital": "39,327", "Invested Capital": "20,858", "Tangible Book Value": "-12,840", "Total Debt": "35,793", "Net Debt": "26,829", "Share Issued": "17,784", "Ordinary Shares Number": "17,784"}, "12/31/2018": {"Duration": "12/31/2018", "Total Assets": "48,626", "Total Liabilities Net Minority Interest": "40,134", "Total Equity Gross Minority Interest": "8,493", "Total Capitalization": "22,513", "Preferred Stock Equity": "23,149", "Common Stock Equity": "-14,656", "Capital Lease Obligations": "-", "Net Tangible Assets": "8,493", "Working Capital": "19,086", "Invested Capital": "15,431", "Tangible Book Value": "-14,656", "Total Debt": "30,088", "Net Debt": "23,947", "Share Issued": "17,580", "Ordinary Shares Number": "17,580"}}, "cf": {"TTM": {"Duration": "TTM", "Operating Cash Flow": "-5,208", "Investing Cash Flow": "-3,098", "Financing Cash Flow": "9,979", "End Cash Position": "8,541", "Interest Paid Supplemental Data": "3,973", "Capital Expenditure": "-3,098", "Issuance of Capital Stock": "0", "Issuance of Debt": "16,947", "Repayment of Debt": "-7,041", "Free Cash Flow": "-8,306"}, "12/31/2020": {"Duration": "12/31/2020", "Operating Cash Flow": "-5,208", "Investing Cash Flow": "-3,098", "Financing Cash Flow": "9,979", "End Cash Position": "8,541", "Interest Paid Supplemental Data": "3,973", "Capital Expenditure": "-3,098", "Issuance of Capital Stock": "-", "Issuance of Debt": "16,947", "Repayment of Debt": "-7,041", "Free Cash Flow": "-8,306"}, "12/31/2019": {"Duration": "12/31/2019", "Operating Cash Flow": "-469.461", "Investing Cash Flow": "-2,241", "Financing Cash Flow": "3,438", "End Cash Position": "6,868", "Interest Paid Supplemental Data": "3,606", "Capital Expenditure": "-2,241", "Issuance of Capital Stock": "0", "Issuance of Debt": "15,836", "Repayment of Debt": "-12,329", "Free Cash Flow": "-2,711"}, "12/31/2018": {"Duration": "12/31/2018", "Operating Cash Flow": "-18,160", "Investing Cash Flow": "-2,285", "Financing Cash Flow": "21,617", "End Cash Position": "6,141", "Interest Paid Supplemental Data": "2,806", "Capital Expenditure": "-2,285", "Issuance of Capital Stock": "10,008", "Issuance of Debt": "22,831", "Repayment of Debt": "-9,971", "Free Cash Flow": "-20,445"}}}}, {"PYPL": {"quote": {"03/26/2021": {"value": "241.03", "Market Cap": "282.29B", "Beta (5Y Monthly)": "1.15", "PE Ratio (TTM)": "68.09", "EPS (TTM)": "3.54", "Earnings Date": "May 04, 2021 - May 10, 2021", "Forward Dividend & Yield": "N/A (N/A)", "Ex-Dividend Date": "N/A", "1y Target Est": "306.60"}}, "fin": {"TTM": {"Duration": "TTM", "Total Revenue": "21,454,000", "Cost of Revenue": "11,453,000", "Gross Profit": "10,001,000", "Operating Expense": "6,573,000", "Operating Income": "3,428,000", "Net Non Operating Interest Income Expense": "-121,000", "Other Income Expense": "1,758,000", "Pretax Income": "5,065,000", "Tax Provision": "863,000", "Net Income Common Stockholders": "4,202,000", "Diluted NI Available to Com Stockholders": "4,202,000", "Basic EPS": "-", "Diluted EPS": "-", "Basic Average Shares": "-", "Diluted Average Shares": "-", "Total Operating Income as Reported": "3,289,000", "Total Expenses": "18,026,000", "Net Income from Continuing & Discontinued Operation": "4,202,000", "Normalized Income": "2,728,750", "Interest Income": "88,000", "Interest Expense": "209,000", "Net Interest Income": "-121,000", "EBIT": "5,274,000", "EBITDA": "6,463,000", "Reconciled Cost of Revenue": "11,453,000", "Reconciled Depreciation": "1,189,000", "Net Income from Continuing Operation Net Minority Interest": "4,202,000", "Total Unusual Items Excluding Goodwill": "1,775,000", "Total Unusual Items": "1,775,000", "Normalized EBITDA": "4,688,000", "Tax Rate for Calcs": "0", "Tax Effect of Unusual Items": "301,750"}, "12/31/2020": {"Duration": "12/31/2020", "Total Revenue": "21,454,000", "Cost of Revenue": "11,453,000", "Gross Profit": "10,001,000", "Operating Expense": "6,573,000", "Operating Income": "3,428,000", "Net Non Operating Interest Income Expense": "-121,000", "Other Income Expense": "1,758,000", "Pretax Income": "5,065,000", "Tax Provision": "863,000", "Net Income Common Stockholders": "4,202,000", "Diluted NI Available to Com Stockholders": "4,202,000", "Basic EPS": "3.58", "Diluted EPS": "3.54", "Basic Average Shares": "1,173,000", "Diluted Average Shares": "1,187,000", "Total Operating Income as Reported": "3,289,000", "Total Expenses": "18,026,000", "Net Income from Continuing & Discontinued Operation": "4,202,000", "Normalized Income": "2,728,750", "Interest Income": "88,000", "Interest Expense": "209,000", "Net Interest Income": "-121,000", "EBIT": "5,274,000", "EBITDA": "-", "Reconciled Cost of Revenue": "11,453,000", "Reconciled Depreciation": "1,189,000", "Net Income from Continuing Operation Net Minority Interest": "4,202,000", "Total Unusual Items Excluding Goodwill": "1,775,000", "Total Unusual Items": "1,775,000", "Normalized EBITDA": "4,688,000", "Tax Rate for Calcs": "0", "Tax Effect of Unusual Items": "301,750"}, "12/31/2019": {"Duration": "12/31/2019", "Total Revenue": "17,772,000", "Cost of Revenue": "9,785,000", "Gross Profit": "7,987,000", "Operating Expense": "5,197,000", "Operating Income": "2,790,000", "Net Non Operating Interest Income Expense": "82,000", "Other Income Expense": "126,000", "Pretax Income": "2,998,000", "Tax Provision": "539,000", "Net Income Common Stockholders": "2,459,000", "Diluted NI Available to Com Stockholders": "2,459,000", "Basic EPS": "2.09", "Diluted EPS": "2.07", "Basic Average Shares": "1,174,000", "Diluted Average Shares": "1,188,000", "Total Operating Income as Reported": "2,719,000", "Total Expenses": "14,982,000", "Net Income from Continuing & Discontinued Operation": "2,459,000", "Normalized Income": "2,346,660", "Interest Income": "197,000", "Interest Expense": "115,000", "Net Interest Income": "82,000", "EBIT": "3,113,000", "EBITDA": "-", "Reconciled Cost of Revenue": "9,785,000", "Reconciled Depreciation": "912,000", "Net Income from Continuing Operation Net Minority Interest": "2,459,000", "Total Unusual Items Excluding Goodwill": "137,000", "Total Unusual Items": "137,000", "Normalized EBITDA": "3,888,000", "Tax Rate for Calcs": "0", "Tax Effect of Unusual Items": "24,660"}, "12/31/2018": {"Duration": "12/31/2018", "Total Revenue": "15,451,000", "Cost of Revenue": "8,337,000", "Gross Profit": "7,114,000", "Operating Expense": "4,611,000", "Operating Income": "2,503,000", "Net Non Operating Interest Income Expense": "91,000", "Other Income Expense": "-218,000", "Pretax Income": "2,376,000", "Tax Provision": "319,000", "Net Income Common Stockholders": "2,057,000", "Diluted NI Available to Com Stockholders": "2,057,000", "Basic EPS": "1.74", "Diluted EPS": "1.71", "Basic Average Shares": "1,184,000", "Diluted Average Shares": "1,203,000", "Total Operating Income as Reported": "2,194,000", "Total Expenses": "12,948,000", "Net Income from Continuing & Discontinued Operation": "2,057,000", "Normalized Income": "2,324,594", "Interest Income": "168,000", "Interest Expense": "77,000", "Net Interest Income": "91,000", "EBIT": "2,453,000", "EBITDA": "-", "Reconciled Cost of Revenue": "8,337,000", "Reconciled Depreciation": "776,000", "Net Income from Continuing Operation Net Minority Interest": "2,057,000", "Total Unusual Items Excluding Goodwill": "-309,000", "Total Unusual Items": "-309,000", "Normalized EBITDA": "3,538,000", "Tax Rate for Calcs": "0", "Tax Effect of Unusual Items": "-41,406"}}, "bs": {"12/31/2020": {"Duration": "12/31/2020", "Total Assets": "70,379,000", "Total Liabilities Net Minority Interest": "50,316,000", "Total Equity Gross Minority Interest": "20,063,000", "Total Capitalization": "28,958,000", "Common Stock Equity": "20,019,000", "Net Tangible Assets": "9,836,000", "Working Capital": "12,548,000", "Invested Capital": "28,958,000", "Tangible Book Value": "9,836,000", "Total Debt": "8,939,000", "Net Debt": "4,145,000", "Share Issued": "1,289,000", "Ordinary Shares Number": "1,172,000", "Treasury Shares Number": "117,000"}, "12/31/2019": {"Duration": "12/31/2019", "Total Assets": "51,333,000", "Total Liabilities Net Minority Interest": "34,404,000", "Total Equity Gross Minority Interest": "16,929,000", "Total Capitalization": "21,850,000", "Common Stock Equity": "16,885,000", "Net Tangible Assets": "9,895,000", "Working Capital": "11,576,000", "Invested Capital": "21,850,000", "Tangible Book Value": "9,895,000", "Total Debt": "4,965,000", "Net Debt": "-", "Share Issued": "1,278,000", "Ordinary Shares Number": "1,173,000", "Treasury Shares Number": "105,000"}, "12/31/2018": {"Duration": "12/31/2018", "Total Assets": "43,332,000", "Total Liabilities Net Minority Interest": "27,946,000", "Total Equity Gross Minority Interest": "15,386,000", "Total Capitalization": "15,386,000", "Common Stock Equity": "15,386,000", "Net Tangible Assets": "8,277,000", "Working Capital": "7,059,000", "Invested Capital": "17,384,000", "Tangible Book Value": "8,277,000", "Total Debt": "1,998,000", "Net Debt": "-", "Share Issued": "1,265,000", "Ordinary Shares Number": "1,174,000", "Treasury Shares Number": "91,000"}}, "cf": {"TTM": {"Duration": "TTM", "Operating Cash Flow": "5,854,000", "Investing Cash Flow": "-16,218,000", "Financing Cash Flow": "12,492,000", "End Cash Position": "18,040,000", "Income Tax Paid Supplemental Data": "565,000", "Interest Paid Supplemental Data": "190,000", "Capital Expenditure": "-866,000", "Issuance of Capital Stock": "137,000", "Issuance of Debt": "6,966,000", "Repayment of Debt": "-3,000,000", "Repurchase of Capital Stock": "-1,635,000", "Free Cash Flow": "4,988,000"}, "12/31/2020": {"Duration": "12/31/2020", "Operating Cash Flow": "5,854,000", "Investing Cash Flow": "-16,218,000", "Financing Cash Flow": "12,492,000", "End Cash Position": "18,040,000", "Income Tax Paid Supplemental Data": "565,000", "Interest Paid Supplemental Data": "190,000", "Capital Expenditure": "-866,000", "Issuance of Capital Stock": "137,000", "Issuance of Debt": "6,966,000", "Repayment of Debt": "-3,000,000", "Repurchase of Capital Stock": "-1,635,000", "Free Cash Flow": "4,988,000"}, "12/31/2019": {"Duration": "12/31/2019", "Operating Cash Flow": "4,561,000", "Investing Cash Flow": "-5,733,000", "Financing Cash Flow": "3,688,000", "End Cash Position": "15,743,000", "Income Tax Paid Supplemental Data": "665,000", "Interest Paid Supplemental Data": "78,000", "Capital Expenditure": "-704,000", "Issuance of Capital Stock": "138,000", "Issuance of Debt": "5,471,000", "Repayment of Debt": "-2,516,000", "Repurchase of Capital Stock": "-1,411,000", "Free Cash Flow": "3,857,000"}, "12/31/2018": {"Duration": "12/31/2018", "Operating Cash Flow": "5,483,000", "Investing Cash Flow": "840,000", "Financing Cash Flow": "-1,262,000", "End Cash Position": "13,233,000", "Income Tax Paid Supplemental Data": "328,000", "Interest Paid Supplemental Data": "69,000", "Capital Expenditure": "-823,000", "Issuance of Capital Stock": "144,000", "Issuance of Debt": "2,075,000", "Repayment of Debt": "-1,115,000", "Repurchase of Capital Stock": "-3,520,000", "Free Cash Flow": "4,660,000"}}}}, {"V": {"quote": {"03/26/2021": {"value": "213.53", "Market Cap": "470.802B", "Beta (5Y Monthly)": "0.98", "PE Ratio (TTM)": "44.08", "EPS (TTM)": "4.84", "Earnings Date": "Apr 28, 2021 - May 03, 2021", "Forward Dividend & Yield": "1.28 (0.62%)", "Ex-Dividend Date": "Feb 11, 2021", "1y Target Est": "244.56"}}, "fin": {"TTM": {"Duration": "TTM", "Total Revenue": "21,479,000", "Cost of Revenue": "4,503,000", "Gross Profit": "16,976,000", "Operating Expense": "3,055,000", "Operating Income": "13,921,000", "Net Non Operating Interest Income Expense": "-541,000", "Other Income Expense": "184,000", "Pretax Income": "13,564,000", "Tax Provision": "2,844,000", "Net Income Common Stockholders": "10,720,000", "Average Dilution Earnings": "-", "Diluted NI Available to Com Stockholders": "10,720,000", "Basic EPS": "-", "Diluted EPS": "-", "Basic Average Shares": "-", "Diluted Average Shares": "-", "Total Operating Income as Reported": "13,909,000", "Total Expenses": "7,558,000", "Net Income from Continuing & Discontinued Operation": "10,720,000", "Normalized Income": "10,574,580", "Interest Expense": "541,000", "Net Interest Income": "-541,000", "EBIT": "14,105,000", "EBITDA": "14,887,000", "Reconciled Cost of Revenue": "4,503,000", "Reconciled Depreciation": "782,000", "Net Income from Continuing Operation Net Minority Interest": "10,720,000", "Total Unusual Items Excluding Goodwill": "184,000", "Total Unusual Items": "184,000", "Normalized EBITDA": "14,703,000", "Tax Rate for Calcs": "0", "Tax Effect of Unusual Items": "38,580"}, "9/30/2020": {"Duration": "9/30/2020", "Total Revenue": "21,846,000", "Cost of Revenue": "4,512,000", "Gross Profit": "17,334,000", "Operating Expense": "3,242,000", "Operating Income": "14,092,000", "Net Non Operating Interest Income Expense": "-516,000", "Other Income Expense": "214,000", "Pretax Income": "13,790,000", "Tax Provision": "2,924,000", "Net Income Common Stockholders": "10,866,000", "Average Dilution Earnings": "-", "Diluted NI Available to Com Stockholders": "10,866,000", "Basic EPS": "4.90", "Diluted EPS": "4.89", "Basic Average Shares": "2,140,301", "Diluted Average Shares": "2,223,000", "Total Operating Income as Reported": "14,081,000", "Total Expenses": "7,754,000", "Net Income from Continuing & Discontinued Operation": "10,866,000", "Normalized Income": "10,697,368", "Interest Expense": "516,000", "Net Interest Income": "-516,000", "EBIT": "14,306,000", "EBITDA": "-", "Reconciled Cost of Revenue": "4,512,000", "Reconciled Depreciation": "767,000", "Net Income from Continuing Operation Net Minority Interest": "10,866,000", "Total Unusual Items Excluding Goodwill": "214,000", "Total Unusual Items": "214,000", "Normalized EBITDA": "14,859,000", "Tax Rate for Calcs": "0", "Tax Effect of Unusual Items": "45,368"}, "9/30/2019": {"Duration": "9/30/2019", "Total Revenue": "22,977,000", "Cost of Revenue": "4,165,000", "Gross Profit": "18,812,000", "Operating Expense": "3,411,000", "Operating Income": "15,401,000", "Net Non Operating Interest Income Expense": "-533,000", "Other Income Expense": "16,000", "Pretax Income": "14,884,000", "Tax Provision": "2,804,000", "Net Income Common Stockholders": "12,080,000", "Average Dilution Earnings": "-", "Diluted NI Available to Com Stockholders": "12,080,000", "Basic EPS": "5.32", "Diluted EPS": "5.32", "Basic Average Shares": "2,189,301", "Diluted Average Shares": "2,272,000", "Total Operating Income as Reported": "15,001,000", "Total Expenses": "7,576,000", "Net Income from Continuing & Discontinued Operation": "12,080,000", "Normalized Income": "12,067,008", "Interest Expense": "533,000", "Net Interest Income": "-533,000", "EBIT": "15,401,000", "EBITDA": "-", "Reconciled Cost of Revenue": "4,165,000", "Reconciled Depreciation": "656,000", "Net Income from Continuing Operation Net Minority Interest": "12,080,000", "Total Unusual Items Excluding Goodwill": "16,000", "Total Unusual Items": "16,000", "Normalized EBITDA": "16,041,000", "Tax Rate for Calcs": "0", "Tax Effect of Unusual Items": "3,008"}, "9/30/2018": {"Duration": "9/30/2018", "Total Revenue": "20,609,000", "Cost of Revenue": "3,856,000", "Gross Profit": "16,753,000", "Operating Expense": "3,192,000", "Operating Income": "13,561,000", "Net Non Operating Interest Income Expense": "-612,000", "Other Income Expense": "-143,000", "Pretax Income": "12,806,000", "Tax Provision": "2,505,000", "Net Income Common Stockholders": "9,942,000", "Average Dilution Earnings": "359,000", "Diluted NI Available to Com Stockholders": "10,301,000", "Basic EPS": "4.43", "Diluted EPS": "4.42", "Basic Average Shares": "2,239,301", "Diluted Average Shares": "2,329,000", "Total Operating Income as Reported": "12,954,000", "Total Expenses": "7,048,000", "Net Income from Continuing & Discontinued Operation": "10,301,000", "Normalized Income": "10,789,028", "Interest Expense": "612,000", "Net Interest Income": "-612,000", "EBIT": "13,418,000", "EBITDA": "-", "Reconciled Cost of Revenue": "3,856,000", "Reconciled Depreciation": "613,000", "Net Income from Continuing Operation Net Minority Interest": "10,301,000", "Total Unusual Items Excluding Goodwill": "-607,000", "Total Unusual Items": "-607,000", "Normalized EBITDA": "14,638,000", "Tax Rate for Calcs": "0", "Tax Effect of Unusual Items": "-118,972"}}, "bs": {"9/30/2020": {"Duration": "9/30/2020", "Total Assets": "80,919,000", "Total Liabilities Net Minority Interest": "44,709,000", "Total Equity Gross Minority Interest": "36,210,000", "Total Capitalization": "57,281,000", "Preferred Stock Equity": "5,086,000", "Common Stock Equity": "31,124,000", "Net Tangible Assets": "-7,508,000", "Working Capital": "13,135,000", "Invested Capital": "55,194,000", "Tangible Book Value": "-12,594,000", "Total Debt": "24,070,000", "Net Debt": "7,781,000", "Share Issued": "2,124,586", "Ordinary Shares Number": "2,124,586"}, "9/30/2019": {"Duration": "9/30/2019", "Total Assets": "72,574,000", "Total Liabilities Net Minority Interest": "37,890,000", "Total Equity Gross Minority Interest": "34,684,000", "Total Capitalization": "51,413,000", "Preferred Stock Equity": "5,462,000", "Common Stock Equity": "29,222,000", "Net Tangible Assets": "-7,752,000", "Working Capital": "7,555,000", "Invested Capital": "45,951,000", "Tangible Book Value": "-13,214,000", "Total Debt": "16,729,000", "Net Debt": "8,891,000", "Share Issued": "2,227,160", "Ordinary Shares Number": "2,227,160"}, "9/30/2018": {"Duration": "9/30/2018", "Total Assets": "69,225,000", "Total Liabilities Net Minority Interest": "35,219,000", "Total Equity Gross Minority Interest": "34,006,000", "Total Capitalization": "50,636,000", "Preferred Stock Equity": "5,470,000", "Common Stock Equity": "28,536,000", "Net Tangible Assets": "-8,746,000", "Working Capital": "6,911,000", "Invested Capital": "45,166,000", "Tangible Book Value": "-14,216,000", "Total Debt": "16,630,000", "Net Debt": "8,468,000", "Share Issued": "2,213,586", "Ordinary Shares Number": "2,213,586"}}, "cf": {"TTM": {"Duration": "TTM", "Operating Cash Flow": "10,078,000", "Investing Cash Flow": "1,504,000", "Financing Cash Flow": "-6,407,000", "End Cash Position": "17,438,000", "Income Tax Paid Supplemental Data": "2,578,000", "Interest Paid Supplemental Data": "584,000", "Capital Expenditure": "-705,000", "Issuance of Debt": "1,001,000", "Repayment of Debt": "-3,000,000", "Repurchase of Capital Stock": "-7,540,000", "Free Cash Flow": "9,373,000"}, "9/30/2020": {"Duration": "9/30/2020", "Operating Cash Flow": "10,440,000", "Investing Cash Flow": "1,427,000", "Financing Cash Flow": "-3,968,000", "End Cash Position": "19,171,000", "Income Tax Paid Supplemental Data": "2,671,000", "Interest Paid Supplemental Data": "537,000", "Capital Expenditure": "-736,000", "Issuance of Debt": "7,212,000", "Repayment of Debt": "0", "Repurchase of Capital Stock": "-8,114,000", "Free Cash Flow": "9,704,000"}, "9/30/2019": {"Duration": "9/30/2019", "Operating Cash Flow": "12,784,000", "Investing Cash Flow": "-591,000", "Financing Cash Flow": "-12,061,000", "End Cash Position": "10,832,000", "Income Tax Paid Supplemental Data": "2,648,000", "Interest Paid Supplemental Data": "537,000", "Capital Expenditure": "-756,000", "Issuance of Debt": "0", "Repayment of Debt": "0", "Repurchase of Capital Stock": "-8,607,000", "Free Cash Flow": "12,028,000"}, "9/30/2018": {"Duration": "9/30/2018", "Operating Cash Flow": "12,713,000", "Investing Cash Flow": "-3,084,000", "Financing Cash Flow": "-11,240,000", "End Cash Position": "8,162,000", "Income Tax Paid Supplemental Data": "2,285,000", "Interest Paid Supplemental Data": "545,000", "Capital Expenditure": "-718,000", "Issuance of Debt": "0", "Repayment of Debt": "-1,750,000", "Repurchase of Capital Stock": "-7,192,000", "Free Cash Flow": "11,995,000"}}}}, {"MA": {"quote": {"03/26/2021": {"value": "366.14", "Market Cap": "363.71B", "Beta (5Y Monthly)": "1.20", "PE Ratio (TTM)": "57.48", "EPS (TTM)": "6.37", "Earnings Date": "Apr 27, 2021 - May 03, 2021", "Forward Dividend & Yield": "1.76 (0.49%)", "Ex-Dividend Date": "Apr 08, 2021", "1y Target Est": "394.34"}}, "fin": {"TTM": {"Duration": "TTM", "Total Revenue": "15,301,000", "Cost of Revenue": "3,787,000", "Gross Profit": "11,514,000", "Operating Expense": "3,351,000", "Operating Income": "8,163,000", "Net Non Operating Interest Income Expense": "-380,000", "Other Income Expense": "-23,000", "Pretax Income": "7,760,000", "Tax Provision": "1,349,000", "Net Income Common Stockholders": "6,411,000", "Diluted NI Available to Com Stockholders": "6,411,000", "Basic EPS": "-", "Diluted EPS": "-", "Basic Average Shares": "-", "Diluted Average Shares": "-", "Total Operating Income as Reported": "8,081,000", "Total Expenses": "7,138,000", "Net Income from Continuing & Discontinued Operation": "6,411,000", "Normalized Income": "6,434,128", "Interest Expense": "380,000", "Net Interest Income": "-380,000", "EBIT": "8,140,000", "EBITDA": "8,720,000", "Reconciled Cost of Revenue": "3,787,000", "Reconciled Depreciation": "580,000", "Net Income from Continuing Operation Net Minority Interest": "6,411,000", "Total Unusual Items Excluding Goodwill": "-28,000", "Total Unusual Items": "-28,000", "Normalized EBITDA": "8,748,000", "Tax Rate for Calcs": "0", "Tax Effect of Unusual Items": "-4,872"}, "12/31/2020": {"Duration": "12/31/2020", "Total Revenue": "15,301,000", "Cost of Revenue": "3,787,000", "Gross Profit": "11,514,000", "Operating Expense": "3,351,000", "Operating Income": "8,163,000", "Net Non Operating Interest Income Expense": "-380,000", "Other Income Expense": "-23,000", "Pretax Income": "7,760,000", "Tax Provision": "1,349,000", "Net Income Common Stockholders": "6,411,000", "Diluted NI Available to Com Stockholders": "6,411,000", "Basic EPS": "-", "Diluted EPS": "-", "Basic Average Shares": "-", "Diluted Average Shares": "-", "Total Operating Income as Reported": "8,081,000", "Total Expenses": "7,138,000", "Net Income from Continuing & Discontinued Operation": "6,411,000", "Normalized Income": "6,434,128", "Interest Expense": "380,000", "Net Interest Income": "-380,000", "EBIT": "8,140,000", "EBITDA": "-", "Reconciled Cost of Revenue": "3,787,000", "Reconciled Depreciation": "580,000", "Net Income from Continuing Operation Net Minority Interest": "6,411,000", "Total Unusual Items Excluding Goodwill": "-28,000", "Total Unusual Items": "-28,000", "Normalized EBITDA": "8,748,000", "Tax Rate for Calcs": "0", "Tax Effect of Unusual Items": "-4,872"}, "12/31/2019": {"Duration": "12/31/2019", "Total Revenue": "16,883,000", "Cost of Revenue": "3,537,000", "Gross Profit": "13,346,000", "Operating Expense": "3,650,000", "Operating Income": "9,696,000", "Net Non Operating Interest Income Expense": "-224,000", "Other Income Expense": "259,000", "Pretax Income": "9,731,000", "Tax Provision": "1,613,000", "Net Income Common Stockholders": "8,118,000", "Diluted NI Available to Com Stockholders": "8,118,000", "Basic EPS": "7.98", "Diluted EPS": "7.94", "Basic Average Shares": "1,017,000", "Diluted Average Shares": "1,022,000", "Total Operating Income as Reported": "9,664,000", "Total Expenses": "7,187,000", "Net Income from Continuing & Discontinued Operation": "8,118,000", "Normalized Income": "7,924,512", "Interest Expense": "224,000", "Net Interest Income": "-224,000", "EBIT": "9,955,000", "EBITDA": "-", "Reconciled Cost of Revenue": "3,537,000", "Reconciled Depreciation": "522,000", "Net Income from Continuing Operation Net Minority Interest": "8,118,000", "Total Unusual Items Excluding Goodwill": "232,000", "Total Unusual Items": "232,000", "Normalized EBITDA": "10,245,000", "Tax Rate for Calcs": "0", "Tax Effect of Unusual Items": "38,512"}, "12/31/2018": {"Duration": "12/31/2018", "Total Revenue": "14,950,000", "Cost of Revenue": "3,214,000", "Gross Profit": "11,736,000", "Operating Expense": "3,362,000", "Operating Income": "8,374,000", "Net Non Operating Interest Income Expense": "-186,000", "Other Income Expense": "-984,000", "Pretax Income": "7,204,000", "Tax Provision": "1,345,000", "Net Income Common Stockholders": "5,859,000", "Diluted NI Available to Com Stockholders": "5,859,000", "Basic EPS": "5.63", "Diluted EPS": "5.60", "Basic Average Shares": "1,041,000", "Diluted Average Shares": "1,047,000", "Total Operating Income as Reported": "7,282,000", "Total Expenses": "6,576,000", "Net Income from Continuing & Discontinued Operation": "5,859,000", "Normalized Income": "6,647,610", "Interest Expense": "186,000", "Net Interest Income": "-186,000", "EBIT": "7,390,000", "EBITDA": "-", "Reconciled Cost of Revenue": "3,214,000", "Reconciled Depreciation": "459,000", "Net Income from Continuing Operation Net Minority Interest": "5,859,000", "Total Unusual Items Excluding Goodwill": "-970,000", "Total Unusual Items": "-970,000", "Normalized EBITDA": "8,819,000", "Tax Rate for Calcs": "0", "Tax Effect of Unusual Items": "-181,390"}}, "bs": {"12/31/2020": {"Duration": "12/31/2020", "Total Assets": "33,584,000", "Total Liabilities Net Minority Interest": "27,096,000", "Total Equity Gross Minority Interest": "6,488,000", "Total Capitalization": "18,414,000", "Common Stock Equity": "6,391,000", "Net Tangible Assets": "-322,000", "Working Capital": "7,266,000", "Invested Capital": "19,063,000", "Tangible Book Value": "-322,000", "Total Debt": "12,672,000", "Net Debt": "2,559,000", "Share Issued": "1,404,000", "Ordinary Shares Number": "995,000", "Treasury Shares Number": "409,000"}, "12/31/2019": {"Duration": "12/31/2019", "Total Assets": "29,236,000", "Total Liabilities Net Minority Interest": "23,319,000", "Total Equity Gross Minority Interest": "5,917,000", "Total Capitalization": "14,420,000", "Common Stock Equity": "5,893,000", "Net Tangible Assets": "455,000", "Working Capital": "4,998,000", "Invested Capital": "14,420,000", "Tangible Book Value": "455,000", "Total Debt": "8,527,000", "Net Debt": "1,539,000", "Share Issued": "1,402,415", "Ordinary Shares Number": "1,007,415", "Treasury Shares Number": "395,000"}, "12/31/2018": {"Duration": "12/31/2018", "Total Assets": "24,860,000", "Total Liabilities Net Minority Interest": "19,442,000", "Total Equity Gross Minority Interest": "5,418,000", "Total Capitalization": "11,229,000", "Common Stock Equity": "5,395,000", "Net Tangible Assets": "1,500,000", "Working Capital": "4,578,000", "Invested Capital": "11,729,000", "Tangible Book Value": "1,500,000", "Total Debt": "6,334,000", "Net Debt": "-", "Share Issued": "1,399,000", "Ordinary Shares Number": "1,031,000", "Treasury Shares Number": "368,000"}}, "cf": {"TTM": {"Duration": "TTM", "Operating Cash Flow": "7,224,000", "Investing Cash Flow": "-1,879,000", "Financing Cash Flow": "-2,152,000", "End Cash Position": "12,419,000", "Capital Expenditure": "-708,000", "Issuance of Debt": "3,959,000", "Repayment of Debt": "0", "Repurchase of Capital Stock": "-4,473,000", "Free Cash Flow": "6,516,000"}, "12/31/2020": {"Duration": "12/31/2020", "Operating Cash Flow": "7,224,000", "Investing Cash Flow": "-1,879,000", "Financing Cash Flow": "-2,152,000", "End Cash Position": "12,419,000", "Capital Expenditure": "-708,000", "Issuance of Debt": "3,959,000", "Repayment of Debt": "-", "Repurchase of Capital Stock": "-4,473,000", "Free Cash Flow": "6,516,000"}, "12/31/2019": {"Duration": "12/31/2019", "Operating Cash Flow": "8,183,000", "Investing Cash Flow": "-1,640,000", "Financing Cash Flow": "-5,867,000", "End Cash Position": "8,969,000", "Capital Expenditure": "-728,000", "Issuance of Debt": "2,724,000", "Repayment of Debt": "-500,000", "Repurchase of Capital Stock": "-6,497,000", "Free Cash Flow": "7,455,000"}, "12/31/2018": {"Duration": "12/31/2018", "Operating Cash Flow": "6,223,000", "Investing Cash Flow": "-506,000", "Financing Cash Flow": "-4,966,000", "End Cash Position": "8,337,000", "Capital Expenditure": "-504,000", "Issuance of Debt": "991,000", "Repayment of Debt": "0", "Repurchase of Capital Stock": "-4,933,000", "Free Cash Flow": "5,719,000"}}}}, {"NNI": {"quote": {"03/26/2021": {"value": "74.47", "Market Cap": "2.856B", "Beta (5Y Monthly)": "0.72", "PE Ratio (TTM)": "8.25", "EPS (TTM)": "9.02", "Earnings Date": "May 05, 2021 - May 10, 2021", "Forward Dividend & Yield": "0.88 (1.20%)", "Ex-Dividend Date": "Feb 26, 2021", "1y Target Est": "82.00"}}, "fin": {"TTM": {"Duration": "TTM", "Total Revenue": "1,061,086", "Credit Losses Provision": "-63,360", "Non Interest Expense": "781,105", "Special Income Charges": "233,865", "Pretax Income": "450,486", "Tax Provision": "100,860", "Net Income Common Stockholders": "352,443", "Diluted NI Available to Com Stockholders": "352,443", "Basic EPS": "-", "Diluted EPS": "-", "Basic Average Shares": "-", "Diluted Average Shares": "-", "INTEREST_INCOME_AFTER_PROVISION_FOR_LOAN_LOSS": "226,225", "Net Income from Continuing & Discontinued Operation": "352,443", "Normalized Income": "170,730", "Reconciled Depreciation": "198,473", "Net Income from Continuing Operation Net Minority Interest": "352,443", "Total Unusual Items Excluding Goodwill": "233,865", "Total Unusual Items": "233,865", "Tax Rate for Calcs": "0", "Tax Effect of Unusual Items": "52,152"}, "12/31/2020": {"Duration": "12/31/2020", "Total Revenue": "1,061,086", "Credit Losses Provision": "-63,360", "Non Interest Expense": "781,105", "Special Income Charges": "233,865", "Pretax Income": "450,486", "Tax Provision": "100,860", "Net Income Common Stockholders": "352,443", "Diluted NI Available to Com Stockholders": "352,443", "Basic EPS": "-", "Diluted EPS": "-", "Basic Average Shares": "-", "Diluted Average Shares": "-", "INTEREST_INCOME_AFTER_PROVISION_FOR_LOAN_LOSS": "226,225", "Net Income from Continuing & Discontinued Operation": "352,443", "Normalized Income": "170,730", "Reconciled Depreciation": "198,473", "Net Income from Continuing Operation Net Minority Interest": "352,443", "Total Unusual Items Excluding Goodwill": "233,865", "Total Unusual Items": "233,865", "Tax Rate for Calcs": "0", "Tax Effect of Unusual Items": "52,152"}, "12/31/2019": {"Duration": "12/31/2019", "Total Revenue": "978,569", "Credit Losses Provision": "-39,000", "Non Interest Expense": "762,824", "Special Income Charges": "0", "Pretax Income": "176,745", "Tax Provision": "35,451", "Net Income Common Stockholders": "141,803", "Diluted NI Available to Com Stockholders": "141,803", "Basic EPS": "3.54", "Diluted EPS": "3.54", "Basic Average Shares": "40,047", "Diluted Average Shares": "40,047", "INTEREST_INCOME_AFTER_PROVISION_FOR_LOAN_LOSS": "210,350", "Net Income from Continuing & Discontinued Operation": "141,803", "Normalized Income": "141,803", "Reconciled Depreciation": "192,662", "Net Income from Continuing Operation Net Minority Interest": "141,803", "Total Unusual Items Excluding Goodwill": "0", "Total Unusual Items": "0", "Tax Rate for Calcs": "0", "Tax Effect of Unusual Items": "0"}, "12/31/2018": {"Duration": "12/31/2018", "Total Revenue": "998,341", "Credit Losses Provision": "-23,000", "Non Interest Expense": "689,047", "Special Income Charges": "0", "Pretax Income": "286,294", "Tax Provision": "58,770", "Net Income Common Stockholders": "227,913", "Diluted NI Available to Com Stockholders": "227,913", "Basic EPS": "5.57", "Diluted EPS": "5.57", "Basic Average Shares": "40,909", "Diluted Average Shares": "40,909", "INTEREST_INCOME_AFTER_PROVISION_FOR_LOAN_LOSS": "231,360", "Net Income from Continuing & Discontinued Operation": "227,913", "Normalized Income": "227,913", "Reconciled Depreciation": "184,682", "Net Income from Continuing Operation Net Minority Interest": "227,913", "Total Unusual Items Excluding Goodwill": "0", "Total Unusual Items": "0", "Tax Rate for Calcs": "0", "Tax Effect of Unusual Items": "0"}}, "bs": {"12/31/2020": {"Duration": "12/31/2020", "Total Assets": "22,646,160", "Total Liabilities Net Minority Interest": "20,017,811", "Total Equity Gross Minority Interest": "2,628,349", "Total Capitalization": "21,915,517", "Common Stock Equity": "2,632,042", "Net Tangible Assets": "2,414,880", "Invested Capital": "21,952,768", "Tangible Book Value": "2,414,880", "Total Debt": "19,320,726", "Net Debt": "19,199,477", "Share Issued": "38,349", "Ordinary Shares Number": "38,349"}, "12/31/2019": {"Duration": "12/31/2019", "Total Assets": "23,708,970", "Total Liabilities Net Minority Interest": "21,317,876", "Total Equity Gross Minority Interest": "2,391,094", "Total Capitalization": "22,087,672", "Common Stock Equity": "2,386,712", "Net Tangible Assets": "2,148,268", "Invested Capital": "22,915,766", "Tangible Book Value": "2,148,268", "Total Debt": "20,529,054", "Net Debt": "20,395,148", "Share Issued": "39,730", "Ordinary Shares Number": "39,730"}, "12/31/2018": {"Duration": "12/31/2018", "Total Assets": "25,220,968", "Total Liabilities Net Minority Interest": "22,906,189", "Total Equity Gross Minority Interest": "2,314,779", "Total Capitalization": "23,226,318", "Common Stock Equity": "2,304,464", "Net Tangible Assets": "2,033,262", "Invested Capital": "24,523,204", "Tangible Book Value": "2,033,262", "Total Debt": "22,218,740", "Net Debt": "22,097,393", "Share Issued": "40,258", "Ordinary Shares Number": "40,258"}}, "cf": {"TTM": {"Duration": "TTM", "Operating Cash Flow": "212,815", "Investing Cash Flow": "621,219", "Financing Cash Flow": "-1,098,240", "End Cash Position": "958,395", "Income Tax Paid Supplemental Data": "29,685", "Interest Paid Supplemental Data": "301,570", "Capital Expenditure": "-113,312", "Issuance of Capital Stock": "1,653", "Issuance of Debt": "1,884,689", "Repayment of Debt": "-3,129,485", "Repurchase of Capital Stock": "-73,358", "Free Cash Flow": "99,503"}, "12/31/2020": {"Duration": "12/31/2020", "Operating Cash Flow": "212,815", "Investing Cash Flow": "621,219", "Financing Cash Flow": "-1,098,240", "End Cash Position": "958,395", "Income Tax Paid Supplemental Data": "29,685", "Interest Paid Supplemental Data": "301,570", "Capital Expenditure": "-113,312", "Issuance of Capital Stock": "1,653", "Issuance of Debt": "1,884,689", "Repayment of Debt": "-3,129,485", "Repurchase of Capital Stock": "-73,358", "Free Cash Flow": "99,503"}, "12/31/2019": {"Duration": "12/31/2019", "Operating Cash Flow": "298,915", "Investing Cash Flow": "1,524,566", "Financing Cash Flow": "-1,793,271", "End Cash Position": "1,222,601", "Income Tax Paid Supplemental Data": "17,672", "Interest Paid Supplemental Data": "657,436", "Capital Expenditure": "-92,499", "Issuance of Capital Stock": "1,552", "Issuance of Debt": "2,997,972", "Repayment of Debt": "-4,712,908", "Repurchase of Capital Stock": "-40,411", "Free Cash Flow": "206,416"}, "12/31/2018": {"Duration": "12/31/2018", "Operating Cash Flow": "270,892", "Investing Cash Flow": "-732,351", "Financing Cash Flow": "711,784", "End Cash Position": "1,192,391", "Income Tax Paid Supplemental Data": "473", "Interest Paid Supplemental Data": "591,394", "Capital Expenditure": "-125,023", "Issuance of Capital Stock": "1,359", "Issuance of Debt": "3,922,962", "Repayment of Debt": "-3,113,503", "Repurchase of Capital Stock": "-45,331", "Free Cash Flow": "145,869"}}}}, {"MGI": {"quote": {"03/26/2021": {"value": "6.03", "Market Cap": "466.188M", "Beta (5Y Monthly)": "1.80", "PE Ratio (TTM)": "N/A", "EPS (TTM)": "-0.10", "Earnings Date": "Feb 22, 2021", "Forward Dividend & Yield": "N/A (N/A)", "Ex-Dividend Date": "Dec 12, 2007", "1y Target Est": "6.83"}}, "fin": {"TTM": {"Duration": "TTM", "Total Revenue": "1,217,200", "Cost of Revenue": "876,800", "Gross Profit": "340,400", "Operating Expense": "237,400", "Operating Income": "103,000", "Net Non Operating Interest Income Expense": "-92,400", "Other Income Expense": "-4,500", "Pretax Income": "6,100", "Tax Provision": "14,000", "Net Income Common Stockholders": "-7,900", "Diluted NI Available to Com Stockholders": "-7,900", "Basic EPS": "-", "Diluted EPS": "-", "Basic Average Shares": "-", "Diluted Average Shares": "-", "Total Operating Income as Reported": "103,000", "Rent Expense Supplemental": "61,400", "Total Expenses": "1,114,200", "Net Income from Continuing & Discontinued Operation": "-7,900", "Normalized Income": "-7,900", "Interest Expense": "92,400", "Net Interest Income": "-92,400", "EBIT": "98,500", "EBITDA": "162,900", "Reconciled Cost of Revenue": "876,800", "Reconciled Depreciation": "64,400", "Net Income from Continuing Operation Net Minority Interest": "-7,900", "Total Unusual Items Excluding Goodwill": "-", "Total Unusual Items": "-", "Normalized EBITDA": "162,900", "Tax Rate for Calcs": "0", "Tax Effect of Unusual Items": "0"}, "12/31/2020": {"Duration": "12/31/2020", "Total Revenue": "1,217,200", "Cost of Revenue": "876,800", "Gross Profit": "340,400", "Operating Expense": "237,400", "Operating Income": "103,000", "Net Non Operating Interest Income Expense": "-92,400", "Other Income Expense": "-4,500", "Pretax Income": "6,100", "Tax Provision": "14,000", "Net Income Common Stockholders": "-7,900", "Diluted NI Available to Com Stockholders": "-7,900", "Basic EPS": "-0.10", "Diluted EPS": "-0.10", "Basic Average Shares": "77,800", "Diluted Average Shares": "77,800", "Total Operating Income as Reported": "103,000", "Rent Expense Supplemental": "61,400", "Total Expenses": "1,114,200", "Net Income from Continuing & Discontinued Operation": "-7,900", "Normalized Income": "-7,900", "Interest Expense": "92,400", "Net Interest Income": "-92,400", "EBIT": "98,500", "EBITDA": "-", "Reconciled Cost of Revenue": "876,800", "Reconciled Depreciation": "64,400", "Net Income from Continuing Operation Net Minority Interest": "-7,900", "Total Unusual Items Excluding Goodwill": "-", "Total Unusual Items": "-", "Normalized EBITDA": "162,900", "Tax Rate for Calcs": "0", "Tax Effect of Unusual Items": "0"}, "12/31/2019": {"Duration": "12/31/2019", "Total Revenue": "1,285,100", "Cost of Revenue": "890,600", "Gross Profit": "394,500", "Operating Expense": "342,500", "Operating Income": "52,000", "Net Non Operating Interest Income Expense": "-77,000", "Other Income Expense": "-39,300", "Pretax Income": "-64,300", "Tax Provision": "-4,000", "Net Income Common Stockholders": "-60,300", "Diluted NI Available to Com Stockholders": "-60,300", "Basic EPS": "-0.85", "Diluted EPS": "-0.85", "Basic Average Shares": "71,100", "Diluted Average Shares": "71,100", "Total Operating Income as Reported": "52,000", "Rent Expense Supplemental": "60,900", "Total Expenses": "1,233,100", "Net Income from Continuing & Discontinued Operation": "-60,300", "Normalized Income": "-60,300", "Interest Expense": "77,000", "Net Interest Income": "-77,000", "EBIT": "12,700", "EBITDA": "-", "Reconciled Cost of Revenue": "890,600", "Reconciled Depreciation": "73,800", "Net Income from Continuing Operation Net Minority Interest": "-60,300", "Total Unusual Items Excluding Goodwill": "-", "Total Unusual Items": "-", "Normalized EBITDA": "86,500", "Tax Rate for Calcs": "0", "Tax Effect of Unusual Items": "0"}, "12/31/2018": {"Duration": "12/31/2018", "Total Revenue": "1,447,600", "Cost of Revenue": "992,000", "Gross Profit": "455,600", "Operating Expense": "437,100", "Operating Income": "18,500", "Net Non Operating Interest Income Expense": "-53,600", "Other Income Expense": "24,200", "Pretax Income": "-10,900", "Tax Provision": "13,100", "Net Income Common Stockholders": "-24,000", "Diluted NI Available to Com Stockholders": "-24,000", "Basic EPS": "-0.37", "Diluted EPS": "-0.37", "Basic Average Shares": "64,300", "Diluted Average Shares": "64,300", "Total Operating Income as Reported": "18,500", "Rent Expense Supplemental": "62,000", "Total Expenses": "1,429,100", "Net Income from Continuing & Discontinued Operation": "-24,000", "Normalized Income": "-24,000", "Interest Expense": "53,600", "Net Interest Income": "-53,600", "EBIT": "42,700", "EBITDA": "-", "Reconciled Cost of Revenue": "992,000", "Reconciled Depreciation": "76,300", "Net Income from Continuing Operation Net Minority Interest": "-24,000", "Total Unusual Items Excluding Goodwill": "0", "Total Unusual Items": "0", "Normalized EBITDA": "119,000", "Tax Rate for Calcs": "0", "Tax Effect of Unusual Items": "0"}}, "bs": {"12/31/2020": {"Duration": "12/31/2020", "Total Assets": "4,674,100", "Total Liabilities Net Minority Interest": "4,911,100", "Total Equity Gross Minority Interest": "-237,000", "Total Capitalization": "620,800", "Preferred Stock Equity": "-", "Common Stock Equity": "-237,000", "Capital Lease Obligations": "59,100", "Net Tangible Assets": "-679,200", "Working Capital": "3,682,200", "Invested Capital": "620,800", "Tangible Book Value": "-679,200", "Total Debt": "916,900", "Net Debt": "661,700", "Share Issued": "72,531", "Ordinary Shares Number": "72,518", "Treasury Shares Number": "13.231"}, "12/31/2019": {"Duration": "12/31/2019", "Total Assets": "4,185,000", "Total Liabilities Net Minority Interest": "4,425,400", "Total Equity Gross Minority Interest": "-240,400", "Total Capitalization": "609,900", "Preferred Stock Equity": "183,900", "Common Stock Equity": "-424,300", "Capital Lease Obligations": "-", "Net Tangible Assets": "-684,200", "Working Capital": "3,123,200", "Invested Capital": "426,000", "Tangible Book Value": "-868,100", "Total Debt": "850,300", "Net Debt": "703,500", "Share Issued": "65,132", "Ordinary Shares Number": "62,802", "Treasury Shares Number": "2,330"}, "12/31/2018": {"Duration": "12/31/2018", "Total Assets": "4,296,100", "Total Liabilities Net Minority Interest": "4,564,900", "Total Equity Gross Minority Interest": "-268,800", "Total Capitalization": "632,200", "Preferred Stock Equity": "183,900", "Common Stock Equity": "-452,700", "Capital Lease Obligations": "-", "Net Tangible Assets": "-712,800", "Working Capital": "3,305,800", "Invested Capital": "448,300", "Tangible Book Value": "-896,700", "Total Debt": "901,000", "Net Debt": "755,500", "Share Issued": "58,895", "Ordinary Shares Number": "55,688", "Treasury Shares Number": "3,207"}}, "cf": {"TTM": {"Duration": "TTM", "Operating Cash Flow": "97,300", "Investing Cash Flow": "-40,800", "Financing Cash Flow": "-7,200", "End Cash Position": "196,100", "Income Tax Paid Supplemental Data": "-", "Interest Paid Supplemental Data": "77,500", "Capital Expenditure": "-40,800", "Issuance of Capital Stock": "0", "Issuance of Debt": "23,000", "Repayment of Debt": "-29,500", "Repurchase of Capital Stock": "-", "Free Cash Flow": "56,500"}, "12/31/2020": {"Duration": "12/31/2020", "Operating Cash Flow": "97,300", "Investing Cash Flow": "-40,800", "Financing Cash Flow": "-7,200", "End Cash Position": "196,100", "Income Tax Paid Supplemental Data": "-", "Interest Paid Supplemental Data": "77,500", "Capital Expenditure": "-40,800", "Issuance of Capital Stock": "0", "Issuance of Debt": "23,000", "Repayment of Debt": "-29,500", "Repurchase of Capital Stock": "-", "Free Cash Flow": "56,500"}, "12/31/2019": {"Duration": "12/31/2019", "Operating Cash Flow": "63,000", "Investing Cash Flow": "-54,500", "Financing Cash Flow": "-7,200", "End Cash Position": "146,800", "Income Tax Paid Supplemental Data": "4,400", "Interest Paid Supplemental Data": "63,300", "Capital Expenditure": "-54,500", "Issuance of Capital Stock": "49,500", "Issuance of Debt": "-", "Repayment of Debt": "-31,600", "Repurchase of Capital Stock": "-", "Free Cash Flow": "8,500"}, "12/31/2018": {"Duration": "12/31/2018", "Operating Cash Flow": "29,300", "Investing Cash Flow": "-57,800", "Financing Cash Flow": "-16,000", "End Cash Position": "145,500", "Income Tax Paid Supplemental Data": "4,800", "Interest Paid Supplemental Data": "50,700", "Capital Expenditure": "-57,800", "Issuance of Capital Stock": "-", "Issuance of Debt": "-", "Repayment of Debt": "-9,800", "Repurchase of Capital Stock": "0", "Free Cash Flow": "-28,500"}}}}, {"KNKT": {"quote": {"03/26/2021": {"value": "0.0045", "Market Cap": "825,128", "Beta (5Y Monthly)": "-0.48", "PE Ratio (TTM)": "N/A", "EPS (TTM)": "-0.0020", "Earnings Date": "N/A", "Forward Dividend & Yield": "N/A (N/A)", "Ex-Dividend Date": "N/A", "1y Target Est": "N/A"}}, "fin": {}, "bs": {}, "cf": {}}}, {"MSTO": {"quote": {"03/26/2021": {"value": "0.0097", "Market Cap": "93,835", "Beta (5Y Monthly)": "N/A", "PE Ratio (TTM)": "N/A", "EPS (TTM)": "N/A", "Earnings Date": "N/A", "Forward Dividend & Yield": "N/A (N/A)", "Ex-Dividend Date": "N/A", "1y Target Est": "N/A"}}, "fin": {}, "bs": {}, "cf": {}}}, {"COFI": {"quote": {"03/26/2021": {"value": "0.2100", "Net Assets": "N/A", "Beta (5Y Monthly)": "N/A", "Yield": "N/A", "5y Average Return": "N/A", "Holdings Turnover": "N/A", "Last Dividend": "N/A", "Average for Category": "N/A", "Inception Date": "N/A"}}, "fin": {}, "bs": {}, "cf": {}}}, {"QIWI": {"quote": {"03/26/2021": {"value": "10.16", "Market Cap": "637.164M", "Beta (5Y Monthly)": "0.80", "PE Ratio (TTM)": "6.16", "EPS (TTM)": "1.65", "Earnings Date": "May 18, 2021 - May 24, 2021", "Forward Dividend & Yield": "1.03 (10.14%)", "Ex-Dividend Date": "Nov 30, 2020", "1y Target Est": "13.83"}}, "fin": {"TTM": {"Duration": "TTM", "Total Revenue": "42,696,000", "Cost of Revenue": "18,601,000", "Gross Profit": "24,095,000", "Operating Expense": "15,555,000", "Operating Income": "8,540,000", "Net Non Operating Interest Income Expense": "-121,000", "Other Income Expense": "-245,000", "Pretax Income": "8,174,000", "Tax Provision": "1,851,000", "Net Income Common Stockholders": "7,089,000", "Diluted NI Available to Com Stockholders": "7,089,000", "Basic EPS": "-", "Diluted EPS": "-", "Basic Average Shares": "-", "Diluted Average Shares": "-", "Total Operating Income as Reported": "7,852,000", "Rent Expense Supplemental": "219,000", "Total Expenses": "34,156,000", "Net Income from Continuing & Discontinued Operation": "7,089,000", "Normalized Income": "6,862,293", "Net Interest Income": "-121,000", "EBIT": "8,540,000", "EBITDA": "9,816,000", "Reconciled Cost of Revenue": "18,665,000", "Reconciled Depreciation": "1,212,000", "Net Income from Continuing Operation Net Minority Interest": "6,245,000", "Total Unusual Items Excluding Goodwill": "-798,000", "Total Unusual Items": "-798,000", "Normalized EBITDA": "10,614,000", "Tax Rate for Calcs": "0", "Tax Effect of Unusual Items": "-180,707"}, "12/31/2019": {"Duration": "12/31/2019", "Total Revenue": "39,336,000", "Cost of Revenue": "16,160,000", "Gross Profit": "23,176,000", "Operating Expense": "15,882,000", "Operating Income": "7,294,000", "Net Non Operating Interest Income Expense": "-56,000", "Other Income Expense": "-859,000", "Pretax Income": "6,379,000", "Tax Provision": "1,492,000", "Net Income Common Stockholders": "4,832,000", "Diluted NI Available to Com Stockholders": "4,832,000", "Basic EPS": "78.20", "Diluted EPS": "77.60", "Basic Average Shares": "61,790", "Diluted Average Shares": "62,268", "Total Operating Income as Reported": "6,440,000", "Rent Expense Supplemental": "254,000", "Total Expenses": "32,042,000", "Net Income from Continuing & Discontinued Operation": "4,832,000", "Normalized Income": "5,608,930", "Net Interest Income": "-56,000", "EBIT": "7,294,000", "EBITDA": "-", "Reconciled Cost of Revenue": "16,160,000", "Reconciled Depreciation": "1,324,000", "Net Income from Continuing Operation Net Minority Interest": "4,832,000", "Total Unusual Items Excluding Goodwill": "-1,009,000", "Total Unusual Items": "-1,009,000", "Normalized EBITDA": "9,627,000", "Tax Rate for Calcs": "0", "Tax Effect of Unusual Items": "-232,070"}, "12/31/2018": {"Duration": "12/31/2018", "Total Revenue": "30,610,000", "Cost of Revenue": "15,129,000", "Gross Profit": "15,481,000", "Operating Expense": "11,009,000", "Operating Income": "4,472,000", "Net Non Operating Interest Income Expense": "17,000", "Other Income Expense": "12,000", "Pretax Income": "4,501,000", "Tax Provision": "875,000", "Net Income Common Stockholders": "3,584,000", "Diluted NI Available to Com Stockholders": "3,584,000", "Basic EPS": "58.56", "Diluted EPS": "58.06", "Basic Average Shares": "61,202", "Diluted Average Shares": "61,729", "Total Operating Income as Reported": "4,449,000", "Rent Expense Supplemental": "643,000", "Total Expenses": "26,138,000", "Net Income from Continuing & Discontinued Operation": "3,584,000", "Normalized Income": "3,391,366", "Net Interest Income": "17,000", "EBIT": "4,472,000", "EBITDA": "-", "Reconciled Cost of Revenue": "15,129,000", "Reconciled Depreciation": "864,000", "Net Income from Continuing Operation Net Minority Interest": "3,584,000", "Total Unusual Items Excluding Goodwill": "239,000", "Total Unusual Items": "239,000", "Normalized EBITDA": "5,097,000", "Tax Rate for Calcs": "0", "Tax Effect of Unusual Items": "46,366"}}, "bs": {"12/31/2019": {"Duration": "12/31/2019", "Total Assets": "81,477,000", "Total Liabilities Net Minority Interest": "54,040,000", "Total Equity Gross Minority Interest": "27,437,000", "Total Capitalization": "28,912,000", "Common Stock Equity": "27,367,000", "Capital Lease Obligations": "1,357,000", "Net Tangible Assets": "16,051,000", "Working Capital": "11,877,000", "Invested Capital": "28,912,000", "Tangible Book Value": "16,051,000", "Total Debt": "2,902,000", "Share Issued": "62,713", "Ordinary Shares Number": "62,713"}, "12/31/2018": {"Duration": "12/31/2018", "Total Assets": "73,023,000", "Total Liabilities Net Minority Interest": "47,317,000", "Total Equity Gross Minority Interest": "25,706,000", "Total Capitalization": "25,646,000", "Common Stock Equity": "25,646,000", "Capital Lease Obligations": "-", "Net Tangible Assets": "14,800,000", "Working Capital": "12,125,000", "Invested Capital": "25,646,000", "Tangible Book Value": "14,800,000", "Total Debt": "-", "Share Issued": "61,452", "Ordinary Shares Number": "61,452"}}, "cf": {"TTM": {"Duration": "TTM", "Operating Cash Flow": "10,906,000", "Investing Cash Flow": "-749,000", "Financing Cash Flow": "-3,027,000", "End Cash Position": "42,919,000", "Capital Expenditure": "-877,000", "Issuance of Debt": "1,650,000", "Repayment of Debt": "-291,000", "Free Cash Flow": "10,029,000"}, "12/31/2019": {"Duration": "12/31/2019", "Operating Cash Flow": "9,239,000", "Investing Cash Flow": "-4,883,000", "Financing Cash Flow": "-2,277,000", "End Cash Position": "42,101,000", "Capital Expenditure": "-1,301,000", "Issuance of Debt": "1,545,000", "Repayment of Debt": "-387,000", "Free Cash Flow": "7,938,000"}, "12/31/2018": {"Duration": "12/31/2018", "Operating Cash Flow": "22,645,000", "Investing Cash Flow": "-1,325,000", "Financing Cash Flow": "-29,000", "End Cash Position": "40,966,000", "Capital Expenditure": "-1,121,000", "Issuance of Debt": "0", "Repayment of Debt": "0", "Free Cash Flow": "21,524,000"}}}}, {"WCRS": {"quote": {"03/26/2021": {"value": "6.61", "Market Cap": "58.524M", "Beta (5Y Monthly)": "0.57", "PE Ratio (TTM)": "7.91", "EPS (TTM)": "0.84", "Earnings Date": "N/A", "Forward Dividend & Yield": "0.10 (1.51%)", "Ex-Dividend Date": "Feb 22, 2021", "1y Target Est": "N/A"}}, "fin": {"TTM": {"Duration": "TTM", "Total Revenue": "135,740", "Cost of Revenue": "59,557", "Gross Profit": "76,184", "Operating Expense": "61,482", "Operating Income": "14,702", "Net Non Operating Interest Income Expense": "-2,650", "Other Income Expense": "69.45", "Pretax Income": "12,121", "Tax Provision": "2,624", "Net Income Common Stockholders": "7,707", "Diluted NI Available to Com Stockholders": "7,707", "Basic EPS": "-", "Diluted EPS": "-", "Basic Average Shares": "-", "Diluted Average Shares": "-", "Total Operating Income as Reported": "11,777", "Rent Expense Supplemental": "11,116", "Total Expenses": "121,039", "Net Income from Continuing & Discontinued Operation": "7,707", "Normalized Income": "8,224", "Interest Income": "-", "Interest Expense": "76.448", "Net Interest Income": "-2,650", "EBIT": "12,197", "EBITDA": "20,591", "Reconciled Cost of Revenue": "53,843", "Reconciled Depreciation": "8,394", "Net Income from Continuing Operation Net Minority Interest": "7,707", "Total Unusual Items Excluding Goodwill": "-659.716", "Total Unusual Items": "-659.716", "Normalized EBITDA": "21,251", "Tax Rate for Calcs": "0", "Tax Effect of Unusual Items": "-142.7952"}, "12/31/2019": {"Duration": "12/31/2019", "Total Revenue": "116,915", "Cost of Revenue": "50,495", "Gross Profit": "66,420", "Operating Expense": "60,638", "Operating Income": "5,782", "Net Non Operating Interest Income Expense": "-2,072", "Other Income Expense": "654.089", "Pretax Income": "4,364", "Tax Provision": "908", "Net Income Common Stockholders": "2,320", "Diluted NI Available to Com Stockholders": "2,320", "Basic EPS": "0.25", "Diluted EPS": "0.25", "Basic Average Shares": "9,370", "Diluted Average Shares": "9,370", "Total Operating Income as Reported": "3,750", "Rent Expense Supplemental": "11,039", "Total Expenses": "111,133", "Net Income from Continuing & Discontinued Operation": "2,320", "Normalized Income": "1,802", "Interest Income": "-", "Interest Expense": "115.438", "Net Interest Income": "-2,072", "EBIT": "4,479", "EBITDA": "-", "Reconciled Cost of Revenue": "44,784", "Reconciled Depreciation": "8,222", "Net Income from Continuing Operation Net Minority Interest": "2,320", "Total Unusual Items Excluding Goodwill": "654.089", "Total Unusual Items": "654.089", "Normalized EBITDA": "12,047", "Tax Rate for Calcs": "0", "Tax Effect of Unusual Items": "136.0505"}, "12/31/2018": {"Duration": "12/31/2018", "Total Revenue": "114,265", "Cost of Revenue": "48,862", "Gross Profit": "65,403", "Operating Expense": "64,337", "Operating Income": "1,066", "Net Non Operating Interest Income Expense": "-2,105", "Other Income Expense": "-1,100", "Pretax Income": "-2,140", "Tax Provision": "-619", "Net Income Common Stockholders": "-2,241", "Diluted NI Available to Com Stockholders": "-2,241", "Basic EPS": "-0.24", "Diluted EPS": "-0.24", "Basic Average Shares": "9,390", "Diluted Average Shares": "9,390", "Total Operating Income as Reported": "-2,582", "Rent Expense Supplemental": "12,406", "Total Expenses": "113,199", "Net Income from Continuing & Discontinued Operation": "-2,241", "Normalized Income": "-1,459", "Interest Income": "-", "Interest Expense": "189.281", "Net Interest Income": "-2,105", "EBIT": "-1,950", "EBITDA": "-", "Reconciled Cost of Revenue": "48,862", "Reconciled Depreciation": "2,694", "Net Income from Continuing Operation Net Minority Interest": "-2,241", "Total Unusual Items Excluding Goodwill": "-1,100", "Total Unusual Items": "-1,100", "Normalized EBITDA": "1,844", "Tax Rate for Calcs": "0", "Tax Effect of Unusual Items": "-318.2854"}}, "bs": {"12/31/2019": {"Duration": "12/31/2019", "Total Assets": "91,907", "Total Liabilities Net Minority Interest": "26,593", "Total Equity Gross Minority Interest": "65,314", "Total Capitalization": "63,759", "Common Stock Equity": "62,739", "Capital Lease Obligations": "12,526", "Net Tangible Assets": "52,901", "Working Capital": "39,534", "Invested Capital": "63,824", "Tangible Book Value": "52,901", "Total Debt": "13,611", "Share Issued": "9,266", "Ordinary Shares Number": "9,266"}, "12/31/2018": {"Duration": "12/31/2018", "Total Assets": "80,440", "Total Liabilities Net Minority Interest": "15,756", "Total Equity Gross Minority Interest": "64,684", "Total Capitalization": "63,596", "Common Stock Equity": "62,807", "Capital Lease Obligations": "51.211", "Net Tangible Assets": "52,843", "Working Capital": "44,800", "Invested Capital": "63,596", "Tangible Book Value": "52,843", "Total Debt": "840.427", "Share Issued": "9,389", "Ordinary Shares Number": "9,389"}}, "cf": {"TTM": {"Duration": "TTM", "Operating Cash Flow": "13,539", "Investing Cash Flow": "160.574", "Financing Cash Flow": "-6,949", "End Cash Position": "28,755", "Income Tax Paid Supplemental Data": "2,951", "Interest Paid Supplemental Data": "75.986", "Capital Expenditure": "-576.799", "Repayment of Debt": "-2,118", "Repurchase of Capital Stock": "-1,974", "Free Cash Flow": "12,962"}, "12/31/2019": {"Duration": "12/31/2019", "Operating Cash Flow": "4,825", "Investing Cash Flow": "9,749", "Financing Cash Flow": "-4,166", "End Cash Position": "27,133", "Income Tax Paid Supplemental Data": "575.501", "Interest Paid Supplemental Data": "94.723", "Capital Expenditure": "-712.469", "Repayment of Debt": "-1,123", "Repurchase of Capital Stock": "-513.431", "Free Cash Flow": "4,112"}, "12/31/2018": {"Duration": "12/31/2018", "Operating Cash Flow": "-16,391", "Investing Cash Flow": "14,408", "Financing Cash Flow": "-2,588", "End Cash Position": "16,725", "Income Tax Paid Supplemental Data": "19,284", "Interest Paid Supplemental Data": "124.817", "Capital Expenditure": "-960.883", "Repayment of Debt": "-99.127", "Repurchase of Capital Stock": "-9.697", "Free Cash Flow": "-17,352"}}}}, {"ATLCY": {"quote": {"03/26/2021": {"value": "51.92", "Market Cap": "70.518B", "Beta (5Y Monthly)": "0.77", "PE Ratio (TTM)": "N/A", "EPS (TTM)": "N/A", "Earnings Date": "N/A", "Forward Dividend & Yield": "0.84 (1.65%)", "Ex-Dividend Date": "Apr 28, 2021", "1y Target Est": "N/A"}}, "fin": {"TTM": {"Duration": "TTM", "Total Revenue": "99,787,000", "Cost of Revenue": "58,607,000", "Gross Profit": "41,180,000", "Operating Expense": "21,752,000", "Operating Income": "19,428,000", "Net Non Operating Interest Income Expense": "-247,000", "Pretax Income": "18,825,000", "Tax Provision": "4,042,000", "Net Income Common Stockholders": "14,779,000", "Diluted NI Available to Com Stockholders": "14,779,000", "Basic EPS": "-", "Diluted EPS": "-", "Basic Average Shares": "-", "Diluted Average Shares": "-", "Total Operating Income as Reported": "19,146,000", "Total Expenses": "80,359,000", "Net Income from Continuing & Discontinued Operation": "14,779,000", "Normalized Income": "14,704,425", "Interest Income": "145,000", "Interest Expense": "391,000", "Net Interest Income": "-247,000", "EBIT": "19,216,000", "EBITDA": "24,405,000", "Reconciled Cost of Revenue": "58,607,000", "Reconciled Depreciation": "5,189,000", "Net Income from Continuing Operation Net Minority Interest": "14,779,000", "Total Unusual Items Excluding Goodwill": "95,000", "Total Unusual Items": "95,000", "Normalized EBITDA": "24,310,000", "Tax Rate for Calcs": "0", "Tax Effect of Unusual Items": "20,425"}, "12/31/2020": {"Duration": "12/31/2020", "Total Revenue": "99,787,000", "Cost of Revenue": "58,607,000", "Gross Profit": "41,180,000", "Operating Expense": "21,752,000", "Operating Income": "19,428,000", "Net Non Operating Interest Income Expense": "-247,000", "Pretax Income": "18,825,000", "Tax Provision": "4,042,000", "Net Income Common Stockholders": "14,779,000", "Diluted NI Available to Com Stockholders": "14,779,000", "Basic EPS": "12.16", "Diluted EPS": "12.14", "Basic Average Shares": "1,215,424", "Diluted Average Shares": "1,217,213", "Total Operating Income as Reported": "19,146,000", "Total Expenses": "80,359,000", "Net Income from Continuing & Discontinued Operation": "14,779,000", "Normalized Income": "14,704,425", "Interest Income": "145,000", "Interest Expense": "391,000", "Net Interest Income": "-247,000", "EBIT": "19,216,000", "EBITDA": "-", "Reconciled Cost of Revenue": "58,607,000", "Reconciled Depreciation": "5,189,000", "Net Income from Continuing Operation Net Minority Interest": "14,779,000", "Total Unusual Items Excluding Goodwill": "95,000", "Total Unusual Items": "95,000", "Normalized EBITDA": "24,310,000", "Tax Rate for Calcs": "0", "Tax Effect of Unusual Items": "20,425"}, "12/31/2019": {"Duration": "12/31/2019", "Total Revenue": "103,756,000", "Cost of Revenue": "59,024,000", "Gross Profit": "44,732,000", "Operating Expense": "22,895,000", "Operating Income": "21,837,000", "Net Non Operating Interest Income Expense": "-361,000", "Pretax Income": "21,572,000", "Tax Provision": "5,029,000", "Net Income Common Stockholders": "16,522,000", "Diluted NI Available to Com Stockholders": "16,522,000", "Basic EPS": "13.60", "Diluted EPS": "13.59", "Basic Average Shares": "1,214,711", "Diluted Average Shares": "1,215,754", "Total Operating Income as Reported": "21,897,000", "Total Expenses": "81,919,000", "Net Income from Continuing & Discontinued Operation": "16,522,000", "Normalized Income": "16,441,465", "Interest Income": "114,000", "Interest Expense": "473,000", "Net Interest Income": "-361,000", "EBIT": "22,045,000", "EBITDA": "-", "Reconciled Cost of Revenue": "59,024,000", "Reconciled Depreciation": "4,700,000", "Net Income from Continuing Operation Net Minority Interest": "16,522,000", "Total Unusual Items Excluding Goodwill": "105,000", "Total Unusual Items": "105,000", "Normalized EBITDA": "26,640,000", "Tax Rate for Calcs": "0", "Tax Effect of Unusual Items": "24,465"}, "12/31/2018": {"Duration": "12/31/2018", "Total Revenue": "95,363,000", "Cost of Revenue": "54,142,000", "Gross Profit": "41,221,000", "Operating Expense": "20,330,000", "Operating Income": "20,891,000", "Net Non Operating Interest Income Expense": "-802,000", "Pretax Income": "20,844,000", "Tax Provision": "4,508,000", "Net Income Common Stockholders": "106,164,000", "Diluted NI Available to Com Stockholders": "106,164,000", "Basic EPS": "87.49", "Diluted EPS": "87.36", "Basic Average Shares": "1,213,476", "Diluted Average Shares": "1,215,253", "Total Operating Income as Reported": "21,187,000", "Total Expenses": "74,472,000", "Net Income from Continuing & Discontinued Operation": "106,164,000", "Normalized Income": "15,841,560", "Interest Income": "82,000", "Interest Expense": "726,000", "Net Interest Income": "-802,000", "EBIT": "21,570,000", "EBITDA": "-", "Reconciled Cost of Revenue": "54,142,000", "Reconciled Depreciation": "3,922,000", "Net Income from Continuing Operation Net Minority Interest": "16,065,000", "Total Unusual Items Excluding Goodwill": "285,000", "Total Unusual Items": "285,000", "Normalized EBITDA": "25,207,000", "Tax Rate for Calcs": "0", "Tax Effect of Unusual Items": "61,560"}}, "bs": {"12/31/2020": {"Duration": "12/31/2020", "Total Assets": "113,366,000", "Total Liabilities Net Minority Interest": "59,832,000", "Total Equity Gross Minority Interest": "53,534,000", "Total Capitalization": "72,465,000", "Common Stock Equity": "53,215,000", "Capital Lease Obligations": "3,369,000", "Net Tangible Assets": "7,375,000", "Working Capital": "19,479,000", "Invested Capital": "74,473,000", "Tangible Book Value": "7,375,000", "Total Debt": "24,627,000", "Net Debt": "9,603,000", "Share Issued": "1,229,613", "Ordinary Shares Number": "1,216,193", "Treasury Shares Number": "13,420"}, "12/31/2019": {"Duration": "12/31/2019", "Total Assets": "111,722,000", "Total Liabilities Net Minority Interest": "58,432,000", "Total Equity Gross Minority Interest": "53,290,000", "Total Capitalization": "70,935,000", "Common Stock Equity": "53,231,000", "Capital Lease Obligations": "3,643,000", "Net Tangible Assets": "16,682,000", "Working Capital": "25,061,000", "Invested Capital": "73,217,000", "Tangible Book Value": "16,682,000", "Total Debt": "23,629,000", "Net Debt": "4,981,000", "Share Issued": "1,229,613", "Ordinary Shares Number": "1,217,046", "Treasury Shares Number": "12,567"}, "12/31/2018": {"Duration": "12/31/2018", "Total Assets": "96,670,000", "Total Liabilities Net Minority Interest": "54,198,000", "Total Equity Gross Minority Interest": "42,472,000", "Total Capitalization": "56,817,000", "Common Stock Equity": "42,425,000", "Capital Lease Obligations": "20,000", "Net Tangible Assets": "12,400,000", "Working Capital": "18,693,000", "Invested Capital": "62,773,000", "Tangible Book Value": "12,400,000", "Total Debt": "20,368,000", "Net Debt": "3,934,000", "Share Issued": "1,229,613", "Ordinary Shares Number": "1,212,714", "Treasury Shares Number": "16,899"}}, "cf": {"TTM": {"Duration": "TTM", "Operating Cash Flow": "22,204,000", "Investing Cash Flow": "-16,286,000", "Financing Cash Flow": "-8,552,000", "End Cash Position": "11,655,000", "Capital Expenditure": "-2,796,000", "Issuance of Capital Stock": "823,000", "Issuance of Debt": "2,407,000", "Repayment of Debt": "-729,000", "Repurchase of Capital Stock": "-1,097,000", "Free Cash Flow": "19,408,000"}, "12/31/2020": {"Duration": "12/31/2020", "Operating Cash Flow": "22,204,000", "Investing Cash Flow": "-16,286,000", "Financing Cash Flow": "-8,552,000", "End Cash Position": "11,655,000", "Capital Expenditure": "-2,796,000", "Issuance of Capital Stock": "823,000", "Issuance of Debt": "2,407,000", "Repayment of Debt": "-729,000", "Repurchase of Capital Stock": "-1,097,000", "Free Cash Flow": "19,408,000"}, "12/31/2019": {"Duration": "12/31/2019", "Operating Cash Flow": "16,151,000", "Investing Cash Flow": "-9,683,000", "Financing Cash Flow": "-8,024,000", "End Cash Position": "15,005,000", "Capital Expenditure": "-2,678,000", "Issuance of Capital Stock": "2,184,000", "Issuance of Debt": "4,637,000", "Repayment of Debt": "-5,618,000", "Repurchase of Capital Stock": "-897,000", "Free Cash Flow": "13,473,000"}, "12/31/2018": {"Duration": "12/31/2018", "Operating Cash Flow": "16,814,000", "Investing Cash Flow": "-4,301,000", "Financing Cash Flow": "-21,601,000", "End Cash Position": "16,414,000", "Capital Expenditure": "-2,846,000", "Issuance of Capital Stock": "645,000", "Issuance of Debt": "7,550,000", "Repayment of Debt": "-6,186,000", "Repurchase of Capital Stock": "-10,548,000", "Free Cash Flow": "13,968,000"}}}}, {"CCCR": {"quote": {"03/26/2021": {"value": "", "Net Assets": "N/A", "Beta (5Y Monthly)": "N/A", "Yield": "N/A", "5y Average Return": "N/A", "Holdings Turnover": "N/A", "Last Dividend": "N/A", "Average for Category": "N/A", "Inception Date": "N/A"}}, "fin": {}, "bs": {}, "cf": {}}}, {"SRCO": {"quote": {"03/26/2021": {"value": "0.1380", "Market Cap": "1.183M", "Beta (5Y Monthly)": "N/A", "PE Ratio (TTM)": "N/A", "EPS (TTM)": "-0.1260", "Earnings Date": "N/A", "Forward Dividend & Yield": "N/A (N/A)", "Ex-Dividend Date": "N/A", "1y Target Est": "N/A"}}, "fin": {"TTM": {"Duration": "TTM", "Total Revenue": "263.576", "Cost of Revenue": "62.317", "Gross Profit": "201.259", "Operating Expense": "1,411", "Operating Income": "-1,210", "Net Non Operating Interest Income Expense": "-530.1", "Other Income Expense": "-582.982", "Pretax Income": "-2,323", "Net Income Common Stockholders": "-2,333", "Diluted NI Available to Com Stockholders": "-2,333", "Basic EPS": "-", "Diluted EPS": "-", "Basic Average Shares": "-", "Diluted Average Shares": "-", "Total Operating Income as Reported": "-1,210", "Rent Expense Supplemental": "86.756", "Total Expenses": "1,474", "Net Income from Continuing & Discontinued Operation": "-2,332", "Normalized Income": "-1,745", "Interest Expense": "530.1", "Net Interest Income": "-530.1", "EBIT": "-1,793", "EBITDA": "-1,793", "Reconciled Cost of Revenue": "62.317", "Reconciled Depreciation": "0", "Net Income from Continuing Operation Net Minority Interest": "-2,332", "Total Unusual Items Excluding Goodwill": "-587.283", "Total Unusual Items": "-587.283", "Normalized EBITDA": "-1,206", "Tax Rate for Calcs": "0", "Tax Effect of Unusual Items": "0"}, "4/30/2020": {"Duration": "4/30/2020", "Total Revenue": "320.847", "Cost of Revenue": "60.341", "Gross Profit": "260.506", "Operating Expense": "1,053", "Operating Income": "-792.029", "Net Non Operating Interest Income Expense": "-1,271", "Other Income Expense": "1,290", "Pretax Income": "-773.195", "Net Income Common Stockholders": "-787.22", "Diluted NI Available to Com Stockholders": "-787.22", "Basic EPS": "-0.10", "Diluted EPS": "-0.10", "Basic Average Shares": "6,271", "Diluted Average Shares": "6,271", "Total Operating Income as Reported": "-792.029", "Rent Expense Supplemental": "-", "Total Expenses": "1,113", "Net Income from Continuing & Discontinued Operation": "-786.456", "Normalized Income": "-2,071", "Interest Expense": "1,271", "Net Interest Income": "-1,271", "EBIT": "497.98", "EBITDA": "-", "Reconciled Cost of Revenue": "60.341", "Reconciled Depreciation": "0.357", "Net Income from Continuing Operation Net Minority Interest": "-786.456", "Total Unusual Items Excluding Goodwill": "1,284", "Total Unusual Items": "1,284", "Normalized EBITDA": "-786.101", "Tax Rate for Calcs": "0", "Tax Effect of Unusual Items": "0"}, "4/30/2019": {"Duration": "4/30/2019", "Total Revenue": "384.665", "Cost of Revenue": "29.603", "Gross Profit": "355.062", "Operating Expense": "1,202", "Operating Income": "-847.003", "Net Non Operating Interest Income Expense": "-2,257", "Other Income Expense": "1,434", "Pretax Income": "-1,670", "Net Income Common Stockholders": "-1,689", "Diluted NI Available to Com Stockholders": "-1,689", "Basic EPS": "-0.30", "Diluted EPS": "-0.30", "Basic Average Shares": "6,262", "Diluted Average Shares": "6,262", "Total Operating Income as Reported": "-847.003", "Rent Expense Supplemental": "88.933", "Total Expenses": "1,232", "Net Income from Continuing & Discontinued Operation": "-1,688", "Normalized Income": "-3,109", "Interest Expense": "2,257", "Net Interest Income": "-2,257", "EBIT": "586.542", "EBITDA": "-", "Reconciled Cost of Revenue": "29.602", "Reconciled Depreciation": "1.595", "Net Income from Continuing Operation Net Minority Interest": "-1,688", "Total Unusual Items Excluding Goodwill": "1,421", "Total Unusual Items": "1,421", "Normalized EBITDA": "-832.667", "Tax Rate for Calcs": "0", "Tax Effect of Unusual Items": "0"}, "4/30/2018": {"Duration": "4/30/2018", "Total Revenue": "446.159", "Cost of Revenue": "43.262", "Gross Profit": "402.897", "Operating Expense": "1,245", "Operating Income": "-842.424", "Net Non Operating Interest Income Expense": "-1,877", "Other Income Expense": "-81.794", "Pretax Income": "-2,801", "Net Income Common Stockholders": "-2,840", "Diluted NI Available to Com Stockholders": "-2,840", "Basic EPS": "-0.50", "Diluted EPS": "-0.50", "Basic Average Shares": "5,979", "Diluted Average Shares": "5,979", "Total Operating Income as Reported": "-842.424", "Rent Expense Supplemental": "73.51", "Total Expenses": "1,289", "Net Income from Continuing & Discontinued Operation": "-2,839", "Normalized Income": "-2,730", "Interest Expense": "1,877", "Net Interest Income": "-1,877", "EBIT": "-924.218", "EBITDA": "-", "Reconciled Cost of Revenue": "43.262", "Reconciled Depreciation": "2.475", "Net Income from Continuing Operation Net Minority Interest": "-2,829", "Total Unusual Items Excluding Goodwill": "-99.723", "Total Unusual Items": "-99.723", "Normalized EBITDA": "-822.02", "Tax Rate for Calcs": "0", "Tax Effect of Unusual Items": "0"}}, "bs": {"4/30/2020": {"Duration": "4/30/2020", "Total Assets": "43.849", "Total Liabilities Net Minority Interest": "11,635", "Total Equity Gross Minority Interest": "-11,592", "Total Capitalization": "-12,133", "Preferred Stock Equity": "17.637", "Common Stock Equity": "-12,584", "Net Tangible Assets": "-12,566", "Working Capital": "-11,178", "Invested Capital": "-7,206", "Tangible Book Value": "-12,584", "Total Debt": "5,377", "Net Debt": "5,377", "Share Issued": "6,271", "Ordinary Shares Number": "6,271", "Preferred Shares Number": "-"}, "4/30/2019": {"Duration": "4/30/2019", "Total Assets": "33.634", "Total Liabilities Net Minority Interest": "12,048", "Total Equity Gross Minority Interest": "-12,014", "Total Capitalization": "-12,543", "Preferred Stock Equity": "16.04", "Common Stock Equity": "-12,991", "Net Tangible Assets": "-12,975", "Working Capital": "-11,601", "Invested Capital": "-8,441", "Tangible Book Value": "-12,991", "Total Debt": "4,550", "Net Debt": "4,550", "Share Issued": "6,271", "Ordinary Shares Number": "6,271", "Preferred Shares Number": "-"}, "4/30/2018": {"Duration": "4/30/2018", "Total Assets": "25.431", "Total Liabilities Net Minority Interest": "11,963", "Total Equity Gross Minority Interest": "-11,937", "Total Capitalization": "-12,450", "Preferred Stock Equity": "13.67", "Common Stock Equity": "-12,894", "Net Tangible Assets": "-12,880", "Working Capital": "-11,527", "Invested Capital": "-8,000", "Tangible Book Value": "-12,894", "Total Debt": "4,894", "Net Debt": "4,893", "Share Issued": "6,209", "Ordinary Shares Number": "6,209", "Preferred Shares Number": "-"}}, "cf": {"TTM": {"Duration": "TTM", "Operating Cash Flow": "-1,024", "Investing Cash Flow": "0", "Financing Cash Flow": "1,221", "Cash Flow from Discontinued Operation": "-", "End Cash Position": "0.16", "Income Tax Paid Supplemental Data": "-0.7", "Interest Paid Supplemental Data": "2.207", "Issuance of Capital Stock": "703.502", "Issuance of Debt": "523.3", "Repayment of Debt": "-5.5", "Free Cash Flow": "-1,024"}, "4/30/2020": {"Duration": "4/30/2020", "Operating Cash Flow": "-626.79", "Investing Cash Flow": "0", "Financing Cash Flow": "626.777", "Cash Flow from Discontinued Operation": "0", "End Cash Position": "0", "Income Tax Paid Supplemental Data": "0", "Interest Paid Supplemental Data": "2.456", "Issuance of Capital Stock": "476.5", "Issuance of Debt": "161.277", "Repayment of Debt": "-11", "Free Cash Flow": "-626.79"}, "4/30/2019": {"Duration": "4/30/2019", "Operating Cash Flow": "-759.049", "Investing Cash Flow": "0", "Financing Cash Flow": "758.064", "Cash Flow from Discontinued Operation": "0", "End Cash Position": "0.013", "Income Tax Paid Supplemental Data": "0.7", "Interest Paid Supplemental Data": "0.249", "Issuance of Capital Stock": "696.05", "Issuance of Debt": "79.414", "Repayment of Debt": "-17.4", "Free Cash Flow": "-759.049"}, "4/30/2018": {"Duration": "4/30/2018", "Operating Cash Flow": "-659.78", "Investing Cash Flow": "0", "Financing Cash Flow": "658.179", "Cash Flow from Discontinued Operation": "0", "End Cash Position": "3.574", "Income Tax Paid Supplemental Data": "0.336", "Interest Paid Supplemental Data": "5.679", "Issuance of Capital Stock": "545", "Issuance of Debt": "193.5", "Repayment of Debt": "-80.321", "Free Cash Flow": "-659.78"}}}}, {"ONDK": {"fin": {}, "bs": {}, "cf": {}}}, {"TSS": {"fin": {}, "bs": {}, "cf": {}}}]