[{"APO": {"quote": {"03/28/2021": {"value": "46.69", "Market Cap": "10.842B", "Beta (5Y Monthly)": "1.64", "PE Ratio (TTM)": "106.11", "EPS (TTM)": "0.44", "Earnings Date": "Apr 29, 2021 - May 03, 2021", "Forward Dividend & Yield": "2.40 (5.14%)", "Ex-Dividend Date": "Feb 18, 2021", "1y Target Est": "58.00"}}, "fin": {"TTM": {"Duration": "TTM", "Total Revenue": "2,354,019", "Cost of Revenue": "1,088,698", "Gross Profit": "1,265,321", "Operating Expense": "354,217", "Operating Income": "911,104", "Net Non Operating Interest Income Expense": "74,462", "Other Income Expense": "-431,798", "Pretax Income": "553,768", "Tax Provision": "86,966", "Net Income Common Stockholders": "101,002", "Average Dilution Earnings": "-", "Diluted NI Available to Com Stockholders": "101,002", "Basic EPS": "-", "Diluted EPS": "-", "Basic Average Shares": "-", "Diluted Average Shares": "-", "Total Expenses": "1,442,915", "Net Income from Continuing & Discontinued Operation": "156,614", "Normalized Income": "536,655", "Interest Income": "455,424", "Interest Expense": "380,962", "Net Interest Income": "74,462", "EBIT": "934,730", "EBITDA": "953,558", "Reconciled Cost of Revenue": "1,088,698", "Reconciled Depreciation": "18,828", "Net Income from Continuing Operation Net Minority Interest": "156,614", "Total Unusual Items Excluding Goodwill": "-450,820", "Total Unusual Items": "-450,820", "Normalized EBITDA": "1,404,378", "Tax Rate for Calcs": "0", "Tax Effect of Unusual Items": "-70,779"}, "12/31/2020": {"Duration": "12/31/2020", "Total Revenue": "2,354,019", "Cost of Revenue": "1,088,698", "Gross Profit": "1,265,321", "Operating Expense": "354,217", "Operating Income": "911,104", "Net Non Operating Interest Income Expense": "74,462", "Other Income Expense": "-431,798", "Pretax Income": "553,768", "Tax Provision": "86,966", "Net Income Common Stockholders": "101,002", "Average Dilution Earnings": "-", "Diluted NI Available to Com Stockholders": "101,002", "Basic EPS": "-", "Diluted EPS": "-", "Basic Average Shares": "-", "Diluted Average Shares": "-", "Total Expenses": "1,442,915", "Net Income from Continuing & Discontinued Operation": "156,614", "Normalized Income": "536,655", "Interest Income": "455,424", "Interest Expense": "380,962", "Net Interest Income": "74,462", "EBIT": "934,730", "EBITDA": "-", "Reconciled Cost of Revenue": "1,088,698", "Reconciled Depreciation": "18,828", "Net Income from Continuing Operation Net Minority Interest": "156,614", "Total Unusual Items Excluding Goodwill": "-450,820", "Total Unusual Items": "-450,820", "Normalized EBITDA": "1,404,378", "Tax Rate for Calcs": "0", "Tax Effect of Unusual Items": "-70,779"}, "12/31/2019": {"Duration": "12/31/2019", "Total Revenue": "2,931,849", "Cost of Revenue": "1,261,087", "Gross Profit": "1,670,762", "Operating Expense": "330,342", "Operating Income": "1,340,420", "Net Non Operating Interest Income Expense": "-62,847", "Other Income Expense": "130,276", "Pretax Income": "1,407,849", "Tax Provision": "-128,994", "Net Income Common Stockholders": "788,649", "Average Dilution Earnings": "3,173", "Diluted NI Available to Com Stockholders": "791,822", "Basic EPS": "3.72", "Diluted EPS": "3.71", "Basic Average Shares": "207,072", "Diluted Average Shares": "208,749", "Total Expenses": "1,591,429", "Net Income from Continuing & Discontinued Operation": "843,193", "Normalized Income": "713,206", "Interest Income": "35,522", "Interest Expense": "98,369", "Net Interest Income": "-62,847", "EBIT": "1,506,218", "EBITDA": "-", "Reconciled Cost of Revenue": "1,261,087", "Reconciled Depreciation": "15,758", "Net Income from Continuing Operation Net Minority Interest": "843,193", "Total Unusual Items Excluding Goodwill": "178,065", "Total Unusual Items": "178,065", "Normalized EBITDA": "1,343,911", "Tax Rate for Calcs": "0", "Tax Effect of Unusual Items": "48,078"}, "12/31/2018": {"Duration": "12/31/2018", "Total Revenue": "1,093,065", "Cost of Revenue": "574,999", "Gross Profit": "518,066", "Operating Expense": "266,444", "Operating Income": "251,622", "Net Non Operating Interest Income Expense": "-38,720", "Other Income Expense": "-107,630", "Pretax Income": "105,272", "Tax Provision": "86,021", "Net Income Common Stockholders": "-60,157", "Average Dilution Earnings": "0", "Diluted NI Available to Com Stockholders": "-60,157", "Basic EPS": "-0.21", "Diluted EPS": "-0.21", "Basic Average Shares": "201,401", "Diluted Average Shares": "201,401", "Total Expenses": "841,443", "Net Income from Continuing & Discontinued Operation": "-10,376", "Normalized Income": "92,800", "Interest Income": "20,654", "Interest Expense": "59,374", "Net Interest Income": "-38,720", "EBIT": "164,646", "EBITDA": "-", "Reconciled Cost of Revenue": "574,999", "Reconciled Depreciation": "15,233", "Net Income from Continuing Operation Net Minority Interest": "-10,376", "Total Unusual Items Excluding Goodwill": "-141,337", "Total Unusual Items": "-141,337", "Normalized EBITDA": "321,216", "Tax Rate for Calcs": "0", "Tax Effect of Unusual Items": "-38,161"}}, "bs": {"12/31/2020": {"Duration": "12/31/2020", "Total Assets": "23,669,084", "Total Liabilities Net Minority Interest": "18,155,821", "Total Equity Gross Minority Interest": "5,513,263", "Total Capitalization": "15,636,199", "Preferred Stock Equity": "554,213", "Common Stock Equity": "875,102", "Capital Lease Obligations": "332,915", "Net Tangible Assets": "1,288,771", "Working Capital": "1,259,100", "Invested Capital": "15,162,809", "Tangible Book Value": "734,558", "Total Debt": "14,620,622", "Net Debt": "11,838,884", "Share Issued": "228,873", "Ordinary Shares Number": "228,873", "Preferred Shares Number": "23,000"}, "12/31/2019": {"Duration": "12/31/2019", "Total Assets": "8,542,117", "Total Liabilities Net Minority Interest": "5,503,990", "Total Equity Gross Minority Interest": "3,038,127", "Total Capitalization": "5,280,582", "Preferred Stock Equity": "554,213", "Common Stock Equity": "1,298,009", "Capital Lease Obligations": "209,479", "Net Tangible Assets": "1,737,696", "Working Capital": "566,249", "Invested Capital": "4,798,756", "Tangible Book Value": "1,183,483", "Total Debt": "3,710,226", "Net Debt": "1,899,216", "Share Issued": "222,994", "Ordinary Shares Number": "222,994", "Preferred Shares Number": "23,000"}, "12/31/2018": {"Duration": "12/31/2018", "Total Assets": "5,991,654", "Total Liabilities Net Minority Interest": "3,539,814", "Total Equity Gross Minority Interest": "2,451,840", "Total Capitalization": "3,520,746", "Preferred Stock Equity": "554,213", "Common Stock Equity": "821,983", "Capital Lease Obligations": "-", "Net Tangible Assets": "1,268,445", "Working Capital": "-16,163", "Invested Capital": "3,037,892", "Tangible Book Value": "714,232", "Total Debt": "2,215,909", "Net Debt": "1,556,491", "Share Issued": "201,401", "Ordinary Shares Number": "201,401", "Preferred Shares Number": "23,000"}}, "cf": {"TTM": {"Duration": "TTM", "Operating Cash Flow": "-1,616,430", "Investing Cash Flow": "-837,659", "Financing Cash Flow": "3,299,310", "End Cash Position": "2,466,531", "Income Tax Paid Supplemental Data": "36,848", "Interest Paid Supplemental Data": "307,276", "Capital Expenditure": "-59,562", "Issuance of Capital Stock": "0", "Issuance of Debt": "4,327,732", "Repayment of Debt": "-953,015", "Repurchase of Capital Stock": "-91,617", "Free Cash Flow": "-1,675,992"}, "12/31/2020": {"Duration": "12/31/2020", "Operating Cash Flow": "-1,616,430", "Investing Cash Flow": "-837,659", "Financing Cash Flow": "3,299,310", "End Cash Position": "2,466,531", "Income Tax Paid Supplemental Data": "36,848", "Interest Paid Supplemental Data": "307,276", "Capital Expenditure": "-59,562", "Issuance of Capital Stock": "0", "Issuance of Debt": "4,327,732", "Repayment of Debt": "-953,015", "Repurchase of Capital Stock": "-91,617", "Free Cash Flow": "-1,675,992"}, "12/31/2019": {"Duration": "12/31/2019", "Operating Cash Flow": "1,082,694", "Investing Cash Flow": "-263,972", "Financing Cash Flow": "139,713", "End Cash Position": "1,621,310", "Income Tax Paid Supplemental Data": "42,840", "Interest Paid Supplemental Data": "96,107", "Capital Expenditure": "-39,495", "Issuance of Capital Stock": "0", "Issuance of Debt": "1,702,757", "Repayment of Debt": "-388,871", "Repurchase of Capital Stock": "-110,726", "Free Cash Flow": "1,043,199"}, "12/31/2018": {"Duration": "12/31/2018", "Operating Cash Flow": "814,259", "Investing Cash Flow": "-247,260", "Financing Cash Flow": "-752,184", "End Cash Position": "662,875", "Income Tax Paid Supplemental Data": "10,220", "Interest Paid Supplemental Data": "71,688", "Capital Expenditure": "-14,741", "Issuance of Capital Stock": "289,815", "Issuance of Debt": "303,267", "Repayment of Debt": "-392,153", "Repurchase of Capital Stock": "-90,908", "Free Cash Flow": "799,518"}}}}, {"ESXB": {"quote": {"03/28/2021": {"value": "8.71", "Market Cap": "193.588M", "Beta (5Y Monthly)": "1.23", "PE Ratio (TTM)": "12.62", "EPS (TTM)": "0.69", "Earnings Date": "Jan 29, 2021", "Forward Dividend & Yield": "0.24 (2.82%)", "Ex-Dividend Date": "Feb 17, 2021", "1y Target Est": "8.00"}}, "fin": {"TTM": {"Duration": "TTM", "Total Revenue": "56,733", "Credit Losses Provision": "-4,200", "Non Interest Expense": "33,207", "Pretax Income": "19,326", "Tax Provision": "3,778", "Net Income Common Stockholders": "15,548", "Diluted NI Available to Com Stockholders": "15,548", "Basic EPS": "-", "Diluted EPS": "-", "Basic Average Shares": "-", "Diluted Average Shares": "-", "INTEREST_INCOME_AFTER_PROVISION_FOR_LOAN_LOSS": "47,110", "Net Income from Continuing & Discontinued Operation": "15,548", "Normalized Income": "15,548", "Total Money Market Investments": "338", "Reconciled Depreciation": "2,757", "Net Income from Continuing Operation Net Minority Interest": "15,548", "Tax Rate for Calcs": "0", "Tax Effect of Unusual Items": "0"}, "12/31/2020": {"Duration": "12/31/2020", "Total Revenue": "56,733", "Credit Losses Provision": "-4,200", "Non Interest Expense": "33,207", "Pretax Income": "19,326", "Tax Provision": "3,778", "Net Income Common Stockholders": "15,548", "Diluted NI Available to Com Stockholders": "15,548", "Basic EPS": "0.70", "Diluted EPS": "0.69", "Basic Average Shares": "22,331", "Diluted Average Shares": "22,539", "INTEREST_INCOME_AFTER_PROVISION_FOR_LOAN_LOSS": "47,110", "Net Income from Continuing & Discontinued Operation": "15,548", "Normalized Income": "15,548", "Total Money Market Investments": "338", "Reconciled Depreciation": "2,757", "Net Income from Continuing Operation Net Minority Interest": "15,548", "Tax Rate for Calcs": "0", "Tax Effect of Unusual Items": "0"}, "12/31/2019": {"Duration": "12/31/2019", "Total Revenue": "54,694", "Credit Losses Provision": "-325", "Non Interest Expense": "35,112", "Pretax Income": "19,257", "Tax Provision": "3,552", "Net Income Common Stockholders": "15,705", "Diluted NI Available to Com Stockholders": "15,705", "Basic EPS": "0.71", "Diluted EPS": "0.70", "Basic Average Shares": "22,120", "Diluted Average Shares": "22,531", "INTEREST_INCOME_AFTER_PROVISION_FOR_LOAN_LOSS": "49,632", "Net Income from Continuing & Discontinued Operation": "15,705", "Normalized Income": "15,705", "Total Money Market Investments": "405", "Reconciled Depreciation": "2,975", "Net Income from Continuing Operation Net Minority Interest": "15,705", "Tax Rate for Calcs": "0", "Tax Effect of Unusual Items": "0"}, "12/31/2018": {"Duration": "12/31/2018", "Total Revenue": "51,149", "Credit Losses Provision": "0", "Non Interest Expense": "34,376", "Pretax Income": "16,773", "Tax Provision": "3,085", "Net Income Common Stockholders": "13,688", "Diluted NI Available to Com Stockholders": "13,688", "Basic EPS": "0.62", "Diluted EPS": "0.61", "Basic Average Shares": "22,077", "Diluted Average Shares": "22,439", "INTEREST_INCOME_AFTER_PROVISION_FOR_LOAN_LOSS": "47,187", "Net Income from Continuing & Discontinued Operation": "13,688", "Normalized Income": "13,688", "Total Money Market Investments": "308", "Reconciled Depreciation": "1,985", "Net Income from Continuing Operation Net Minority Interest": "13,688", "Tax Rate for Calcs": "0", "Tax Effect of Unusual Items": "0"}}, "bs": {"12/31/2020": {"Duration": "12/31/2020", "Total Assets": "1,644,809", "Total Liabilities Net Minority Interest": "1,475,155", "Total Equity Gross Minority Interest": "169,654", "Total Capitalization": "231,611", "Common Stock Equity": "169,654", "Capital Lease Obligations": "5,787", "Net Tangible Assets": "169,654", "Invested Capital": "231,611", "Tangible Book Value": "169,654", "Total Debt": "67,744", "Net Debt": "-", "Share Issued": "22,201", "Ordinary Shares Number": "22,201"}, "12/31/2019": {"Duration": "12/31/2019", "Total Assets": "1,430,840", "Total Liabilities Net Minority Interest": "1,275,361", "Total Equity Gross Minority Interest": "155,479", "Total Capitalization": "228,103", "Common Stock Equity": "155,479", "Capital Lease Obligations": "6,737", "Net Tangible Assets": "155,479", "Invested Capital": "228,103", "Tangible Book Value": "155,479", "Total Debt": "79,361", "Net Debt": "43,940", "Share Issued": "22,423", "Ordinary Shares Number": "22,423"}, "12/31/2018": {"Duration": "12/31/2018", "Total Assets": "1,393,150", "Total Liabilities Net Minority Interest": "1,255,689", "Total Equity Gross Minority Interest": "137,461", "Total Capitalization": "201,032", "Common Stock Equity": "137,461", "Capital Lease Obligations": "-", "Net Tangible Assets": "137,461", "Invested Capital": "201,032", "Tangible Book Value": "137,461", "Total Debt": "63,571", "Net Debt": "29,352", "Share Issued": "22,132", "Ordinary Shares Number": "22,132"}}, "cf": {"TTM": {"Duration": "TTM", "Operating Cash Flow": "21,558", "Investing Cash Flow": "-180,473", "Financing Cash Flow": "193,416", "End Cash Position": "63,185", "Income Tax Paid Supplemental Data": "4,513", "Interest Paid Supplemental Data": "12,880", "Capital Expenditure": "-240", "Issuance of Capital Stock": "73", "Issuance of Debt": "40,000", "Repayment of Debt": "-40,667", "Repurchase of Capital Stock": "-2,115", "Free Cash Flow": "21,318"}, "12/31/2020": {"Duration": "12/31/2020", "Operating Cash Flow": "21,558", "Investing Cash Flow": "-180,473", "Financing Cash Flow": "193,416", "End Cash Position": "63,185", "Income Tax Paid Supplemental Data": "4,513", "Interest Paid Supplemental Data": "12,880", "Capital Expenditure": "-240", "Issuance of Capital Stock": "73", "Issuance of Debt": "40,000", "Repayment of Debt": "-40,667", "Repurchase of Capital Stock": "-2,115", "Free Cash Flow": "21,318"}, "12/31/2019": {"Duration": "12/31/2019", "Operating Cash Flow": "21,014", "Investing Cash Flow": "-37,066", "Financing Cash Flow": "10,517", "End Cash Position": "28,684", "Income Tax Paid Supplemental Data": "3,145", "Interest Paid Supplemental Data": "15,465", "Capital Expenditure": "-367", "Issuance of Capital Stock": "893", "Issuance of Debt": "40,000", "Repayment of Debt": "-10,947", "Repurchase of Capital Stock": "-", "Free Cash Flow": "20,647"}, "12/31/2018": {"Duration": "12/31/2018", "Operating Cash Flow": "19,689", "Investing Cash Flow": "-49,394", "Financing Cash Flow": "41,966", "End Cash Position": "34,219", "Income Tax Paid Supplemental Data": "2,198", "Interest Paid Supplemental Data": "11,540", "Capital Expenditure": "-4,527", "Issuance of Capital Stock": "146", "Issuance of Debt": "0", "Repayment of Debt": "-11,482", "Repurchase of Capital Stock": "-", "Free Cash Flow": "15,162"}}}}, {"TIRTZ": {"quote": {"03/28/2021": {"value": "0.5990", "Market Cap": "228,750", "Beta (5Y Monthly)": "1.45", "PE Ratio (TTM)": "N/A", "EPS (TTM)": "-0.0060", "Earnings Date": "N/A", "Forward Dividend & Yield": "N/A (N/A)", "Ex-Dividend Date": "Mar 28, 2018", "1y Target Est": "N/A"}}, "fin": {"TTM": {"Duration": "TTM", "Total Revenue": "125.962", "Operating Expense": "137.628", "Operating Income": "-11.666", "Net Non Operating Interest Income Expense": "-", "Pretax Income": "-9.055", "Tax Provision": "-0.883", "Net Income Common Stockholders": "-8.172", "Diluted NI Available to Com Stockholders": "-8.172", "Basic EPS": "-", "Diluted EPS": "-", "Basic Average Shares": "-", "Diluted Average Shares": "-", "Total Expenses": "137.628", "Net Income from Continuing & Discontinued Operation": "-8.172", "Normalized Income": "-8.172", "Interest Income": "-", "Net Interest Income": "-", "EBIT": "-11.666", "EBITDA": "-11.666", "Net Income from Continuing Operation Net Minority Interest": "-8.172", "Normalized EBITDA": "-11.666", "Tax Rate for Calcs": "0", "Tax Effect of Unusual Items": "0"}}, "bs": {}, "cf": {}}}, {"MAIN": {"quote": {"03/28/2021": {"value": "39.26", "Market Cap": "2.668B", "Beta (5Y Monthly)": "1.48", "PE Ratio (TTM)": "87.83", "EPS (TTM)": "0.45", "Earnings Date": "May 03, 2021 - May 07, 2021", "Forward Dividend & Yield": "2.46 (6.27%)", "Ex-Dividend Date": "Apr 28, 2021", "1y Target Est": "35.67"}}, "fin": {"TTM": {"Duration": "TTM", "Total Revenue": "58,353", "Pretax Income": "15,842", "Tax Provision": "-13,541", "Net Income Common Stockholders": "29,383", "Diluted NI Available to Com Stockholders": "29,383", "Basic EPS": "-", "Diluted EPS": "-", "Basic Average Shares": "-", "Diluted Average Shares": "-", "Net Income from Continuing & Discontinued Operation": "29,383", "Normalized Income": "29,383", "Net Income from Continuing Operation Net Minority Interest": "29,383", "Tax Rate for Calcs": "0", "Tax Effect of Unusual Items": "0"}, "12/31/2020": {"Duration": "12/31/2020", "Total Revenue": "58,353", "Pretax Income": "15,842", "Tax Provision": "-13,541", "Net Income Common Stockholders": "29,383", "Diluted NI Available to Com Stockholders": "29,383", "Basic EPS": "-", "Diluted EPS": "-", "Basic Average Shares": "-", "Diluted Average Shares": "-", "Net Income from Continuing & Discontinued Operation": "29,383", "Normalized Income": "29,383", "Net Income from Continuing Operation Net Minority Interest": "29,383", "Tax Rate for Calcs": "0", "Tax Effect of Unusual Items": "0"}, "12/31/2019": {"Duration": "12/31/2019", "Total Revenue": "173,232", "Pretax Income": "130,811", "Tax Provision": "1,242", "Net Income Common Stockholders": "129,569", "Diluted NI Available to Com Stockholders": "129,569", "Basic EPS": "2.06", "Diluted EPS": "2.06", "Basic Average Shares": "62,961", "Diluted Average Shares": "62,961", "Net Income from Continuing & Discontinued Operation": "129,569", "Normalized Income": "129,569", "Net Income from Continuing Operation Net Minority Interest": "129,569", "Tax Rate for Calcs": "0", "Tax Effect of Unusual Items": "0"}, "12/31/2018": {"Duration": "12/31/2018", "Total Revenue": "214,350", "Pretax Income": "174,365", "Tax Provision": "6,152", "Net Income Common Stockholders": "168,213", "Diluted NI Available to Com Stockholders": "168,213", "Basic EPS": "2.80", "Diluted EPS": "2.80", "Basic Average Shares": "60,177", "Diluted Average Shares": "60,177", "Net Income from Continuing & Discontinued Operation": "168,213", "Normalized Income": "168,213", "Net Income from Continuing Operation Net Minority Interest": "168,213", "Tax Rate for Calcs": "0", "Tax Effect of Unusual Items": "0"}}, "bs": {"12/31/2020": {"Duration": "12/31/2020", "Total Assets": "2,769,364", "Total Liabilities Net Minority Interest": "1,254,597", "Total Equity Gross Minority Interest": "1,514,767", "Total Capitalization": "2,723,392", "Common Stock Equity": "1,514,767", "Net Tangible Assets": "1,514,767", "Invested Capital": "2,723,392", "Tangible Book Value": "1,514,767", "Total Debt": "1,208,625", "Net Debt": "1,176,706", "Share Issued": "67,675", "Ordinary Shares Number": "67,675"}, "12/31/2019": {"Duration": "12/31/2019", "Total Assets": "2,711,549", "Total Liabilities Net Minority Interest": "1,175,159", "Total Equity Gross Minority Interest": "1,536,390", "Total Capitalization": "2,650,402", "Common Stock Equity": "1,536,390", "Net Tangible Assets": "1,536,390", "Invested Capital": "2,650,402", "Tangible Book Value": "1,536,390", "Total Debt": "1,114,012", "Net Debt": "1,058,766", "Share Issued": "64,241", "Ordinary Shares Number": "64,241"}, "12/31/2018": {"Duration": "12/31/2018", "Total Assets": "2,553,426", "Total Liabilities Net Minority Interest": "1,077,377", "Total Equity Gross Minority Interest": "1,476,049", "Total Capitalization": "2,472,195", "Common Stock Equity": "1,476,049", "Net Tangible Assets": "1,476,049", "Invested Capital": "2,472,195", "Tangible Book Value": "1,476,049", "Total Debt": "996,146", "Net Debt": "941,965", "Share Issued": "61,265", "Ordinary Shares Number": "61,265"}}, "cf": {"TTM": {"Duration": "TTM", "Operating Cash Flow": "-54,084", "Financing Cash Flow": "30,757", "End Cash Position": "31,919", "Issuance of Capital Stock": "84,381", "Issuance of Debt": "564,000", "Repayment of Debt": "-472,000", "Repurchase of Capital Stock": "-", "Free Cash Flow": "-54,084"}, "12/31/2020": {"Duration": "12/31/2020", "Operating Cash Flow": "-54,084", "Financing Cash Flow": "30,757", "End Cash Position": "31,919", "Issuance of Capital Stock": "84,381", "Issuance of Debt": "564,000", "Repayment of Debt": "-472,000", "Repurchase of Capital Stock": "-", "Free Cash Flow": "-54,084"}, "12/31/2019": {"Duration": "12/31/2019", "Operating Cash Flow": "-33,834", "Financing Cash Flow": "34,899", "End Cash Position": "55,246", "Issuance of Capital Stock": "89,269", "Issuance of Debt": "964,000", "Repayment of Debt": "-849,000", "Repurchase of Capital Stock": "-", "Free Cash Flow": "-33,834"}, "12/31/2018": {"Duration": "12/31/2018", "Operating Cash Flow": "-109,066", "Financing Cash Flow": "111,719", "End Cash Position": "54,181", "Issuance of Capital Stock": "78,394", "Issuance of Debt": "686,000", "Repayment of Debt": "-489,655", "Repurchase of Capital Stock": "-", "Free Cash Flow": "-109,066"}}}}, {"CBOE": {"quote": {"03/28/2021": {"value": "97.72", "Market Cap": "10.477B", "Beta (5Y Monthly)": "0.65", "PE Ratio (TTM)": "21.45", "EPS (TTM)": "4.55", "Earnings Date": "Apr 30, 2021", "Forward Dividend & Yield": "1.68 (1.72%)", "Ex-Dividend Date": "Feb 25, 2021", "1y Target Est": "102.60"}}, "fin": {"TTM": {"Duration": "TTM", "Total Revenue": "3,427,100", "Cost of Revenue": "2,397,700", "Gross Profit": "1,029,400", "Operating Expense": "322,000", "Operating Income": "707,400", "Net Non Operating Interest Income Expense": "-37,700", "Other Income Expense": "-9,400", "Pretax Income": "660,400", "Tax Provision": "192,200", "Net Income Common Stockholders": "467,000", "Diluted NI Available to Com Stockholders": "467,000", "Basic EPS": "-", "Diluted EPS": "-", "Basic Average Shares": "-", "Diluted Average Shares": "-", "Total Operating Income as Reported": "662,200", "Total Expenses": "2,719,700", "Net Income from Continuing & Discontinued Operation": "468,200", "Normalized Income": "500,247", "Interest Income": "1,100", "Interest Expense": "35,300", "Net Interest Income": "-37,700", "EBIT": "695,700", "EBITDA": "854,200", "Reconciled Cost of Revenue": "2,397,700", "Reconciled Depreciation": "158,500", "Net Income from Continuing Operation Net Minority Interest": "468,200", "Total Unusual Items Excluding Goodwill": "-45,200", "Total Unusual Items": "-45,200", "Normalized EBITDA": "899,400", "Tax Rate for Calcs": "0", "Tax Effect of Unusual Items": "-13,153"}, "12/31/2020": {"Duration": "12/31/2020", "Total Revenue": "3,427,100", "Cost of Revenue": "2,397,700", "Gross Profit": "1,029,400", "Operating Expense": "322,000", "Operating Income": "707,400", "Net Non Operating Interest Income Expense": "-37,700", "Other Income Expense": "-9,400", "Pretax Income": "660,400", "Tax Provision": "192,200", "Net Income Common Stockholders": "467,000", "Diluted NI Available to Com Stockholders": "467,000", "Basic EPS": "-", "Diluted EPS": "-", "Basic Average Shares": "-", "Diluted Average Shares": "-", "Total Operating Income as Reported": "662,200", "Total Expenses": "2,719,700", "Net Income from Continuing & Discontinued Operation": "468,200", "Normalized Income": "500,247", "Interest Income": "1,100", "Interest Expense": "35,300", "Net Interest Income": "-37,700", "EBIT": "695,700", "EBITDA": "-", "Reconciled Cost of Revenue": "2,397,700", "Reconciled Depreciation": "158,500", "Net Income from Continuing Operation Net Minority Interest": "468,200", "Total Unusual Items Excluding Goodwill": "-45,200", "Total Unusual Items": "-45,200", "Normalized EBITDA": "899,400", "Tax Rate for Calcs": "0", "Tax Effect of Unusual Items": "-13,153"}, "12/31/2019": {"Duration": "12/31/2019", "Total Revenue": "2,496,100", "Cost of Revenue": "1,558,200", "Gross Profit": "937,900", "Operating Expense": "352,200", "Operating Income": "585,700", "Net Non Operating Interest Income Expense": "-35,900", "Other Income Expense": "-48,400", "Pretax Income": "501,400", "Tax Provision": "130,600", "Net Income Common Stockholders": "372,700", "Diluted NI Available to Com Stockholders": "372,700", "Basic EPS": "3.35", "Diluted EPS": "3.34", "Basic Average Shares": "111,400", "Diluted Average Shares": "111,800", "Total Operating Income as Reported": "537,200", "Total Expenses": "1,910,400", "Net Income from Continuing & Discontinued Operation": "374,900", "Normalized Income": "410,790", "Interest Income": "1,900", "Interest Expense": "36,200", "Net Interest Income": "-35,900", "EBIT": "537,600", "EBITDA": "-", "Reconciled Cost of Revenue": "1,558,200", "Reconciled Depreciation": "176,600", "Net Income from Continuing Operation Net Minority Interest": "374,900", "Total Unusual Items Excluding Goodwill": "-48,500", "Total Unusual Items": "-48,500", "Normalized EBITDA": "762,700", "Tax Rate for Calcs": "0", "Tax Effect of Unusual Items": "-12,610"}, "12/31/2018": {"Duration": "12/31/2018", "Total Revenue": "2,768,800", "Cost of Revenue": "1,780,700", "Gross Profit": "988,100", "Operating Expense": "358,700", "Operating Income": "629,400", "Net Non Operating Interest Income Expense": "-38,200", "Other Income Expense": "-20,000", "Pretax Income": "571,200", "Tax Provision": "146,000", "Net Income Common Stockholders": "422,100", "Diluted NI Available to Com Stockholders": "422,100", "Basic EPS": "3.78", "Diluted EPS": "3.76", "Basic Average Shares": "111,800", "Diluted Average Shares": "112,200", "Total Operating Income as Reported": "599,400", "Total Expenses": "2,139,400", "Net Income from Continuing & Discontinued Operation": "426,500", "Normalized Income": "448,820", "Interest Income": "2,300", "Interest Expense": "38,700", "Net Interest Income": "-38,200", "EBIT": "609,900", "EBITDA": "-", "Reconciled Cost of Revenue": "1,780,700", "Reconciled Depreciation": "204,000", "Net Income from Continuing Operation Net Minority Interest": "426,500", "Total Unusual Items Excluding Goodwill": "-30,000", "Total Unusual Items": "-30,000", "Normalized EBITDA": "843,900", "Tax Rate for Calcs": "0", "Tax Effect of Unusual Items": "-7,680"}}, "bs": {"12/31/2020": {"Duration": "12/31/2020", "Total Assets": "6,516,500", "Total Liabilities Net Minority Interest": "3,167,600", "Total Equity Gross Minority Interest": "3,348,900", "Total Capitalization": "4,484,100", "Common Stock Equity": "3,348,900", "Capital Lease Obligations": "132,100", "Net Tangible Assets": "-1,312,700", "Working Capital": "253,500", "Invested Capital": "4,552,800", "Tangible Book Value": "-1,312,700", "Total Debt": "1,336,000", "Net Debt": "958,500", "Share Issued": "125,999", "Ordinary Shares Number": "107,300", "Treasury Shares Number": "18,699"}, "12/31/2019": {"Duration": "12/31/2019", "Total Assets": "5,113,900", "Total Liabilities Net Minority Interest": "1,758,300", "Total Equity Gross Minority Interest": "3,355,600", "Total Capitalization": "4,223,200", "Common Stock Equity": "3,355,600", "Capital Lease Obligations": "46,700", "Net Tangible Assets": "-946,100", "Working Capital": "326,000", "Invested Capital": "4,223,200", "Tangible Book Value": "-946,100", "Total Debt": "914,300", "Net Debt": "638,300", "Share Issued": "125,702", "Ordinary Shares Number": "110,657", "Treasury Shares Number": "15,045"}, "12/31/2018": {"Duration": "12/31/2018", "Total Assets": "5,321,000", "Total Liabilities Net Minority Interest": "2,080,000", "Total Equity Gross Minority Interest": "3,241,000", "Total Capitalization": "4,156,600", "Common Stock Equity": "3,241,000", "Capital Lease Obligations": "-", "Net Tangible Assets": "-1,205,100", "Working Capital": "87,800", "Invested Capital": "4,456,400", "Tangible Book Value": "-1,205,100", "Total Debt": "1,215,400", "Net Debt": "940,300", "Share Issued": "125,080", "Ordinary Shares Number": "111,602", "Treasury Shares Number": "13,479"}}, "cf": {"TTM": {"Duration": "TTM", "Operating Cash Flow": "1,458,800", "Investing Cash Flow": "-430,500", "Financing Cash Flow": "-201,700", "End Cash Position": "1,057,500", "Income Tax Paid Supplemental Data": "191,500", "Interest Paid Supplemental Data": "29,200", "Capital Expenditure": "-47,400", "Issuance of Debt": "563,700", "Repayment of Debt": "-225,000", "Repurchase of Capital Stock": "-349,100", "Free Cash Flow": "1,411,400"}, "12/31/2020": {"Duration": "12/31/2020", "Operating Cash Flow": "1,458,800", "Investing Cash Flow": "-430,500", "Financing Cash Flow": "-201,700", "End Cash Position": "1,057,500", "Income Tax Paid Supplemental Data": "191,500", "Interest Paid Supplemental Data": "29,200", "Capital Expenditure": "-47,400", "Issuance of Debt": "563,700", "Repayment of Debt": "-225,000", "Repurchase of Capital Stock": "-349,100", "Free Cash Flow": "1,411,400"}, "12/31/2019": {"Duration": "12/31/2019", "Operating Cash Flow": "632,800", "Investing Cash Flow": "-15,900", "Financing Cash Flow": "-662,900", "End Cash Position": "229,300", "Income Tax Paid Supplemental Data": "134,900", "Interest Paid Supplemental Data": "32,700", "Capital Expenditure": "-35,100", "Issuance of Debt": "0", "Repayment of Debt": "-350,000", "Repurchase of Capital Stock": "-167,900", "Free Cash Flow": "597,700"}, "12/31/2018": {"Duration": "12/31/2018", "Operating Cash Flow": "534,700", "Investing Cash Flow": "-25,600", "Financing Cash Flow": "-371,600", "End Cash Position": "275,100", "Income Tax Paid Supplemental Data": "213,400", "Interest Paid Supplemental Data": "38,700", "Capital Expenditure": "-36,300", "Issuance of Debt": "339,000", "Repayment of Debt": "-364,000", "Repurchase of Capital Stock": "-161,800", "Free Cash Flow": "498,400"}}}}, {"SAR": {"quote": {"03/28/2021": {"value": "24.55", "Market Cap": "274.223M", "Beta (5Y Monthly)": "1.73", "PE Ratio (TTM)": "8.50", "EPS (TTM)": "2.89", "Earnings Date": "Jan 07, 2021", "Forward Dividend & Yield": "1.72 (7.01%)", "Ex-Dividend Date": "Apr 07, 2021", "1y Target Est": "24.64"}}, "fin": {"TTM": {"Duration": "TTM", "Total Revenue": "44,112", "Pretax Income": "36,582", "Tax Provision": "4,268", "Net Income Common Stockholders": "32,314", "Diluted NI Available to Com Stockholders": "32,314", "Basic EPS": "-", "Diluted EPS": "-", "Basic Average Shares": "-", "Diluted Average Shares": "-", "Net Income from Continuing & Discontinued Operation": "32,314", "Normalized Income": "32,314", "Net Income from Continuing Operation Net Minority Interest": "32,314", "Tax Rate for Calcs": "0", "Tax Effect of Unusual Items": "0"}, "2/29/2020": {"Duration": "2/29/2020", "Total Revenue": "63,609", "Pretax Income": "56,347", "Tax Provision": "607.646", "Net Income Common Stockholders": "55,739", "Diluted NI Available to Com Stockholders": "55,739", "Basic EPS": "5.98", "Diluted EPS": "5.98", "Basic Average Shares": "9,319", "Diluted Average Shares": "9,319", "Net Income from Continuing & Discontinued Operation": "55,739", "Normalized Income": "55,739", "Net Income from Continuing Operation Net Minority Interest": "55,739", "Tax Rate for Calcs": "0", "Tax Effect of Unusual Items": "0"}, "2/28/2019": {"Duration": "2/28/2019", "Total Revenue": "24,786", "Pretax Income": "19,249", "Tax Provision": "739.717", "Net Income Common Stockholders": "18,509", "Diluted NI Available to Com Stockholders": "18,509", "Basic EPS": "2.63", "Diluted EPS": "2.63", "Basic Average Shares": "7,047", "Diluted Average Shares": "7,047", "Net Income from Continuing & Discontinued Operation": "18,509", "Normalized Income": "18,509", "Net Income from Continuing Operation Net Minority Interest": "18,509", "Tax Rate for Calcs": "0", "Tax Effect of Unusual Items": "0"}}, "bs": {"2/29/2020": {"Duration": "2/29/2020", "Total Assets": "530,866", "Total Liabilities Net Minority Interest": "226,579", "Total Equity Gross Minority Interest": "304,287", "Total Capitalization": "509,166", "Common Stock Equity": "304,287", "Net Tangible Assets": "304,287", "Invested Capital": "509,166", "Tangible Book Value": "304,287", "Total Debt": "204,879", "Net Debt": "165,429", "Share Issued": "11,218", "Ordinary Shares Number": "11,218"}, "2/28/2019": {"Duration": "2/28/2019", "Total Assets": "470,672", "Total Liabilities Net Minority Interest": "289,797", "Total Equity Gross Minority Interest": "180,875", "Total Capitalization": "458,026", "Common Stock Equity": "180,875", "Net Tangible Assets": "180,875", "Invested Capital": "458,026", "Tangible Book Value": "180,875", "Total Debt": "277,151", "Net Debt": "215,057", "Share Issued": "7,657", "Ordinary Shares Number": "7,657"}}, "cf": {"TTM": {"Duration": "TTM", "Operating Cash Flow": "-30,647", "Financing Cash Flow": "-16,569", "End Cash Position": "33,897", "Issuance of Capital Stock": "1,834", "Issuance of Debt": "74,125", "Repayment of Debt": "-74,450", "Repurchase of Capital Stock": "-", "Free Cash Flow": "-30,647"}, "2/29/2020": {"Duration": "2/29/2020", "Operating Cash Flow": "-15,145", "Financing Cash Flow": "-7,499", "End Cash Position": "39,450", "Issuance of Capital Stock": "85,898", "Issuance of Debt": "20,200", "Repayment of Debt": "-94,650", "Repurchase of Capital Stock": "-", "Free Cash Flow": "-15,145"}, "2/28/2019": {"Duration": "2/28/2019", "Operating Cash Flow": "-39,980", "Financing Cash Flow": "88,297", "End Cash Position": "62,094", "Issuance of Capital Stock": "32,150", "Issuance of Debt": "105,590", "Repayment of Debt": "-33,250", "Repurchase of Capital Stock": "0", "Free Cash Flow": "-39,980"}}}}, {"DMLP": {"quote": {"03/28/2021": {"value": "14.00", "Market Cap": "485.517M", "Beta (5Y Monthly)": "1.46", "PE Ratio (TTM)": "22.95", "EPS (TTM)": "0.61", "Earnings Date": "Feb 25, 2021", "Forward Dividend & Yield": "1.27 (9.09%)", "Ex-Dividend Date": "Jan 29, 2021", "1y Target Est": "N/A"}}, "fin": {"TTM": {"Duration": "TTM", "Total Revenue": "46,928", "Cost of Revenue": "17,602", "Gross Profit": "29,326", "Operating Expense": "7,459", "Operating Income": "21,867", "Net Non Operating Interest Income Expense": "-", "Pretax Income": "21,867", "Net Income Common Stockholders": "21,162", "Diluted NI Available to Com Stockholders": "21,162", "Basic EPS": "-", "Diluted EPS": "-", "Basic Average Shares": "-", "Diluted Average Shares": "-", "Total Operating Income as Reported": "-", "Total Expenses": "25,061", "Interest Income": "-", "Net Interest Income": "-", "Net Income from Continuing & Discontinued Operation": "21,867", "Normalized Income": "21,867", "EBIT": "21,867", "EBITDA": "34,016", "Reconciled Cost of Revenue": "17,602", "Reconciled Depreciation": "12,149", "Net Income from Continuing Operation Net Minority Interest": "21,867", "Normalized EBITDA": "34,016", "Tax Rate for Calcs": "0", "Tax Effect of Unusual Items": "0"}, "12/31/2020": {"Duration": "12/31/2020", "Total Revenue": "46,928", "Cost of Revenue": "17,602", "Gross Profit": "29,326", "Operating Expense": "7,459", "Operating Income": "21,867", "Net Non Operating Interest Income Expense": "-", "Pretax Income": "21,867", "Net Income Common Stockholders": "21,162", "Diluted NI Available to Com Stockholders": "21,162", "Basic EPS": "-", "Diluted EPS": "-", "Basic Average Shares": "-", "Diluted Average Shares": "-", "Total Operating Income as Reported": "-", "Total Expenses": "25,061", "Interest Income": "-", "Net Interest Income": "-", "Net Income from Continuing & Discontinued Operation": "21,867", "Normalized Income": "21,867", "EBIT": "21,867", "EBITDA": "-", "Reconciled Cost of Revenue": "17,602", "Reconciled Depreciation": "12,149", "Net Income from Continuing Operation Net Minority Interest": "21,867", "Normalized EBITDA": "34,016", "Tax Rate for Calcs": "0", "Tax Effect of Unusual Items": "0"}, "12/31/2019": {"Duration": "12/31/2019", "Total Revenue": "78,799", "Cost of Revenue": "19,948", "Gross Profit": "58,851", "Operating Expense": "6,086", "Operating Income": "52,765", "Net Non Operating Interest Income Expense": "-", "Pretax Income": "52,765", "Net Income Common Stockholders": "51,032", "Diluted NI Available to Com Stockholders": "51,032", "Basic EPS": "1.50", "Diluted EPS": "1.50", "Basic Average Shares": "34,126", "Diluted Average Shares": "34,126", "Total Operating Income as Reported": "-", "Total Expenses": "26,034", "Interest Income": "-", "Net Interest Income": "-", "Net Income from Continuing & Discontinued Operation": "52,765", "Normalized Income": "52,765", "EBIT": "52,765", "EBITDA": "-", "Reconciled Cost of Revenue": "19,948", "Reconciled Depreciation": "13,557", "Net Income from Continuing Operation Net Minority Interest": "52,765", "Normalized EBITDA": "66,322", "Tax Rate for Calcs": "0", "Tax Effect of Unusual Items": "0"}, "12/31/2018": {"Duration": "12/31/2018", "Total Revenue": "73,278", "Cost of Revenue": "14,458", "Gross Profit": "58,820", "Operating Expense": "4,913", "Operating Income": "53,907", "Net Non Operating Interest Income Expense": "-", "Pretax Income": "53,907", "Net Income Common Stockholders": "51,941", "Diluted NI Available to Com Stockholders": "51,941", "Basic EPS": "1.61", "Diluted EPS": "1.61", "Basic Average Shares": "32,280", "Diluted Average Shares": "32,280", "Total Operating Income as Reported": "-", "Total Expenses": "19,371", "Interest Income": "-", "Net Interest Income": "-", "Net Income from Continuing & Discontinued Operation": "53,907", "Normalized Income": "53,907", "EBIT": "53,907", "EBITDA": "-", "Reconciled Cost of Revenue": "14,458", "Reconciled Depreciation": "8,947", "Net Income from Continuing Operation Net Minority Interest": "53,907", "Normalized EBITDA": "62,854", "Tax Rate for Calcs": "0", "Tax Effect of Unusual Items": "0"}}, "bs": {"12/31/2020": {"Duration": "12/31/2020", "Total Assets": "88,327", "Total Liabilities Net Minority Interest": "3,763", "Total Equity Gross Minority Interest": "84,564", "Total Capitalization": "84,564", "Common Stock Equity": "84,564", "Capital Lease Obligations": "2,185", "Net Tangible Assets": "0", "Working Capital": "16,343", "Invested Capital": "84,564", "Tangible Book Value": "84,564", "Total Debt": "2,185", "Share Issued": "34,680", "Ordinary Shares Number": "34,680"}, "12/31/2019": {"Duration": "12/31/2019", "Total Assets": "116,883", "Total Liabilities Net Minority Interest": "4,547", "Total Equity Gross Minority Interest": "112,336", "Total Capitalization": "112,336", "Common Stock Equity": "112,336", "Capital Lease Obligations": "2,495", "Net Tangible Assets": "0", "Working Capital": "25,920", "Invested Capital": "112,336", "Tangible Book Value": "112,336", "Total Debt": "2,495", "Share Issued": "34,680", "Ordinary Shares Number": "34,680"}, "12/31/2018": {"Duration": "12/31/2018", "Total Assets": "87,923", "Total Liabilities Net Minority Interest": "1,276", "Total Equity Gross Minority Interest": "86,647", "Total Capitalization": "86,647", "Common Stock Equity": "86,647", "Capital Lease Obligations": "-", "Net Tangible Assets": "0", "Working Capital": "29,632", "Invested Capital": "86,647", "Tangible Book Value": "86,647", "Total Debt": "-", "Share Issued": "32,280", "Ordinary Shares Number": "32,280"}}, "cf": {"TTM": {"Duration": "TTM", "Operating Cash Flow": "39,406", "Investing Cash Flow": "6,126", "Financing Cash Flow": "-49,639", "End Cash Position": "11,232", "Capital Expenditure": "-", "Free Cash Flow": "39,406"}, "12/31/2020": {"Duration": "12/31/2020", "Operating Cash Flow": "39,406", "Investing Cash Flow": "6,126", "Financing Cash Flow": "-49,639", "End Cash Position": "11,232", "Capital Expenditure": "-", "Free Cash Flow": "39,406"}, "12/31/2019": {"Duration": "12/31/2019", "Operating Cash Flow": "66,109", "Investing Cash Flow": "1,845", "Financing Cash Flow": "-70,900", "End Cash Position": "15,339", "Capital Expenditure": "-", "Free Cash Flow": "66,109"}, "12/31/2018": {"Duration": "12/31/2018", "Operating Cash Flow": "62,524", "Investing Cash Flow": "-60", "Financing Cash Flow": "-58,006", "End Cash Position": "18,285", "Capital Expenditure": "-60", "Free Cash Flow": "62,464"}}}}, {"EDRG": {"quote": {"03/28/2021": {"value": "", "Net Assets": "N/A", "Beta (5Y Monthly)": "N/A", "Yield": "N/A", "5y Average Return": "N/A", "Holdings Turnover": "N/A", "Last Dividend": "N/A", "Average for Category": "N/A", "Inception Date": "N/A"}}, "fin": {}, "bs": {}, "cf": {}}}, {"GREW": {"quote": {"03/28/2021": {"value": "", "Net Assets": "N/A", "Beta (5Y Monthly)": "N/A", "Yield": "N/A", "5y Average Return": "N/A", "Holdings Turnover": "N/A", "Last Dividend": "N/A", "Average for Category": "N/A", "Inception Date": "N/A"}}, "fin": {}, "bs": {}, "cf": {}}}, {"ICE": {"quote": {"03/28/2021": {"value": "113.64", "Market Cap": "63.832B", "Beta (5Y Monthly)": "0.70", "PE Ratio (TTM)": "30.14", "EPS (TTM)": "3.77", "Earnings Date": "Apr 29, 2021", "Forward Dividend & Yield": "1.32 (1.16%)", "Ex-Dividend Date": "Jun 15, 2021", "1y Target Est": "133.09"}}, "fin": {"TTM": {"Duration": "TTM", "Total Revenue": "8,244,000", "Cost of Revenue": "3,396,000", "Gross Profit": "4,848,000", "Operating Expense": "1,710,000", "Operating Income": "3,138,000", "Net Non Operating Interest Income Expense": "-347,000", "Other Income Expense": "-25,000", "Pretax Income": "2,766,000", "Tax Provision": "658,000", "Net Income Common Stockholders": "2,089,000", "Diluted NI Available to Com Stockholders": "2,089,000", "Basic EPS": "-", "Diluted EPS": "-", "Basic Average Shares": "-", "Diluted Average Shares": "-", "Total Operating Income as Reported": "3,033,000", "Rent Expense Supplemental": "81,000", "Total Expenses": "5,106,000", "Net Income from Continuing & Discontinued Operation": "2,089,000", "Normalized Income": "2,168,800", "Interest Income": "10,000", "Interest Expense": "357,000", "Net Interest Income": "-347,000", "EBIT": "3,123,000", "EBITDA": "3,874,000", "Reconciled Cost of Revenue": "3,396,000", "Reconciled Depreciation": "751,000", "Net Income from Continuing Operation Net Minority Interest": "2,089,000", "Total Unusual Items Excluding Goodwill": "-105,000", "Total Unusual Items": "-105,000", "Normalized EBITDA": "3,979,000", "Tax Rate for Calcs": "0", "Tax Effect of Unusual Items": "-25,200"}, "12/31/2020": {"Duration": "12/31/2020", "Total Revenue": "8,244,000", "Cost of Revenue": "3,396,000", "Gross Profit": "4,848,000", "Operating Expense": "1,710,000", "Operating Income": "3,138,000", "Net Non Operating Interest Income Expense": "-347,000", "Other Income Expense": "-25,000", "Pretax Income": "2,766,000", "Tax Provision": "658,000", "Net Income Common Stockholders": "2,089,000", "Diluted NI Available to Com Stockholders": "2,089,000", "Basic EPS": "-", "Diluted EPS": "-", "Basic Average Shares": "-", "Diluted Average Shares": "-", "Total Operating Income as Reported": "3,033,000", "Rent Expense Supplemental": "81,000", "Total Expenses": "5,106,000", "Net Income from Continuing & Discontinued Operation": "2,089,000", "Normalized Income": "2,168,800", "Interest Income": "10,000", "Interest Expense": "357,000", "Net Interest Income": "-347,000", "EBIT": "3,123,000", "EBITDA": "-", "Reconciled Cost of Revenue": "3,396,000", "Reconciled Depreciation": "751,000", "Net Income from Continuing Operation Net Minority Interest": "2,089,000", "Total Unusual Items Excluding Goodwill": "-105,000", "Total Unusual Items": "-105,000", "Normalized EBITDA": "3,979,000", "Tax Rate for Calcs": "0", "Tax Effect of Unusual Items": "-25,200"}, "12/31/2019": {"Duration": "12/31/2019", "Total Revenue": "6,547,000", "Cost of Revenue": "2,387,000", "Gross Profit": "4,160,000", "Operating Expense": "1,485,000", "Operating Income": "2,675,000", "Net Non Operating Interest Income Expense": "-250,000", "Other Income Expense": "56,000", "Pretax Income": "2,481,000", "Tax Provision": "521,000", "Net Income Common Stockholders": "1,933,000", "Diluted NI Available to Com Stockholders": "1,933,000", "Basic EPS": "3.44", "Diluted EPS": "3.42", "Basic Average Shares": "561,000", "Diluted Average Shares": "565,000", "Total Operating Income as Reported": "2,673,000", "Rent Expense Supplemental": "68,000", "Total Expenses": "3,872,000", "Net Income from Continuing & Discontinued Operation": "1,933,000", "Normalized Income": "1,934,580", "Interest Income": "35,000", "Interest Expense": "285,000", "Net Interest Income": "-250,000", "EBIT": "2,766,000", "EBITDA": "-", "Reconciled Cost of Revenue": "2,387,000", "Reconciled Depreciation": "662,000", "Net Income from Continuing Operation Net Minority Interest": "1,933,000", "Total Unusual Items Excluding Goodwill": "-2,000", "Total Unusual Items": "-2,000", "Normalized EBITDA": "3,430,000", "Tax Rate for Calcs": "0", "Tax Effect of Unusual Items": "-420"}, "12/31/2018": {"Duration": "12/31/2018", "Total Revenue": "6,276,000", "Cost of Revenue": "2,291,000", "Gross Profit": "3,985,000", "Operating Expense": "1,368,000", "Operating Income": "2,617,000", "Net Non Operating Interest Income Expense": "-222,000", "Other Income Expense": "125,000", "Pretax Income": "2,520,000", "Tax Provision": "500,000", "Net Income Common Stockholders": "1,988,000", "Diluted NI Available to Com Stockholders": "1,988,000", "Basic EPS": "3.46", "Diluted EPS": "3.43", "Basic Average Shares": "575,000", "Diluted Average Shares": "579,000", "Total Operating Income as Reported": "2,583,000", "Rent Expense Supplemental": "68,000", "Total Expenses": "3,659,000", "Net Income from Continuing & Discontinued Operation": "1,988,000", "Normalized Income": "2,015,200", "Interest Income": "22,000", "Interest Expense": "244,000", "Net Interest Income": "-222,000", "EBIT": "2,764,000", "EBITDA": "-", "Reconciled Cost of Revenue": "2,291,000", "Reconciled Depreciation": "586,000", "Net Income from Continuing Operation Net Minority Interest": "1,988,000", "Total Unusual Items Excluding Goodwill": "-34,000", "Total Unusual Items": "-34,000", "Normalized EBITDA": "3,384,000", "Tax Rate for Calcs": "0", "Tax Effect of Unusual Items": "-6,800"}}, "bs": {"12/31/2020": {"Duration": "12/31/2020", "Total Assets": "126,200,000", "Total Liabilities Net Minority Interest": "106,666,000", "Total Equity Gross Minority Interest": "19,534,000", "Total Capitalization": "33,624,000", "Common Stock Equity": "19,498,000", "Capital Lease Obligations": "320,000", "Net Tangible Assets": "-16,201,000", "Working Capital": "-780,000", "Invested Capital": "36,035,000", "Tangible Book Value": "-16,201,000", "Total Debt": "16,857,000", "Net Debt": "15,954,000", "Share Issued": "629,000", "Ordinary Shares Number": "561,000", "Treasury Shares Number": "68,000"}, "12/31/2019": {"Duration": "12/31/2019", "Total Assets": "94,493,000", "Total Liabilities Net Minority Interest": "77,207,000", "Total Equity Gross Minority Interest": "17,286,000", "Total Capitalization": "22,505,000", "Common Stock Equity": "17,255,000", "Capital Lease Obligations": "281,000", "Net Tangible Assets": "-6,345,000", "Working Capital": "-837,000", "Invested Capital": "25,074,000", "Tangible Book Value": "-6,345,000", "Total Debt": "8,100,000", "Net Debt": "6,978,000", "Share Issued": "607,000", "Ordinary Shares Number": "554,000", "Treasury Shares Number": "53,000"}, "12/31/2018": {"Duration": "12/31/2018", "Total Assets": "92,791,000", "Total Liabilities Net Minority Interest": "75,560,000", "Total Equity Gross Minority Interest": "17,231,000", "Total Capitalization": "23,691,000", "Common Stock Equity": "17,201,000", "Capital Lease Obligations": "-", "Net Tangible Assets": "-6,346,000", "Working Capital": "584,000", "Invested Capital": "24,642,000", "Tangible Book Value": "-6,346,000", "Total Debt": "7,441,000", "Net Debt": "6,717,000", "Share Issued": "604,000", "Ordinary Shares Number": "569,000", "Treasury Shares Number": "35,000"}}, "cf": {"TTM": {"Duration": "TTM", "Operating Cash Flow": "2,881,000", "Investing Cash Flow": "-9,830,000", "Financing Cash Flow": "6,744,000", "End Cash Position": "1,991,000", "Income Tax Paid Supplemental Data": "642,000", "Interest Paid Supplemental Data": "298,000", "Capital Expenditure": "-410,000", "Issuance of Debt": "9,606,000", "Repayment of Debt": "-2,004,000", "Repurchase of Capital Stock": "-1,321,000", "Free Cash Flow": "2,471,000"}, "12/31/2020": {"Duration": "12/31/2020", "Operating Cash Flow": "2,881,000", "Investing Cash Flow": "-9,830,000", "Financing Cash Flow": "6,744,000", "End Cash Position": "1,991,000", "Income Tax Paid Supplemental Data": "642,000", "Interest Paid Supplemental Data": "298,000", "Capital Expenditure": "-410,000", "Issuance of Debt": "9,606,000", "Repayment of Debt": "-2,004,000", "Repurchase of Capital Stock": "-1,321,000", "Free Cash Flow": "2,471,000"}, "12/31/2019": {"Duration": "12/31/2019", "Operating Cash Flow": "2,659,000", "Investing Cash Flow": "-594,000", "Financing Cash Flow": "-1,753,000", "End Cash Position": "2,188,000", "Income Tax Paid Supplemental Data": "557,000", "Interest Paid Supplemental Data": "280,000", "Capital Expenditure": "-305,000", "Issuance of Debt": "10,000", "Repayment of Debt": "0", "Repurchase of Capital Stock": "-1,525,000", "Free Cash Flow": "2,354,000"}, "12/31/2018": {"Duration": "12/31/2018", "Operating Cash Flow": "2,533,000", "Investing Cash Flow": "-1,755,000", "Financing Cash Flow": "-463,000", "End Cash Position": "1,872,000", "Income Tax Paid Supplemental Data": "533,000", "Interest Paid Supplemental Data": "202,000", "Capital Expenditure": "-280,000", "Issuance of Debt": "2,213,000", "Repayment of Debt": "-883,000", "Repurchase of Capital Stock": "-1,278,000", "Free Cash Flow": "2,253,000"}}}}, {"NRT": {"quote": {"03/28/2021": {"value": "4.4000", "Market Cap": "40.439M", "Beta (5Y Monthly)": "1.31", "PE Ratio (TTM)": "15.28", "EPS (TTM)": "0.2880", "Earnings Date": "Feb 12, 2021", "Forward Dividend & Yield": "0.28 (6.36%)", "Ex-Dividend Date": "Feb 11, 2021", "1y Target Est": "N/A"}}, "fin": {"TTM": {"Duration": "TTM", "Total Revenue": "3,307", "Operating Expense": "-", "Operating Income": "3,307", "Net Non Operating Interest Income Expense": "1.041", "Other Income Expense": "-658.064", "Pretax Income": "2,650", "Net Income Common Stockholders": "2,650", "Diluted NI Available to Com Stockholders": "2,650", "Basic EPS": "-", "Diluted EPS": "-", "Basic Average Shares": "-", "Diluted Average Shares": "-", "Total Expenses": "-", "Interest Income": "1.041", "Net Interest Income": "1.041", "Net Income from Continuing & Discontinued Operation": "2,650", "Normalized Income": "2,650", "EBIT": "3,307", "EBITDA": "3,307", "Net Income from Continuing Operation Net Minority Interest": "2,650", "Normalized EBITDA": "3,307", "Tax Rate for Calcs": "0", "Tax Effect of Unusual Items": "0"}, "10/31/2020": {"Duration": "10/31/2020", "Total Revenue": "4,050", "Operating Expense": "-", "Operating Income": "4,050", "Net Non Operating Interest Income Expense": "2.853", "Other Income Expense": "-766.507", "Pretax Income": "3,286", "Net Income Common Stockholders": "3,286", "Diluted NI Available to Com Stockholders": "3,286", "Basic EPS": "0.36", "Diluted EPS": "0.36", "Basic Average Shares": "9,191", "Diluted Average Shares": "9,191", "Total Expenses": "-", "Interest Income": "2.853", "Net Interest Income": "2.853", "Net Income from Continuing & Discontinued Operation": "3,286", "Normalized Income": "3,286", "EBIT": "4,050", "EBITDA": "-", "Net Income from Continuing Operation Net Minority Interest": "3,286", "Normalized EBITDA": "4,050", "Tax Rate for Calcs": "0", "Tax Effect of Unusual Items": "0"}, "10/31/2019": {"Duration": "10/31/2019", "Total Revenue": "8,345", "Operating Expense": "781.098", "Operating Income": "8,345", "Net Non Operating Interest Income Expense": "14.451", "Other Income Expense": "-781.098", "Pretax Income": "7,578", "Net Income Common Stockholders": "7,578", "Diluted NI Available to Com Stockholders": "7,578", "Basic EPS": "0.82", "Diluted EPS": "0.82", "Basic Average Shares": "9,191", "Diluted Average Shares": "9,191", "Total Expenses": "781.098", "Interest Income": "14.451", "Net Interest Income": "14.451", "Net Income from Continuing & Discontinued Operation": "7,578", "Normalized Income": "7,578", "EBIT": "8,345", "EBITDA": "-", "Net Income from Continuing Operation Net Minority Interest": "7,578", "Normalized EBITDA": "8,345", "Tax Rate for Calcs": "0", "Tax Effect of Unusual Items": "0"}, "10/31/2018": {"Duration": "10/31/2018", "Total Revenue": "7,199", "Operating Expense": "795.088", "Operating Income": "7,199", "Net Non Operating Interest Income Expense": "4.509", "Other Income Expense": "-795.088", "Pretax Income": "6,408", "Net Income Common Stockholders": "6,408", "Diluted NI Available to Com Stockholders": "6,408", "Basic EPS": "0.70", "Diluted EPS": "0.70", "Basic Average Shares": "9,191", "Diluted Average Shares": "9,191", "Total Expenses": "795.088", "Interest Income": "4.509", "Net Interest Income": "4.509", "Net Income from Continuing & Discontinued Operation": "6,408", "Normalized Income": "6,408", "EBIT": "7,199", "EBITDA": "-", "Net Income from Continuing Operation Net Minority Interest": "6,408", "Normalized EBITDA": "7,199", "Tax Rate for Calcs": "0", "Tax Effect of Unusual Items": "0"}}, "bs": {"10/31/2020": {"Duration": "10/31/2020", "Total Assets": "649.586", "Total Liabilities Net Minority Interest": "183.811", "Total Equity Gross Minority Interest": "465.775", "Total Capitalization": "465.775", "Common Stock Equity": "465.775", "Net Tangible Assets": "465.775", "Working Capital": "465.774", "Invested Capital": "465.775", "Tangible Book Value": "465.775", "Share Issued": "9,191", "Ordinary Shares Number": "9,191"}, "10/31/2019": {"Duration": "10/31/2019", "Total Assets": "1,591", "Total Liabilities Net Minority Interest": "1,470", "Total Equity Gross Minority Interest": "120.4", "Total Capitalization": "120.4", "Common Stock Equity": "120.4", "Net Tangible Assets": "120.4", "Working Capital": "120.399", "Invested Capital": "120.4", "Tangible Book Value": "120.4", "Share Issued": "9,191", "Ordinary Shares Number": "9,191"}, "10/31/2018": {"Duration": "10/31/2018", "Total Assets": "1,457", "Total Liabilities Net Minority Interest": "1,379", "Total Equity Gross Minority Interest": "78.619", "Total Capitalization": "78.619", "Common Stock Equity": "78.619", "Net Tangible Assets": "78.619", "Working Capital": "78.618", "Invested Capital": "78.619", "Tangible Book Value": "78.619", "Share Issued": "9,191", "Ordinary Shares Number": "9,191"}}}}, {"TOMZ": {"quote": {"03/28/2021": {"value": "4.2400", "Market Cap": "71.067M", "Beta (5Y Monthly)": "-5.89", "PE Ratio (TTM)": "11.71", "EPS (TTM)": "0.3620", "Earnings Date": "Mar 30, 2021", "Forward Dividend & Yield": "N/A (N/A)", "Ex-Dividend Date": "N/A", "1y Target Est": "N/A"}}, "fin": {"TTM": {"Duration": "TTM", "Total Revenue": "25,028", "Cost of Revenue": "9,985", "Gross Profit": "15,043", "Operating Expense": "10,534", "Operating Income": "4,509", "Net Non Operating Interest Income Expense": "-40.623", "Other Income Expense": "-", "Pretax Income": "4,468", "Tax Provision": "77", "Net Income Common Stockholders": "4,432", "Diluted NI Available to Com Stockholders": "4,432", "Basic EPS": "-", "Diluted EPS": "-", "Basic Average Shares": "-", "Diluted Average Shares": "-", "Total Operating Income as Reported": "4,509", "Total Expenses": "20,519", "Net Income from Continuing & Discontinued Operation": "4,391", "Normalized Income": "4,391", "Interest Income": "2.915", "Interest Expense": "43.538", "Net Interest Income": "-40.623", "EBIT": "4,512", "EBITDA": "5,431", "Reconciled Cost of Revenue": "9,786", "Reconciled Depreciation": "918.975", "Net Income from Continuing Operation Net Minority Interest": "4,391", "Total Unusual Items Excluding Goodwill": "-", "Total Unusual Items": "-", "Normalized EBITDA": "5,431", "Tax Rate for Calcs": "0", "Tax Effect of Unusual Items": "0"}, "12/31/2020": {"Duration": "12/31/2020", "Total Revenue": "25,028", "Cost of Revenue": "9,985", "Gross Profit": "15,043", "Operating Expense": "10,534", "Operating Income": "4,509", "Net Non Operating Interest Income Expense": "-40.623", "Other Income Expense": "-", "Pretax Income": "4,468", "Tax Provision": "77", "Net Income Common Stockholders": "4,432", "Diluted NI Available to Com Stockholders": "4,432", "Basic EPS": "-", "Diluted EPS": "-", "Basic Average Shares": "-", "Diluted Average Shares": "-", "Total Operating Income as Reported": "4,509", "Total Expenses": "20,519", "Net Income from Continuing & Discontinued Operation": "4,391", "Normalized Income": "4,391", "Interest Income": "2.915", "Interest Expense": "43.538", "Net Interest Income": "-40.623", "EBIT": "4,512", "EBITDA": "-", "Reconciled Cost of Revenue": "9,786", "Reconciled Depreciation": "918.975", "Net Income from Continuing Operation Net Minority Interest": "4,391", "Total Unusual Items Excluding Goodwill": "-", "Total Unusual Items": "-", "Normalized EBITDA": "5,431", "Tax Rate for Calcs": "0", "Tax Effect of Unusual Items": "0"}, "12/31/2019": {"Duration": "12/31/2019", "Total Revenue": "6,347", "Cost of Revenue": "2,433", "Gross Profit": "3,914", "Operating Expense": "5,997", "Operating Income": "-2,083", "Net Non Operating Interest Income Expense": "-214.489", "Other Income Expense": "-", "Pretax Income": "-2,298", "Tax Provision": "-", "Net Income Common Stockholders": "-2,080", "Diluted NI Available to Com Stockholders": "-2,080", "Basic EPS": "-0.16", "Diluted EPS": "-0.16", "Basic Average Shares": "15,586", "Diluted Average Shares": "15,586", "Total Operating Income as Reported": "-2,083", "Total Expenses": "8,430", "Net Income from Continuing & Discontinued Operation": "-2,298", "Normalized Income": "-2,298", "Interest Income": "3.045", "Interest Expense": "217.534", "Net Interest Income": "-214.489", "EBIT": "-2,080", "EBITDA": "-", "Reconciled Cost of Revenue": "2,402", "Reconciled Depreciation": "747.591", "Net Income from Continuing Operation Net Minority Interest": "-2,298", "Total Unusual Items Excluding Goodwill": "0", "Total Unusual Items": "0", "Normalized EBITDA": "-1,333", "Tax Rate for Calcs": "0", "Tax Effect of Unusual Items": "0"}, "12/31/2018": {"Duration": "12/31/2018", "Total Revenue": "5,585", "Cost of Revenue": "2,467", "Gross Profit": "3,117", "Operating Expense": "6,188", "Operating Income": "-3,070", "Net Non Operating Interest Income Expense": "-253.041", "Other Income Expense": "92.799", "Pretax Income": "-3,230", "Tax Provision": "-", "Net Income Common Stockholders": "-2,970", "Diluted NI Available to Com Stockholders": "-2,970", "Basic EPS": "-0.24", "Diluted EPS": "-0.24", "Basic Average Shares": "15,447", "Diluted Average Shares": "15,447", "Total Operating Income as Reported": "-3,070", "Total Expenses": "8,655", "Net Income from Continuing & Discontinued Operation": "-3,230", "Normalized Income": "-3,380", "Interest Income": "6.928", "Interest Expense": "259.969", "Net Interest Income": "-253.041", "EBIT": "-2,970", "EBITDA": "-", "Reconciled Cost of Revenue": "2,467", "Reconciled Depreciation": "634.671", "Net Income from Continuing Operation Net Minority Interest": "-3,230", "Total Unusual Items Excluding Goodwill": "150", "Total Unusual Items": "150", "Normalized EBITDA": "-2,486", "Tax Rate for Calcs": "0", "Tax Effect of Unusual Items": "0"}}, "bs": {"12/31/2020": {"Duration": "12/31/2020", "Total Assets": "16,770", "Total Liabilities Net Minority Interest": "3,568", "Total Equity Gross Minority Interest": "13,202", "Total Capitalization": "13,613", "Preferred Stock Equity": "-", "Common Stock Equity": "13,202", "Capital Lease Obligations": "1,034", "Net Tangible Assets": "12,427", "Working Capital": "11,503", "Invested Capital": "13,613", "Tangible Book Value": "12,427", "Total Debt": "1,445", "Net Debt": "-", "Share Issued": "16,762", "Ordinary Shares Number": "16,762", "Preferred Shares Number": "-"}, "12/31/2019": {"Duration": "12/31/2019", "Total Assets": "8,225", "Total Liabilities Net Minority Interest": "7,341", "Total Equity Gross Minority Interest": "884.443", "Total Capitalization": "884.443", "Preferred Stock Equity": "5.1", "Common Stock Equity": "884.443", "Capital Lease Obligations": "1,106", "Net Tangible Assets": "-148.845", "Working Capital": "-1,266", "Invested Capital": "5,884", "Tangible Book Value": "-148.845", "Total Debt": "6,106", "Net Debt": "4,103", "Share Issued": "15,588", "Ordinary Shares Number": "15,588", "Preferred Shares Number": "510"}, "12/31/2018": {"Duration": "12/31/2018", "Total Assets": "10,080", "Total Liabilities Net Minority Interest": "7,090", "Total Equity Gross Minority Interest": "2,990", "Total Capitalization": "7,973", "Preferred Stock Equity": "5.1", "Common Stock Equity": "2,990", "Capital Lease Obligations": "-", "Net Tangible Assets": "1,754", "Working Capital": "5,544", "Invested Capital": "7,973", "Tangible Book Value": "1,754", "Total Debt": "4,982", "Net Debt": "2,978", "Share Issued": "15,536", "Ordinary Shares Number": "15,536", "Preferred Shares Number": "510"}}, "cf": {"TTM": {"Duration": "TTM", "Operating Cash Flow": "4,578", "Investing Cash Flow": "-400.655", "Financing Cash Flow": "124.2", "Other Cash Adjustment Inside Change in Cash": "-", "End Cash Position": "5,199", "Income Tax Paid Supplemental Data": "0.8", "Interest Paid Supplemental Data": "107.356", "Capital Expenditure": "-400.656", "Issuance of Debt": "410.7", "Repayment of Debt": "-500", "Free Cash Flow": "4,177"}, "12/31/2020": {"Duration": "12/31/2020", "Operating Cash Flow": "4,578", "Investing Cash Flow": "-400.655", "Financing Cash Flow": "124.2", "Other Cash Adjustment Inside Change in Cash": "-", "End Cash Position": "5,199", "Income Tax Paid Supplemental Data": "0.8", "Interest Paid Supplemental Data": "107.356", "Capital Expenditure": "-400.656", "Issuance of Debt": "410.7", "Repayment of Debt": "-500", "Free Cash Flow": "4,177"}, "12/31/2019": {"Duration": "12/31/2019", "Operating Cash Flow": "-814.451", "Investing Cash Flow": "-293.264", "Financing Cash Flow": "0", "Other Cash Adjustment Inside Change in Cash": "-", "End Cash Position": "897.223", "Income Tax Paid Supplemental Data": "0.8", "Interest Paid Supplemental Data": "200", "Capital Expenditure": "-293.264", "Issuance of Debt": "-", "Repayment of Debt": "0", "Free Cash Flow": "-1,108"}, "12/31/2018": {"Duration": "12/31/2018", "Operating Cash Flow": "-1,767", "Investing Cash Flow": "-628.085", "Financing Cash Flow": "-150", "Other Cash Adjustment Inside Change in Cash": "-", "End Cash Position": "2,005", "Income Tax Paid Supplemental Data": "0.8", "Interest Paid Supplemental Data": "230", "Capital Expenditure": "-628.085", "Issuance of Debt": "0", "Repayment of Debt": "-150", "Free Cash Flow": "-2,395"}}}}, {"GMEI": {"quote": {"03/28/2021": {"value": "0.7500", "Market Cap": "20.25M", "Beta (5Y Monthly)": "107.28", "PE Ratio (TTM)": "N/A", "EPS (TTM)": "N/A", "Earnings Date": "N/A", "Forward Dividend & Yield": "N/A (N/A)", "Ex-Dividend Date": "N/A", "1y Target Est": "N/A"}}, "fin": {}, "bs": {}, "cf": {}}}, {"CRWE": {"quote": {"03/28/2021": {"value": "1.0000", "Market Cap": "12.915M", "Beta (5Y Monthly)": "1.28", "PE Ratio (TTM)": "N/A", "EPS (TTM)": "-0.0940", "Earnings Date": "Jun 29, 2020 - Jun 30, 2020", "Forward Dividend & Yield": "N/A (N/A)", "Ex-Dividend Date": "N/A", "1y Target Est": "N/A"}}, "fin": {"TTM": {"Duration": "TTM", "Total Revenue": "7.948", "Operating Expense": "639.82", "Operating Income": "-631.872", "Net Non Operating Interest Income Expense": "-15.831", "Other Income Expense": "-526.965", "Pretax Income": "-1,175", "Net Income Common Stockholders": "-1,174", "Diluted NI Available to Com Stockholders": "-1,174", "Basic EPS": "-", "Diluted EPS": "-", "Basic Average Shares": "-", "Diluted Average Shares": "-", "Total Operating Income as Reported": "-631.872", "Total Expenses": "639.82", "Net Income from Continuing & Discontinued Operation": "-1,174", "Normalized Income": "-1,174", "Interest Expense": "15.831", "Net Interest Income": "-15.831", "EBIT": "-1,159", "EBITDA": "-1,134", "Reconciled Depreciation": "25.331", "Net Income from Continuing Operation Net Minority Interest": "-1,174", "Total Unusual Items Excluding Goodwill": "0", "Total Unusual Items": "0", "Normalized EBITDA": "-1,134", "Tax Rate for Calcs": "0", "Tax Effect of Unusual Items": "0"}, "12/31/2020": {"Duration": "12/31/2020", "Total Revenue": "7.948", "Operating Expense": "639.82", "Operating Income": "-631.872", "Net Non Operating Interest Income Expense": "-15.831", "Other Income Expense": "-526.965", "Pretax Income": "-1,175", "Net Income Common Stockholders": "-1,174", "Diluted NI Available to Com Stockholders": "-1,174", "Basic EPS": "-", "Diluted EPS": "-", "Basic Average Shares": "-", "Diluted Average Shares": "-", "Total Operating Income as Reported": "-631.872", "Total Expenses": "639.82", "Net Income from Continuing & Discontinued Operation": "-1,174", "Normalized Income": "-1,174", "Interest Expense": "15.831", "Net Interest Income": "-15.831", "EBIT": "-1,159", "EBITDA": "-", "Reconciled Depreciation": "25.331", "Net Income from Continuing Operation Net Minority Interest": "-1,174", "Total Unusual Items Excluding Goodwill": "0", "Total Unusual Items": "0", "Normalized EBITDA": "-1,134", "Tax Rate for Calcs": "0", "Tax Effect of Unusual Items": "0"}, "12/31/2019": {"Duration": "12/31/2019", "Total Revenue": "53.793", "Operating Expense": "147.363", "Operating Income": "-93.57", "Net Non Operating Interest Income Expense": "-60.805", "Other Income Expense": "1.349", "Pretax Income": "-153.026", "Net Income Common Stockholders": "-153.026", "Diluted NI Available to Com Stockholders": "-153.026", "Basic EPS": "-0.01", "Diluted EPS": "-0.01", "Basic Average Shares": "11,936", "Diluted Average Shares": "11,936", "Total Operating Income as Reported": "-93.57", "Total Expenses": "147.363", "Net Income from Continuing & Discontinued Operation": "-153.026", "Normalized Income": "-154.375", "Interest Expense": "60.805", "Net Interest Income": "-60.805", "EBIT": "-92.221", "EBITDA": "-", "Reconciled Depreciation": "31.668", "Net Income from Continuing Operation Net Minority Interest": "-153.026", "Total Unusual Items Excluding Goodwill": "1.349", "Total Unusual Items": "1.349", "Normalized EBITDA": "-61.902", "Tax Rate for Calcs": "0", "Tax Effect of Unusual Items": "0"}, "12/31/2018": {"Duration": "12/31/2018", "Total Revenue": "10.452", "Operating Expense": "342.372", "Operating Income": "-331.92", "Net Non Operating Interest Income Expense": "-42.9", "Other Income Expense": "-", "Pretax Income": "-374.82", "Net Income Common Stockholders": "-374.82", "Diluted NI Available to Com Stockholders": "-374.82", "Basic EPS": "-0.03", "Diluted EPS": "-0.03", "Basic Average Shares": "11,583", "Diluted Average Shares": "11,583", "Total Operating Income as Reported": "-331.92", "Total Expenses": "342.372", "Net Income from Continuing & Discontinued Operation": "-374.82", "Normalized Income": "-374.82", "Interest Expense": "42.9", "Net Interest Income": "-42.9", "EBIT": "-331.92", "EBITDA": "-", "Reconciled Depreciation": "28.895", "Net Income from Continuing Operation Net Minority Interest": "-374.82", "Total Unusual Items Excluding Goodwill": "0", "Total Unusual Items": "0", "Normalized EBITDA": "-303.025", "Tax Rate for Calcs": "0", "Tax Effect of Unusual Items": "0"}}, "bs": {"12/31/2020": {"Duration": "12/31/2020", "Total Assets": "199.139", "Total Liabilities Net Minority Interest": "642.935", "Total Equity Gross Minority Interest": "-443.796", "Total Capitalization": "-428.751", "Preferred Stock Equity": "0.001", "Common Stock Equity": "-443.797", "Net Tangible Assets": "-443.796", "Working Capital": "-444.256", "Invested Capital": "-394.234", "Tangible Book Value": "-443.797", "Total Debt": "49.563", "Net Debt": "46.516", "Share Issued": "12,902", "Ordinary Shares Number": "12,902"}, "12/31/2019": {"Duration": "12/31/2019", "Total Assets": "29.879", "Total Liabilities Net Minority Interest": "348.304", "Total Equity Gross Minority Interest": "-318.425", "Total Capitalization": "-292.449", "Preferred Stock Equity": "0.001", "Common Stock Equity": "-318.426", "Net Tangible Assets": "-318.425", "Working Capital": "-321.331", "Invested Capital": "-261.009", "Tangible Book Value": "-318.426", "Total Debt": "57.417", "Net Debt": "56.42", "Share Issued": "11,767", "Ordinary Shares Number": "11,767"}, "12/31/2018": {"Duration": "12/31/2018", "Total Assets": "63.859", "Total Liabilities Net Minority Interest": "393.101", "Total Equity Gross Minority Interest": "-329.242", "Total Capitalization": "-286.363", "Preferred Stock Equity": "0.001", "Common Stock Equity": "-329.243", "Net Tangible Assets": "-329.242", "Working Capital": "-336.928", "Invested Capital": "-254.423", "Tangible Book Value": "-329.243", "Total Debt": "74.82", "Net Debt": "61.526", "Share Issued": "11,823", "Ordinary Shares Number": "11,823"}}, "cf": {"TTM": {"Duration": "TTM", "Operating Cash Flow": "-72.957", "Investing Cash Flow": "-174.597", "Financing Cash Flow": "249.604", "End Cash Position": "3.047", "Income Tax Paid Supplemental Data": "0", "Interest Paid Supplemental Data": "0", "Capital Expenditure": "-4.597", "Issuance of Capital Stock": "249.5", "Issuance of Debt": "37.675", "Repayment of Debt": "-38.081", "Free Cash Flow": "-77.554"}, "12/31/2020": {"Duration": "12/31/2020", "Operating Cash Flow": "-72.957", "Investing Cash Flow": "-174.597", "Financing Cash Flow": "249.604", "End Cash Position": "3.047", "Income Tax Paid Supplemental Data": "0", "Interest Paid Supplemental Data": "0", "Capital Expenditure": "-4.597", "Issuance of Capital Stock": "249.5", "Issuance of Debt": "37.675", "Repayment of Debt": "-38.081", "Free Cash Flow": "-77.554"}, "12/31/2019": {"Duration": "12/31/2019", "Operating Cash Flow": "-67.675", "Investing Cash Flow": "0", "Financing Cash Flow": "55.378", "End Cash Position": "0.997", "Income Tax Paid Supplemental Data": "0", "Interest Paid Supplemental Data": "0", "Capital Expenditure": "-", "Issuance of Capital Stock": "65", "Issuance of Debt": "0", "Repayment of Debt": "-9.622", "Free Cash Flow": "-67.675"}, "12/31/2018": {"Duration": "12/31/2018", "Operating Cash Flow": "-52.87", "Investing Cash Flow": "0", "Financing Cash Flow": "64.302", "End Cash Position": "13.294", "Income Tax Paid Supplemental Data": "0", "Interest Paid Supplemental Data": "0", "Capital Expenditure": "-", "Issuance of Capital Stock": "23", "Issuance of Debt": "54.85", "Repayment of Debt": "-13.548", "Free Cash Flow": "-52.87"}}}}, {"RBCF": {"quote": {"03/28/2021": {"value": "", "Net Assets": "N/A", "Beta (5Y Monthly)": "N/A", "Yield": "N/A", "5y Average Return": "N/A", "Holdings Turnover": "N/A", "Last Dividend": "N/A", "Average for Category": "N/A", "Inception Date": "N/A"}}, "fin": {}, "bs": {}, "cf": {}}}, {"MCAR": {"quote": {"03/28/2021": {"value": "", "Net Assets": "N/A", "Beta (5Y Monthly)": "N/A", "Yield": "N/A", "5y Average Return": "N/A", "Holdings Turnover": "N/A", "Last Dividend": "N/A", "Average for Category": "N/A", "Inception Date": "N/A"}}, "fin": {}, "bs": {}, "cf": {}}}, {"IRNS": {"quote": {"03/28/2021": {"value": "5.80", "Market Cap": "1.534M", "Beta (5Y Monthly)": "-2.10", "PE Ratio (TTM)": "N/A", "EPS (TTM)": "-0.12", "Earnings Date": "N/A", "Forward Dividend & Yield": "N/A (N/A)", "Ex-Dividend Date": "N/A", "1y Target Est": "N/A"}}, "fin": {}, "bs": {}, "cf": {}}}, {"ROGI": {"quote": {"03/28/2021": {"value": "", "Net Assets": "N/A", "Beta (5Y Monthly)": "N/A", "Yield": "N/A", "5y Average Return": "N/A", "Holdings Turnover": "N/A", "Last Dividend": "N/A", "Average for Category": "N/A", "Inception Date": "N/A"}}, "fin": {}, "bs": {}, "cf": {}}}, {"GNGT": {"quote": {"03/28/2021": {"value": "0.1000", "Market Cap": "1.151M", "Beta (5Y Monthly)": "-0.77", "PE Ratio (TTM)": "N/A", "EPS (TTM)": "N/A", "Earnings Date": "N/A", "Forward Dividend & Yield": "N/A (N/A)", "Ex-Dividend Date": "N/A", "1y Target Est": "N/A"}}, "fin": {}, "bs": {}, "cf": {}}}, {"RHSC": {"quote": {"03/28/2021": {"value": "", "Net Assets": "N/A", "Beta (5Y Monthly)": "N/A", "Yield": "N/A", "5y Average Return": "N/A", "Holdings Turnover": "N/A", "Last Dividend": "N/A", "Average for Category": "N/A", "Inception Date": "N/A"}}, "fin": {}, "bs": {}, "cf": {}}}, {"SWKH": {"quote": {"03/28/2021": {"value": "14.85", "Market Cap": "189.924M", "Beta (5Y Monthly)": "0.15", "PE Ratio (TTM)": "20.60", "EPS (TTM)": "0.72", "Earnings Date": "Nov 13, 2020", "Forward Dividend & Yield": "N/A (N/A)", "Ex-Dividend Date": "N/A", "1y Target Est": "23.00"}}, "fin": {"TTM": {"Duration": "TTM", "Total Revenue": "35,174", "Cost of Revenue": "4,201", "Gross Profit": "30,973", "Operating Expense": "26,159", "Operating Income": "4,814", "Net Non Operating Interest Income Expense": "-444", "Other Income Expense": "-3,383", "Pretax Income": "987", "Tax Provision": "-8,356", "Net Income Common Stockholders": "9,343", "Diluted NI Available to Com Stockholders": "9,343", "Basic EPS": "-", "Diluted EPS": "-", "Basic Average Shares": "-", "Diluted Average Shares": "-", "Total Operating Income as Reported": "-", "Total Expenses": "30,360", "Net Income from Continuing & Discontinued Operation": "9,343", "Normalized Income": "11,813", "Interest Expense": "444", "Net Interest Income": "-444", "EBIT": "1,431", "EBITDA": "15,646", "Reconciled Cost of Revenue": "4,201", "Reconciled Depreciation": "14,215", "Net Income from Continuing Operation Net Minority Interest": "9,343", "Total Unusual Items Excluding Goodwill": "-3,383", "Total Unusual Items": "-3,383", "Normalized EBITDA": "19,029", "Tax Rate for Calcs": "0", "Tax Effect of Unusual Items": "-913.41"}, "12/31/2019": {"Duration": "12/31/2019", "Total Revenue": "30,747", "Cost of Revenue": "1,176", "Gross Profit": "29,571", "Operating Expense": "14,593", "Operating Income": "14,978", "Net Non Operating Interest Income Expense": "-338", "Other Income Expense": "2,202", "Pretax Income": "16,842", "Tax Provision": "-6,986", "Net Income Common Stockholders": "23,828", "Diluted NI Available to Com Stockholders": "23,828", "Basic EPS": "1.85", "Diluted EPS": "1.85", "Basic Average Shares": "12,906", "Diluted Average Shares": "12,911", "Total Operating Income as Reported": "-", "Total Expenses": "15,769", "Net Income from Continuing & Discontinued Operation": "23,828", "Normalized Income": "22,221", "Interest Expense": "338", "Net Interest Income": "-338", "EBIT": "17,180", "EBITDA": "-", "Reconciled Cost of Revenue": "1,176", "Reconciled Depreciation": "4,954", "Net Income from Continuing Operation Net Minority Interest": "23,828", "Total Unusual Items Excluding Goodwill": "2,202", "Total Unusual Items": "2,202", "Normalized EBITDA": "19,932", "Tax Rate for Calcs": "0", "Tax Effect of Unusual Items": "594.54"}, "12/31/2018": {"Duration": "12/31/2018", "Total Revenue": "25,990", "Cost of Revenue": "-", "Gross Profit": "-", "Operating Expense": "11,062", "Operating Income": "14,928", "Net Non Operating Interest Income Expense": "-160", "Other Income Expense": "-8,531", "Pretax Income": "6,237", "Tax Provision": "42", "Net Income Common Stockholders": "6,195", "Diluted NI Available to Com Stockholders": "6,195", "Basic EPS": "0.47", "Diluted EPS": "0.47", "Basic Average Shares": "13,051", "Diluted Average Shares": "13,054", "Total Operating Income as Reported": "-", "Total Expenses": "11,062", "Net Income from Continuing & Discontinued Operation": "6,195", "Normalized Income": "13,641", "Interest Expense": "160", "Net Interest Income": "-160", "EBIT": "6,397", "EBITDA": "-", "Reconciled Cost of Revenue": "-", "Reconciled Depreciation": "-", "Net Income from Continuing Operation Net Minority Interest": "6,195", "Total Unusual Items Excluding Goodwill": "-7,496", "Total Unusual Items": "-7,496", "Normalized EBITDA": "13,893", "Tax Rate for Calcs": "0", "Tax Effect of Unusual Items": "-50.4781"}}, "bs": {"12/31/2019": {"Duration": "12/31/2019", "Total Assets": "254,372", "Total Liabilities Net Minority Interest": "17,840", "Total Equity Gross Minority Interest": "236,532", "Total Capitalization": "236,532", "Common Stock Equity": "236,532", "Net Tangible Assets": "203,015", "Working Capital": "-960", "Invested Capital": "236,532", "Tangible Book Value": "203,015", "Share Issued": "12,917", "Ordinary Shares Number": "12,917"}, "12/31/2018": {"Duration": "12/31/2018", "Total Assets": "215,662", "Total Liabilities Net Minority Interest": "2,605", "Total Equity Gross Minority Interest": "213,057", "Total Capitalization": "213,057", "Common Stock Equity": "213,057", "Net Tangible Assets": "213,057", "Working Capital": "186,440", "Invested Capital": "213,057", "Tangible Book Value": "213,057", "Share Issued": "12,934", "Ordinary Shares Number": "12,934"}}, "cf": {"TTM": {"Duration": "TTM", "Operating Cash Flow": "14,351", "Investing Cash Flow": "-7,451", "Financing Cash Flow": "-2,072", "End Cash Position": "9,314", "Repurchase of Capital Stock": "-2,072", "Free Cash Flow": "11,997"}, "12/31/2019": {"Duration": "12/31/2019", "Operating Cash Flow": "18,536", "Investing Cash Flow": "-26,722", "Financing Cash Flow": "-883", "End Cash Position": "11,158", "Repurchase of Capital Stock": "-883", "Free Cash Flow": "18,536"}, "12/31/2018": {"Duration": "12/31/2018", "Operating Cash Flow": "19,626", "Investing Cash Flow": "-28,130", "Financing Cash Flow": "-1,826", "End Cash Position": "20,227", "Repurchase of Capital Stock": "-1,357", "Free Cash Flow": "19,626"}}}}, {"VRHD": {"quote": {"03/28/2021": {"value": "", "Net Assets": "N/A", "Beta (5Y Monthly)": "N/A", "Yield": "N/A", "5y Average Return": "N/A", "Holdings Turnover": "N/A", "Last Dividend": "N/A", "Average for Category": "N/A", "Inception Date": "N/A"}}, "fin": {}, "bs": {}, "cf": {}}}, {"NDAQ": {"quote": {"03/28/2021": {"value": "150.72", "Market Cap": "24.838B", "Beta (5Y Monthly)": "0.83", "PE Ratio (TTM)": "26.96", "EPS (TTM)": "5.59", "Earnings Date": "Apr 21, 2021", "Forward Dividend & Yield": "1.96 (1.30%)", "Ex-Dividend Date": "Mar 11, 2021", "1y Target Est": "157.19"}}, "fin": {"TTM": {"Duration": "TTM", "Total Revenue": "5,627,000", "Cost of Revenue": "3,510,000", "Gross Profit": "2,117,000", "Operating Expense": "802,000", "Operating Income": "1,315,000", "Net Non Operating Interest Income Expense": "-97,000", "Other Income Expense": "-6,000", "Pretax Income": "1,212,000", "Tax Provision": "279,000", "Net Income Common Stockholders": "933,000", "Diluted NI Available to Com Stockholders": "933,000", "Basic EPS": "-", "Diluted EPS": "-", "Basic Average Shares": "-", "Diluted Average Shares": "-", "Total Operating Income as Reported": "1,234,000", "Rent Expense Supplemental": "107,000", "Total Expenses": "4,312,000", "Net Income from Continuing & Discontinued Operation": "933,000", "Normalized Income": "995,370", "Interest Income": "4,000", "Interest Expense": "93,000", "Net Interest Income": "-97,000", "EBIT": "1,305,000", "EBITDA": "1,507,000", "Reconciled Cost of Revenue": "3,510,000", "Reconciled Depreciation": "202,000", "Net Income from Continuing Operation Net Minority Interest": "933,000", "Total Unusual Items Excluding Goodwill": "-81,000", "Total Unusual Items": "-81,000", "Normalized EBITDA": "1,588,000", "Tax Rate for Calcs": "0", "Tax Effect of Unusual Items": "-18,630"}, "12/31/2020": {"Duration": "12/31/2020", "Total Revenue": "5,627,000", "Cost of Revenue": "3,510,000", "Gross Profit": "2,117,000", "Operating Expense": "802,000", "Operating Income": "1,315,000", "Net Non Operating Interest Income Expense": "-97,000", "Other Income Expense": "-6,000", "Pretax Income": "1,212,000", "Tax Provision": "279,000", "Net Income Common Stockholders": "933,000", "Diluted NI Available to Com Stockholders": "933,000", "Basic EPS": "-", "Diluted EPS": "-", "Basic Average Shares": "-", "Diluted Average Shares": "-", "Total Operating Income as Reported": "1,234,000", "Rent Expense Supplemental": "107,000", "Total Expenses": "4,312,000", "Net Income from Continuing & Discontinued Operation": "933,000", "Normalized Income": "995,370", "Interest Income": "4,000", "Interest Expense": "93,000", "Net Interest Income": "-97,000", "EBIT": "1,305,000", "EBITDA": "-", "Reconciled Cost of Revenue": "3,510,000", "Reconciled Depreciation": "202,000", "Net Income from Continuing Operation Net Minority Interest": "933,000", "Total Unusual Items Excluding Goodwill": "-81,000", "Total Unusual Items": "-81,000", "Normalized EBITDA": "1,588,000", "Tax Rate for Calcs": "0", "Tax Effect of Unusual Items": "-18,630"}, "12/31/2019": {"Duration": "12/31/2019", "Total Revenue": "4,262,000", "Cost of Revenue": "2,434,000", "Gross Profit": "1,828,000", "Operating Expense": "742,000", "Operating Income": "1,086,000", "Net Non Operating Interest Income Expense": "-114,000", "Other Income Expense": "47,000", "Pretax Income": "1,019,000", "Tax Provision": "245,000", "Net Income Common Stockholders": "774,000", "Diluted NI Available to Com Stockholders": "774,000", "Basic EPS": "4.69", "Diluted EPS": "4.63", "Basic Average Shares": "164,900", "Diluted Average Shares": "167,000", "Total Operating Income as Reported": "1,017,000", "Rent Expense Supplemental": "97,000", "Total Expenses": "3,176,000", "Net Income from Continuing & Discontinued Operation": "774,000", "Normalized Income": "805,920", "Interest Income": "10,000", "Interest Expense": "115,000", "Net Interest Income": "-114,000", "EBIT": "1,134,000", "EBITDA": "-", "Reconciled Cost of Revenue": "2,434,000", "Reconciled Depreciation": "190,000", "Net Income from Continuing Operation Net Minority Interest": "774,000", "Total Unusual Items Excluding Goodwill": "-42,000", "Total Unusual Items": "-42,000", "Normalized EBITDA": "1,366,000", "Tax Rate for Calcs": "0", "Tax Effect of Unusual Items": "-10,080"}, "12/31/2018": {"Duration": "12/31/2018", "Total Revenue": "4,277,000", "Cost of Revenue": "2,463,000", "Gross Profit": "1,814,000", "Operating Expense": "765,000", "Operating Income": "1,049,000", "Net Non Operating Interest Income Expense": "-140,000", "Other Income Expense": "155,000", "Pretax Income": "1,064,000", "Tax Provision": "606,000", "Net Income Common Stockholders": "458,000", "Diluted NI Available to Com Stockholders": "458,000", "Basic EPS": "2.77", "Diluted EPS": "2.73", "Basic Average Shares": "165,300", "Diluted Average Shares": "167,700", "Total Operating Income as Reported": "1,028,000", "Rent Expense Supplemental": "95,000", "Total Expenses": "3,228,000", "Net Income from Continuing & Discontinued Operation": "458,000", "Normalized Income": "357,990", "Interest Income": "10,000", "Interest Expense": "140,000", "Net Interest Income": "-140,000", "EBIT": "1,204,000", "EBITDA": "-", "Reconciled Cost of Revenue": "2,463,000", "Reconciled Depreciation": "210,000", "Net Income from Continuing Operation Net Minority Interest": "458,000", "Total Unusual Items Excluding Goodwill": "137,000", "Total Unusual Items": "137,000", "Normalized EBITDA": "1,277,000", "Tax Rate for Calcs": "0", "Tax Effect of Unusual Items": "36,990"}}, "bs": {"12/31/2020": {"Duration": "12/31/2020", "Total Assets": "17,979,000", "Total Liabilities Net Minority Interest": "11,543,000", "Total Equity Gross Minority Interest": "6,436,000", "Total Capitalization": "11,974,000", "Common Stock Equity": "6,433,000", "Capital Lease Obligations": "389,000", "Net Tangible Assets": "-2,672,000", "Working Capital": "2,736,000", "Invested Capital": "11,974,000", "Tangible Book Value": "-2,672,000", "Total Debt": "5,930,000", "Net Debt": "2,796,000", "Share Issued": "171,279", "Ordinary Shares Number": "164,934", "Treasury Shares Number": "6,345"}, "12/31/2019": {"Duration": "12/31/2019", "Total Assets": "13,924,000", "Total Liabilities Net Minority Interest": "8,285,000", "Total Equity Gross Minority Interest": "5,639,000", "Total Capitalization": "8,635,000", "Common Stock Equity": "5,639,000", "Capital Lease Obligations": "331,000", "Net Tangible Assets": "-2,976,000", "Working Capital": "63,000", "Invested Capital": "9,026,000", "Tangible Book Value": "-2,976,000", "Total Debt": "3,718,000", "Net Debt": "3,055,000", "Share Issued": "171,075", "Ordinary Shares Number": "165,094", "Treasury Shares Number": "5,981"}, "12/31/2018": {"Duration": "12/31/2018", "Total Assets": "15,700,000", "Total Liabilities Net Minority Interest": "10,251,000", "Total Equity Gross Minority Interest": "5,449,000", "Total Capitalization": "8,405,000", "Common Stock Equity": "5,449,000", "Capital Lease Obligations": "-", "Net Tangible Assets": "-3,214,000", "Working Capital": "-200,000", "Invested Capital": "9,280,000", "Tangible Book Value": "-3,214,000", "Total Debt": "3,831,000", "Net Debt": "3,286,000", "Share Issued": "170,709", "Ordinary Shares Number": "165,165", "Treasury Shares Number": "5,544"}}, "cf": {"TTM": {"Duration": "TTM", "Operating Cash Flow": "1,252,000", "Investing Cash Flow": "-231,000", "Financing Cash Flow": "1,383,000", "End Cash Position": "2,782,000", "Income Tax Paid Supplemental Data": "290,000", "Interest Paid Supplemental Data": "97,000", "Capital Expenditure": "-188,000", "Issuance of Debt": "3,807,000", "Repayment of Debt": "-1,468,000", "Repurchase of Capital Stock": "-222,000", "Free Cash Flow": "1,064,000"}, "12/31/2020": {"Duration": "12/31/2020", "Operating Cash Flow": "1,252,000", "Investing Cash Flow": "-231,000", "Financing Cash Flow": "1,383,000", "End Cash Position": "2,782,000", "Income Tax Paid Supplemental Data": "290,000", "Interest Paid Supplemental Data": "97,000", "Capital Expenditure": "-188,000", "Issuance of Debt": "3,807,000", "Repayment of Debt": "-1,468,000", "Repurchase of Capital Stock": "-222,000", "Free Cash Flow": "1,064,000"}, "12/31/2019": {"Duration": "12/31/2019", "Operating Cash Flow": "963,000", "Investing Cash Flow": "-240,000", "Financing Cash Flow": "-937,000", "End Cash Position": "362,000", "Income Tax Paid Supplemental Data": "205,000", "Interest Paid Supplemental Data": "120,000", "Capital Expenditure": "-127,000", "Issuance of Debt": "680,000", "Repayment of Debt": "-1,215,000", "Repurchase of Capital Stock": "-200,000", "Free Cash Flow": "836,000"}, "12/31/2018": {"Duration": "12/31/2018", "Operating Cash Flow": "1,028,000", "Investing Cash Flow": "196,000", "Financing Cash Flow": "-1,027,000", "End Cash Position": "586,000", "Income Tax Paid Supplemental Data": "221,000", "Interest Paid Supplemental Data": "148,000", "Capital Expenditure": "-111,000", "Issuance of Debt": "0", "Repayment of Debt": "-320,000", "Repurchase of Capital Stock": "-394,000", "Free Cash Flow": "917,000"}}}}, {"SGLB": {"quote": {"03/28/2021": {"value": "4.1800", "Market Cap": "34.703M", "Beta (5Y Monthly)": "1.44", "PE Ratio (TTM)": "N/A", "EPS (TTM)": "-1.8300", "Earnings Date": "Mar 24, 2021", "Forward Dividend & Yield": "N/A (N/A)", "Ex-Dividend Date": "N/A", "1y Target Est": "N/A"}}, "fin": {"TTM": {"Duration": "TTM", "Total Revenue": "807.488", "Cost of Revenue": "591.957", "Gross Profit": "215.531", "Operating Expense": "5,763", "Operating Income": "-5,547", "Net Non Operating Interest Income Expense": "-12.85", "Other Income Expense": "359.822", "Pretax Income": "-5,200", "Tax Provision": "0", "Net Income Common Stockholders": "-7,009", "Diluted NI Available to Com Stockholders": "-7,009", "Basic EPS": "-", "Diluted EPS": "-", "Basic Average Shares": "-", "Diluted Average Shares": "-", "Total Operating Income as Reported": "-5,699", "Total Expenses": "6,355", "Net Income from Continuing & Discontinued Operation": "-5,200", "Normalized Income": "-5,198", "Interest Income": "1.058", "Interest Expense": "13.908", "Net Interest Income": "-12.85", "EBIT": "-5,186", "EBITDA": "-5,081", "Reconciled Cost of Revenue": "591.957", "Reconciled Depreciation": "105.175", "Net Income from Continuing Operation Net Minority Interest": "-5,200", "Total Unusual Items Excluding Goodwill": "-1.878", "Total Unusual Items": "-1.878", "Normalized EBITDA": "-5,079", "Tax Rate for Calcs": "0", "Tax Effect of Unusual Items": "0"}, "12/31/2020": {"Duration": "12/31/2020", "Total Revenue": "807.488", "Cost of Revenue": "591.957", "Gross Profit": "215.531", "Operating Expense": "5,763", "Operating Income": "-5,547", "Net Non Operating Interest Income Expense": "-12.85", "Other Income Expense": "359.822", "Pretax Income": "-5,200", "Tax Provision": "0", "Net Income Common Stockholders": "-7,009", "Diluted NI Available to Com Stockholders": "-7,009", "Basic EPS": "-", "Diluted EPS": "-", "Basic Average Shares": "-", "Diluted Average Shares": "-", "Total Operating Income as Reported": "-5,699", "Total Expenses": "6,355", "Net Income from Continuing & Discontinued Operation": "-5,200", "Normalized Income": "-5,198", "Interest Income": "1.058", "Interest Expense": "13.908", "Net Interest Income": "-12.85", "EBIT": "-5,186", "EBITDA": "-", "Reconciled Cost of Revenue": "591.957", "Reconciled Depreciation": "105.175", "Net Income from Continuing Operation Net Minority Interest": "-5,200", "Total Unusual Items Excluding Goodwill": "-1.878", "Total Unusual Items": "-1.878", "Normalized EBITDA": "-5,079", "Tax Rate for Calcs": "0", "Tax Effect of Unusual Items": "0"}, "12/31/2019": {"Duration": "12/31/2019", "Total Revenue": "402.446", "Cost of Revenue": "574.301", "Gross Profit": "-171.855", "Operating Expense": "6,160", "Operating Income": "-6,332", "Net Non Operating Interest Income Expense": "10.075", "Other Income Expense": "0.884", "Pretax Income": "-6,321", "Tax Provision": "0", "Net Income Common Stockholders": "-6,321", "Diluted NI Available to Com Stockholders": "-6,321", "Basic EPS": "-5.37", "Diluted EPS": "-5.37", "Basic Average Shares": "1,176", "Diluted Average Shares": "1,176", "Total Operating Income as Reported": "-6,384", "Total Expenses": "6,734", "Net Income from Continuing & Discontinued Operation": "-6,321", "Normalized Income": "-6,313", "Interest Income": "18.76", "Interest Expense": "8.685", "Net Interest Income": "10.075", "EBIT": "-6,312", "EBITDA": "-", "Reconciled Cost of Revenue": "574.301", "Reconciled Depreciation": "192.569", "Net Income from Continuing Operation Net Minority Interest": "-6,321", "Total Unusual Items Excluding Goodwill": "-7.379", "Total Unusual Items": "-7.379", "Normalized EBITDA": "-6,112", "Tax Rate for Calcs": "0", "Tax Effect of Unusual Items": "0"}, "12/31/2018": {"Duration": "12/31/2018", "Total Revenue": "388.574", "Cost of Revenue": "270.107", "Gross Profit": "118.467", "Operating Expense": "5,687", "Operating Income": "-5,569", "Net Non Operating Interest Income Expense": "31.212", "Other Income Expense": "-36.571", "Pretax Income": "-5,574", "Tax Provision": "0", "Net Income Common Stockholders": "-5,589", "Diluted NI Available to Com Stockholders": "-5,589", "Basic EPS": "-8.10", "Diluted EPS": "-8.10", "Basic Average Shares": "689.804", "Diluted Average Shares": "689.804", "Total Operating Income as Reported": "-5,569", "Total Expenses": "5,957", "Net Income from Continuing & Discontinued Operation": "-5,574", "Normalized Income": "-5,538", "Interest Income": "35.178", "Interest Expense": "3.966", "Net Interest Income": "31.212", "EBIT": "-5,570", "EBITDA": "-", "Reconciled Cost of Revenue": "270.107", "Reconciled Depreciation": "192.374", "Net Income from Continuing Operation Net Minority Interest": "-5,574", "Total Unusual Items Excluding Goodwill": "-36.571", "Total Unusual Items": "-36.571", "Normalized EBITDA": "-5,341", "Tax Rate for Calcs": "0", "Tax Effect of Unusual Items": "0"}}, "bs": {"12/31/2020": {"Duration": "12/31/2020", "Total Assets": "5,701", "Total Liabilities Net Minority Interest": "536.778", "Total Equity Gross Minority Interest": "5,164", "Total Capitalization": "5,164", "Preferred Stock Equity": "0.001", "Common Stock Equity": "5,164", "Net Tangible Assets": "4,411", "Working Capital": "4,332", "Invested Capital": "5,164", "Tangible Book Value": "4,411", "Total Debt": "-", "Share Issued": "5,995", "Ordinary Shares Number": "5,995"}, "12/31/2019": {"Duration": "12/31/2019", "Total Assets": "1,691", "Total Liabilities Net Minority Interest": "1,039", "Total Equity Gross Minority Interest": "652.249", "Total Capitalization": "652.249", "Preferred Stock Equity": "-", "Common Stock Equity": "652.249", "Net Tangible Assets": "82.908", "Working Capital": "-98.315", "Invested Capital": "702.249", "Tangible Book Value": "82.908", "Total Debt": "50", "Share Issued": "1,404", "Ordinary Shares Number": "1,404"}, "12/31/2018": {"Duration": "12/31/2018", "Total Assets": "2,431", "Total Liabilities Net Minority Interest": "695.819", "Total Equity Gross Minority Interest": "1,735", "Total Capitalization": "1,735", "Preferred Stock Equity": "-", "Common Stock Equity": "1,735", "Net Tangible Assets": "1,330", "Working Capital": "1,052", "Invested Capital": "1,785", "Tangible Book Value": "1,330", "Total Debt": "50", "Share Issued": "877.663", "Ordinary Shares Number": "877.663"}}, "cf": {"TTM": {"Duration": "TTM", "Operating Cash Flow": "-4,810", "Investing Cash Flow": "-298.359", "Financing Cash Flow": "8,722", "End Cash Position": "3,701", "Income Tax Paid Supplemental Data": "0", "Interest Paid Supplemental Data": "13.908", "Capital Expenditure": "-298.859", "Issuance of Capital Stock": "3,600", "Issuance of Debt": "-", "Repayment of Debt": "-50", "Free Cash Flow": "-5,109"}, "12/31/2020": {"Duration": "12/31/2020", "Operating Cash Flow": "-4,810", "Investing Cash Flow": "-298.359", "Financing Cash Flow": "8,722", "End Cash Position": "3,701", "Income Tax Paid Supplemental Data": "0", "Interest Paid Supplemental Data": "13.908", "Capital Expenditure": "-298.859", "Issuance of Capital Stock": "3,600", "Issuance of Debt": "-", "Repayment of Debt": "-50", "Free Cash Flow": "-5,109"}, "12/31/2019": {"Duration": "12/31/2019", "Operating Cash Flow": "-5,515", "Investing Cash Flow": "-85.798", "Financing Cash Flow": "4,408", "End Cash Position": "86.919", "Income Tax Paid Supplemental Data": "0", "Interest Paid Supplemental Data": "5.069", "Capital Expenditure": "-207.711", "Issuance of Capital Stock": "4,981", "Issuance of Debt": "-", "Repayment of Debt": "-", "Free Cash Flow": "-5,723"}, "12/31/2018": {"Duration": "12/31/2018", "Operating Cash Flow": "-3,763", "Investing Cash Flow": "403.672", "Financing Cash Flow": "3,123", "End Cash Position": "1,280", "Income Tax Paid Supplemental Data": "0", "Interest Paid Supplemental Data": "12.205", "Capital Expenditure": "-228.525", "Issuance of Capital Stock": "3,390", "Issuance of Debt": "-", "Repayment of Debt": "0", "Free Cash Flow": "-3,991"}}}}, {"MSB": {"quote": {"03/28/2021": {"value": "30.18", "Market Cap": "395.962M", "Beta (5Y Monthly)": "1.10", "PE Ratio (TTM)": "21.40", "EPS (TTM)": "1.41", "Earnings Date": "Apr 12, 2021 - Apr 16, 2021", "Forward Dividend & Yield": "1.43 (4.74%)", "Ex-Dividend Date": "Jan 28, 2021", "1y Target Est": "N/A"}}, "fin": {"TTM": {"Duration": "TTM", "Total Revenue": "20,646", "Cost of Revenue": "-", "Gross Profit": "-", "Operating Expense": "-", "Operating Income": "19,033", "Net Non Operating Interest Income Expense": "29.401", "Other Income Expense": "-564.835", "Pretax Income": "18,498", "Net Income Common Stockholders": "18,498", "Diluted NI Available to Com Stockholders": "18,498", "Basic EPS": "-", "Diluted EPS": "-", "Basic Average Shares": "-", "Diluted Average Shares": "-", "Total Expenses": "-", "Interest Income": "97.401", "Net Interest Income": "29.401", "Net Income from Continuing & Discontinued Operation": "18,498", "Normalized Income": "18,498", "EBIT": "19,033", "EBITDA": "19,033", "Reconciled Cost of Revenue": "-", "Net Income from Continuing Operation Net Minority Interest": "18,498", "Normalized EBITDA": "19,033", "Tax Rate for Calcs": "0", "Tax Effect of Unusual Items": "0"}, "1/31/2020": {"Duration": "1/31/2020", "Total Revenue": "31,708", "Cost of Revenue": "271.449", "Gross Profit": "31,436", "Operating Expense": "1,341", "Operating Income": "30,095", "Net Non Operating Interest Income Expense": "215.015", "Other Income Expense": "-254.221", "Pretax Income": "30,056", "Net Income Common Stockholders": "30,056", "Diluted NI Available to Com Stockholders": "30,056", "Basic EPS": "2.29", "Diluted EPS": "2.29", "Basic Average Shares": "13,120", "Diluted Average Shares": "13,120", "Total Expenses": "1,613", "Interest Income": "283.015", "Net Interest Income": "215.015", "Net Income from Continuing & Discontinued Operation": "30,056", "Normalized Income": "30,056", "EBIT": "30,095", "EBITDA": "-", "Reconciled Cost of Revenue": "271.449", "Net Income from Continuing Operation Net Minority Interest": "30,056", "Normalized EBITDA": "30,095", "Tax Rate for Calcs": "0", "Tax Effect of Unusual Items": "0"}, "1/31/2019": {"Duration": "1/31/2019", "Total Revenue": "47,034", "Cost of Revenue": "264.278", "Gross Profit": "46,770", "Operating Expense": "992.354", "Operating Income": "45,777", "Net Non Operating Interest Income Expense": "194.719", "Other Income Expense": "-412.834", "Pretax Income": "45,559", "Net Income Common Stockholders": "45,559", "Diluted NI Available to Com Stockholders": "45,559", "Basic EPS": "3.47", "Diluted EPS": "3.47", "Basic Average Shares": "13,120", "Diluted Average Shares": "13,120", "Total Expenses": "1,257", "Interest Income": "259.974", "Net Interest Income": "194.719", "Net Income from Continuing & Discontinued Operation": "45,559", "Normalized Income": "45,559", "EBIT": "45,777", "EBITDA": "-", "Reconciled Cost of Revenue": "264.278", "Net Income from Continuing Operation Net Minority Interest": "45,559", "Normalized EBITDA": "45,777", "Tax Rate for Calcs": "0", "Tax Effect of Unusual Items": "0"}}, "bs": {"1/31/2020": {"Duration": "1/31/2020", "Total Assets": "23,647", "Total Liabilities Net Minority Interest": "11,816", "Total Equity Gross Minority Interest": "11,831", "Total Capitalization": "11,831", "Common Stock Equity": "11,831", "Net Tangible Assets": "11,831", "Working Capital": "14,343", "Invested Capital": "11,831", "Tangible Book Value": "11,831", "Share Issued": "13,120", "Ordinary Shares Number": "13,120"}, "1/31/2019": {"Duration": "1/31/2019", "Total Assets": "35,454", "Total Liabilities Net Minority Interest": "18,648", "Total Equity Gross Minority Interest": "16,806", "Total Capitalization": "16,806", "Common Stock Equity": "16,806", "Net Tangible Assets": "16,806", "Working Capital": "16,806", "Invested Capital": "16,806", "Tangible Book Value": "16,806", "Share Issued": "13,120", "Ordinary Shares Number": "13,120"}}, "cf": {"TTM": {"Duration": "TTM", "Operating Cash Flow": "18,067", "Investing Cash Flow": "16,273", "Financing Cash Flow": "-28,602", "End Cash Position": "6,114", "Free Cash Flow": "18,067"}, "1/31/2020": {"Duration": "1/31/2020", "Operating Cash Flow": "34,589", "Investing Cash Flow": "18,790", "Financing Cash Flow": "-44,083", "End Cash Position": "10,178", "Free Cash Flow": "34,589"}, "1/31/2019": {"Duration": "1/31/2019", "Operating Cash Flow": "45,497", "Investing Cash Flow": "-8,325", "Financing Cash Flow": "-36,605", "End Cash Position": "881.81", "Free Cash Flow": "45,497"}}}}, {"MARPS": {"quote": {"03/28/2021": {"value": "5.11", "Market Cap": "10.22M", "Beta (5Y Monthly)": "0.80", "PE Ratio (TTM)": "27.77", "EPS (TTM)": "0.18", "Earnings Date": "Nov 19, 2020", "Forward Dividend & Yield": "0.17 (3.40%)", "Ex-Dividend Date": "Feb 25, 2021", "1y Target Est": "N/A"}}, "fin": {"TTM": {"Duration": "TTM", "Total Revenue": "589.404", "Operating Expense": "226.024", "Operating Income": "363.38", "Net Non Operating Interest Income Expense": "4.728", "Pretax Income": "368.108", "Tax Provision": "0", "Net Income Common Stockholders": "368.108", "Diluted NI Available to Com Stockholders": "368.108", "Basic EPS": "-", "Diluted EPS": "-", "Basic Average Shares": "-", "Diluted Average Shares": "-", "Total Expenses": "226.024", "Interest Income": "4.728", "Net Interest Income": "4.728", "Net Income from Continuing & Discontinued Operation": "368.108", "Normalized Income": "368.108", "EBIT": "363.38", "EBITDA": "363.38", "Net Income from Continuing Operation Net Minority Interest": "368.108", "Normalized EBITDA": "363.38", "Tax Rate for Calcs": "0", "Tax Effect of Unusual Items": "0"}, "6/30/2020": {"Duration": "6/30/2020", "Total Revenue": "773.828", "Operating Expense": "214.075", "Operating Income": "559.753", "Net Non Operating Interest Income Expense": "14.357", "Pretax Income": "574.11", "Tax Provision": "0", "Net Income Common Stockholders": "574.11", "Diluted NI Available to Com Stockholders": "574.11", "Basic EPS": "0.29", "Diluted EPS": "0.29", "Basic Average Shares": "2,000", "Diluted Average Shares": "2,000", "Total Expenses": "214.075", "Interest Income": "14.357", "Net Interest Income": "14.357", "Net Income from Continuing & Discontinued Operation": "574.11", "Normalized Income": "574.11", "EBIT": "559.753", "EBITDA": "-", "Net Income from Continuing Operation Net Minority Interest": "574.11", "Normalized EBITDA": "559.753", "Tax Rate for Calcs": "0", "Tax Effect of Unusual Items": "0"}, "6/30/2019": {"Duration": "6/30/2019", "Total Revenue": "839.113", "Operating Expense": "226.471", "Operating Income": "612.642", "Net Non Operating Interest Income Expense": "21.43", "Pretax Income": "634.072", "Tax Provision": "0", "Net Income Common Stockholders": "634.072", "Diluted NI Available to Com Stockholders": "634.072", "Basic EPS": "0.32", "Diluted EPS": "0.32", "Basic Average Shares": "2,000", "Diluted Average Shares": "2,000", "Total Expenses": "226.471", "Interest Income": "21.43", "Net Interest Income": "21.43", "Net Income from Continuing & Discontinued Operation": "634.072", "Normalized Income": "634.072", "EBIT": "612.642", "EBITDA": "-", "Net Income from Continuing Operation Net Minority Interest": "634.072", "Normalized EBITDA": "612.642", "Tax Rate for Calcs": "0", "Tax Effect of Unusual Items": "0"}, "6/30/2018": {"Duration": "6/30/2018", "Total Revenue": "862.991", "Operating Expense": "210.723", "Operating Income": "652.268", "Net Non Operating Interest Income Expense": "9.651", "Pretax Income": "661.919", "Tax Provision": "0", "Net Income Common Stockholders": "661.919", "Diluted NI Available to Com Stockholders": "661.919", "Basic EPS": "0.33", "Diluted EPS": "0.33", "Basic Average Shares": "2,000", "Diluted Average Shares": "2,000", "Total Expenses": "210.723", "Interest Income": "9.651", "Net Interest Income": "9.651", "Net Income from Continuing & Discontinued Operation": "661.919", "Normalized Income": "661.919", "EBIT": "652.268", "EBITDA": "-", "Net Income from Continuing Operation Net Minority Interest": "661.919", "Normalized EBITDA": "652.268", "Tax Rate for Calcs": "0", "Tax Effect of Unusual Items": "0"}}, "bs": {"6/30/2020": {"Duration": "6/30/2020", "Total Assets": "936.552", "Total Liabilities Net Minority Interest": "0", "Total Equity Gross Minority Interest": "936.552", "Total Capitalization": "936.552", "Common Stock Equity": "936.552", "Net Tangible Assets": "936.552", "Working Capital": "936.552", "Tangible Book Value": "936.552", "Share Issued": "2,000", "Ordinary Shares Number": "2,000"}, "6/30/2019": {"Duration": "6/30/2019", "Total Assets": "969.426", "Total Liabilities Net Minority Interest": "0", "Total Equity Gross Minority Interest": "969.426", "Total Capitalization": "969.426", "Common Stock Equity": "969.426", "Net Tangible Assets": "969.426", "Working Capital": "969.426", "Tangible Book Value": "969.426", "Share Issued": "2,000", "Ordinary Shares Number": "2,000"}, "6/30/2018": {"Duration": "6/30/2018", "Total Assets": "987.023", "Total Liabilities Net Minority Interest": "0", "Total Equity Gross Minority Interest": "987.023", "Total Capitalization": "987.023", "Common Stock Equity": "987.023", "Net Tangible Assets": "987.023", "Working Capital": "987.023", "Tangible Book Value": "987.023", "Share Issued": "2,000", "Ordinary Shares Number": "2,000"}}, "cf": {}}}, {"MTR": {"quote": {"03/28/2021": {"value": "4.7200", "Market Cap": "8.796M", "Beta (5Y Monthly)": "1.12", "PE Ratio (TTM)": "11.03", "EPS (TTM)": "0.4280", "Earnings Date": "N/A", "Forward Dividend & Yield": "N/A (N/A)", "Ex-Dividend Date": "May 28, 2020", "1y Target Est": "N/A"}}, "fin": {"TTM": {"Duration": "TTM", "Total Revenue": "993.255", "Operating Expense": "229.798", "Operating Income": "763.457", "Net Non Operating Interest Income Expense": "10.761", "Pretax Income": "797.999", "Net Income Common Stockholders": "797.999", "Diluted NI Available to Com Stockholders": "797.999", "Basic EPS": "-", "Diluted EPS": "-", "Basic Average Shares": "-", "Diluted Average Shares": "-", "Total Expenses": "229.798", "Interest Income": "10.761", "Net Interest Income": "10.761", "Net Income from Continuing & Discontinued Operation": "797.999", "Normalized Income": "797.999", "EBIT": "763.457", "EBITDA": "763.457", "Net Income from Continuing Operation Net Minority Interest": "797.999", "Normalized EBITDA": "763.457", "Tax Rate for Calcs": "0", "Tax Effect of Unusual Items": "0"}, "12/31/2019": {"Duration": "12/31/2019", "Total Revenue": "1,808", "Operating Expense": "202.747", "Operating Income": "1,606", "Net Non Operating Interest Income Expense": "29.415", "Pretax Income": "1,635", "Net Income Common Stockholders": "1,635", "Diluted NI Available to Com Stockholders": "1,635", "Basic EPS": "0.88", "Diluted EPS": "0.88", "Basic Average Shares": "1,864", "Diluted Average Shares": "1,864", "Total Expenses": "202.747", "Interest Income": "29.415", "Net Interest Income": "29.415", "Net Income from Continuing & Discontinued Operation": "1,635", "Normalized Income": "1,635", "EBIT": "1,606", "EBITDA": "-", "Net Income from Continuing Operation Net Minority Interest": "1,635", "Normalized EBITDA": "1,606", "Tax Rate for Calcs": "0", "Tax Effect of Unusual Items": "0"}, "12/31/2018": {"Duration": "12/31/2018", "Total Revenue": "2,332", "Operating Expense": "217.138", "Operating Income": "2,115", "Net Non Operating Interest Income Expense": "22.951", "Pretax Income": "2,138", "Net Income Common Stockholders": "2,138", "Diluted NI Available to Com Stockholders": "2,138", "Basic EPS": "1.15", "Diluted EPS": "1.15", "Basic Average Shares": "1,864", "Diluted Average Shares": "1,864", "Total Expenses": "217.138", "Interest Income": "22.951", "Net Interest Income": "22.951", "Net Income from Continuing & Discontinued Operation": "2,138", "Normalized Income": "2,138", "EBIT": "2,115", "EBITDA": "-", "Net Income from Continuing Operation Net Minority Interest": "2,138", "Normalized EBITDA": "2,115", "Tax Rate for Calcs": "0", "Tax Effect of Unusual Items": "0"}}, "bs": {"12/31/2019": {"Duration": "12/31/2019", "Total Assets": "2,840", "Total Liabilities Net Minority Interest": "255.848", "Total Equity Gross Minority Interest": "2,585", "Total Capitalization": "2,585", "Common Stock Equity": "2,585", "Net Tangible Assets": "2,585", "Working Capital": "977.212", "Invested Capital": "-", "Tangible Book Value": "2,585", "Share Issued": "1,864", "Ordinary Shares Number": "1,864"}, "12/31/2018": {"Duration": "12/31/2018", "Total Assets": "3,359", "Total Liabilities Net Minority Interest": "566.518", "Total Equity Gross Minority Interest": "2,792", "Total Capitalization": "2,792", "Common Stock Equity": "2,792", "Net Tangible Assets": "2,792", "Working Capital": "1,038", "Invested Capital": "2,792", "Tangible Book Value": "2,792", "Share Issued": "1,864", "Ordinary Shares Number": "1,864"}}, "cf": {}}}, {"ORNC": {"quote": {"03/28/2021": {"value": "0.8300", "Market Cap": "34.818M", "Beta (5Y Monthly)": "-0.14", "PE Ratio (TTM)": "8.38", "EPS (TTM)": "0.0990", "Earnings Date": "May 21, 2020", "Forward Dividend & Yield": "N/A (N/A)", "Ex-Dividend Date": "N/A", "1y Target Est": "N/A"}}, "fin": {"TTM": {"Duration": "TTM", "Total Revenue": "89,194", "Cost of Revenue": "30,268", "Gross Profit": "58,926", "Operating Expense": "16,836", "Operating Income": "42,090", "Net Non Operating Interest Income Expense": "-176.876", "Other Income Expense": "180.609", "Pretax Income": "42,093", "Tax Provision": "15,160", "Net Income Common Stockholders": "26,933", "Diluted NI Available to Com Stockholders": "26,933", "Basic EPS": "-", "Diluted EPS": "-", "Basic Average Shares": "-", "Diluted Average Shares": "-", "Total Operating Income as Reported": "-", "Total Expenses": "47,104", "Net Income from Continuing & Discontinued Operation": "26,933", "Normalized Income": "26,933", "Interest Income": "-", "Interest Expense": "176.876", "Net Interest Income": "-176.876", "EBIT": "42,270", "EBITDA": "43,427", "Reconciled Cost of Revenue": "30,268", "Reconciled Depreciation": "1,157", "Net Income from Continuing Operation Net Minority Interest": "26,933", "Total Unusual Items Excluding Goodwill": "-", "Total Unusual Items": "-", "Normalized EBITDA": "43,427", "Tax Rate for Calcs": "0", "Tax Effect of Unusual Items": "0"}, "6/30/2019": {"Duration": "6/30/2019", "Total Revenue": "104,270", "Cost of Revenue": "31,074", "Gross Profit": "73,196", "Operating Expense": "13,947", "Operating Income": "59,249", "Net Non Operating Interest Income Expense": "-73.925", "Other Income Expense": "133.321", "Pretax Income": "59,309", "Tax Provision": "19,328", "Net Income Common Stockholders": "39,980", "Diluted NI Available to Com Stockholders": "39,980", "Basic EPS": "9.50", "Diluted EPS": "9.50", "Basic Average Shares": "41,949", "Diluted Average Shares": "41,949", "Total Operating Income as Reported": "-", "Total Expenses": "45,021", "Net Income from Continuing & Discontinued Operation": "39,980", "Normalized Income": "39,980", "Interest Income": "-", "Interest Expense": "73.925", "Net Interest Income": "-73.925", "EBIT": "59,382", "EBITDA": "-", "Reconciled Cost of Revenue": "31,074", "Reconciled Depreciation": "347.684", "Net Income from Continuing Operation Net Minority Interest": "39,980", "Total Unusual Items Excluding Goodwill": "-", "Total Unusual Items": "-", "Normalized EBITDA": "59,730", "Tax Rate for Calcs": "0", "Tax Effect of Unusual Items": "0"}, "6/30/2018": {"Duration": "6/30/2018", "Total Revenue": "101,760", "Cost of Revenue": "27,801", "Gross Profit": "73,959", "Operating Expense": "12,587", "Operating Income": "61,372", "Net Non Operating Interest Income Expense": "-1,681", "Other Income Expense": "77.5", "Pretax Income": "59,768", "Tax Provision": "15,096", "Net Income Common Stockholders": "43,313", "Diluted NI Available to Com Stockholders": "43,313", "Basic EPS": "15.40", "Diluted EPS": "15.40", "Basic Average Shares": "9,819", "Diluted Average Shares": "9,819", "Total Operating Income as Reported": "-", "Total Expenses": "40,388", "Net Income from Continuing & Discontinued Operation": "43,313", "Normalized Income": "43,256", "Interest Income": "78.2", "Interest Expense": "1,759", "Net Interest Income": "-1,681", "EBIT": "61,527", "EBITDA": "-", "Reconciled Cost of Revenue": "27,801", "Reconciled Depreciation": "335.005", "Net Income from Continuing Operation Net Minority Interest": "43,313", "Total Unusual Items Excluding Goodwill": "77.5", "Total Unusual Items": "77.5", "Normalized EBITDA": "61,785", "Tax Rate for Calcs": "0", "Tax Effect of Unusual Items": "19.5743"}}, "bs": {"6/30/2019": {"Duration": "6/30/2019", "Total Assets": "151,763", "Total Liabilities Net Minority Interest": "106,777", "Total Equity Gross Minority Interest": "44,986", "Total Capitalization": "44,986", "Common Stock Equity": "44,986", "Net Tangible Assets": "44,986", "Working Capital": "113,282", "Invested Capital": "47,236", "Tangible Book Value": "44,986", "Total Debt": "2,250", "Share Issued": "41,949", "Ordinary Shares Number": "41,949"}, "6/30/2018": {"Duration": "6/30/2018", "Total Assets": "109,350", "Total Liabilities Net Minority Interest": "104,344", "Total Equity Gross Minority Interest": "5,006", "Total Capitalization": "5,006", "Common Stock Equity": "5,006", "Net Tangible Assets": "5,006", "Working Capital": "-3,200", "Invested Capital": "5,006", "Tangible Book Value": "5,006", "Total Debt": "-", "Share Issued": "9,819", "Ordinary Shares Number": "9,819"}}, "cf": {"TTM": {"Duration": "TTM", "Operating Cash Flow": "16,951", "Investing Cash Flow": "-4,821", "Financing Cash Flow": "70", "End Cash Position": "69,594", "Income Tax Paid Supplemental Data": "18,944", "Interest Paid Supplemental Data": "59.34", "Capital Expenditure": "-", "Issuance of Debt": "500", "Repayment of Debt": "-130", "Free Cash Flow": "11,880"}, "6/30/2019": {"Duration": "6/30/2019", "Operating Cash Flow": "29,775", "Investing Cash Flow": "-5,066", "Financing Cash Flow": "1,950", "End Cash Position": "53,164", "Income Tax Paid Supplemental Data": "18,903", "Interest Paid Supplemental Data": "73.925", "Capital Expenditure": "-5,066", "Issuance of Debt": "2,250", "Repayment of Debt": "0", "Free Cash Flow": "24,709"}, "6/30/2018": {"Duration": "6/30/2018", "Operating Cash Flow": "47,292", "Investing Cash Flow": "-394.592", "Financing Cash Flow": "-27,000", "End Cash Position": "26,505", "Income Tax Paid Supplemental Data": "14,510", "Interest Paid Supplemental Data": "1,759", "Capital Expenditure": "-401.305", "Issuance of Debt": "-", "Repayment of Debt": "-27,000", "Free Cash Flow": "46,891"}}}}, {"SBR": {"quote": {"03/28/2021": {"value": "30.80", "Market Cap": "449.042M", "Beta (5Y Monthly)": "0.77", "PE Ratio (TTM)": "13.48", "EPS (TTM)": "2.29", "Earnings Date": "N/A", "Forward Dividend & Yield": "2.53 (8.22%)", "Ex-Dividend Date": "Mar 12, 2021", "1y Target Est": "N/A"}}, "fin": {"TTM": {"Duration": "TTM", "Total Revenue": "36,364", "Operating Expense": "3,057", "Operating Income": "33,307", "Net Non Operating Interest Income Expense": "-", "Pretax Income": "33,307", "Net Income Common Stockholders": "33,307", "Diluted NI Available to Com Stockholders": "33,307", "Basic EPS": "-", "Diluted EPS": "-", "Basic Average Shares": "-", "Diluted Average Shares": "-", "Total Operating Income as Reported": "-", "Total Expenses": "3,057", "Interest Income": "-", "Net Interest Income": "-", "Net Income from Continuing & Discontinued Operation": "33,307", "Normalized Income": "33,307", "EBIT": "33,307", "EBITDA": "33,307", "Reconciled Depreciation": "-", "Net Income from Continuing Operation Net Minority Interest": "33,307", "Normalized EBITDA": "33,307", "Tax Rate for Calcs": "0", "Tax Effect of Unusual Items": "0"}, "12/31/2020": {"Duration": "12/31/2020", "Total Revenue": "36,364", "Operating Expense": "3,057", "Operating Income": "33,307", "Net Non Operating Interest Income Expense": "-", "Pretax Income": "33,307", "Net Income Common Stockholders": "33,307", "Diluted NI Available to Com Stockholders": "33,307", "Basic EPS": "-", "Diluted EPS": "-", "Basic Average Shares": "-", "Diluted Average Shares": "-", "Total Operating Income as Reported": "-", "Total Expenses": "3,057", "Interest Income": "-", "Net Interest Income": "-", "Net Income from Continuing & Discontinued Operation": "33,307", "Normalized Income": "33,307", "EBIT": "33,307", "EBITDA": "-", "Reconciled Depreciation": "-", "Net Income from Continuing Operation Net Minority Interest": "33,307", "Normalized EBITDA": "33,307", "Tax Rate for Calcs": "0", "Tax Effect of Unusual Items": "0"}, "12/31/2019": {"Duration": "12/31/2019", "Total Revenue": "46,893", "Operating Expense": "2,857", "Operating Income": "44,036", "Net Non Operating Interest Income Expense": "-", "Pretax Income": "44,036", "Net Income Common Stockholders": "44,036", "Diluted NI Available to Com Stockholders": "44,036", "Basic EPS": "3.02", "Diluted EPS": "3.02", "Basic Average Shares": "14,579", "Diluted Average Shares": "14,579", "Total Operating Income as Reported": "-", "Total Expenses": "2,857", "Interest Income": "-", "Net Interest Income": "-", "Net Income from Continuing & Discontinued Operation": "44,036", "Normalized Income": "44,036", "EBIT": "44,036", "EBITDA": "-", "Reconciled Depreciation": "-", "Net Income from Continuing Operation Net Minority Interest": "44,036", "Normalized EBITDA": "44,036", "Tax Rate for Calcs": "0", "Tax Effect of Unusual Items": "0"}, "12/31/2018": {"Duration": "12/31/2018", "Total Revenue": "52,528", "Operating Expense": "2,599", "Operating Income": "49,930", "Net Non Operating Interest Income Expense": "-", "Pretax Income": "49,930", "Net Income Common Stockholders": "49,930", "Diluted NI Available to Com Stockholders": "49,930", "Basic EPS": "3.42", "Diluted EPS": "3.42", "Basic Average Shares": "14,579", "Diluted Average Shares": "14,579", "Total Operating Income as Reported": "-", "Total Expenses": "2,599", "Interest Income": "-", "Net Interest Income": "-", "Net Income from Continuing & Discontinued Operation": "49,930", "Normalized Income": "49,930", "EBIT": "49,930", "EBITDA": "-", "Reconciled Depreciation": "-", "Net Income from Continuing Operation Net Minority Interest": "49,930", "Normalized EBITDA": "49,930", "Tax Rate for Calcs": "0", "Tax Effect of Unusual Items": "0"}}, "bs": {"12/31/2020": {"Duration": "12/31/2020", "Total Assets": "4,954", "Total Liabilities Net Minority Interest": "965.959", "Total Equity Gross Minority Interest": "3,988", "Total Capitalization": "3,988", "Common Stock Equity": "3,988", "Net Tangible Assets": "3,988", "Working Capital": "3,827", "Invested Capital": "-", "Tangible Book Value": "3,988", "Share Issued": "14,579", "Ordinary Shares Number": "14,579"}, "12/31/2019": {"Duration": "12/31/2019", "Total Assets": "6,912", "Total Liabilities Net Minority Interest": "1,264", "Total Equity Gross Minority Interest": "5,648", "Total Capitalization": "5,648", "Common Stock Equity": "5,648", "Net Tangible Assets": "5,648", "Working Capital": "5,462", "Invested Capital": "-", "Tangible Book Value": "5,648", "Share Issued": "14,579", "Ordinary Shares Number": "14,579"}, "12/31/2018": {"Duration": "12/31/2018", "Total Assets": "9,464", "Total Liabilities Net Minority Interest": "3,798", "Total Equity Gross Minority Interest": "5,666", "Total Capitalization": "5,666", "Common Stock Equity": "5,666", "Net Tangible Assets": "5,666", "Working Capital": "5,452", "Invested Capital": "5,666", "Tangible Book Value": "5,666", "Share Issued": "14,579", "Ordinary Shares Number": "14,579"}}, "cf": {"TTM": {"Duration": "TTM", "End Cash Position": "-"}}}}, {"SPDL": {"quote": {"03/28/2021": {"value": "0.0004", "Market Cap": "46,100", "Beta (5Y Monthly)": "23.75", "PE Ratio (TTM)": "N/A", "EPS (TTM)": "-0.0430", "Earnings Date": "N/A", "Forward Dividend & Yield": "N/A (N/A)", "Ex-Dividend Date": "N/A", "1y Target Est": "N/A"}}, "fin": {"TTM": {"Duration": "TTM", "Total Revenue": "-23.924", "Cost of Revenue": "4.344", "Gross Profit": "-28.268", "Operating Expense": "1,919", "Operating Income": "-1,947", "Net Non Operating Interest Income Expense": "-1,029", "Other Income Expense": "-770.863", "Pretax Income": "-3,747", "Tax Provision": "0", "Net Income Common Stockholders": "-3,747", "Diluted NI Available to Com Stockholders": "-3,747", "Basic EPS": "-", "Diluted EPS": "-", "Basic Average Shares": "-", "Diluted Average Shares": "-", "Total Operating Income as Reported": "-2,067", "Total Expenses": "1,923", "Net Income from Continuing & Discontinued Operation": "-3,747", "Normalized Income": "-3,747", "Interest Expense": "1,029", "Net Interest Income": "-1,029", "EBIT": "-2,718", "EBITDA": "-2,703", "Reconciled Cost of Revenue": "4.343", "Reconciled Depreciation": "14.978", "Net Income from Continuing Operation Net Minority Interest": "-3,747", "Total Unusual Items Excluding Goodwill": "-", "Total Unusual Items": "-", "Normalized EBITDA": "-2,703", "Tax Rate for Calcs": "0", "Tax Effect of Unusual Items": "0"}}, "bs": {}, "cf": {"TTM": {"Duration": "TTM", "Operating Cash Flow": "-944.607", "Investing Cash Flow": "15.157", "Financing Cash Flow": "924.606", "End Cash Position": "2.762", "Income Tax Paid Supplemental Data": "-", "Interest Paid Supplemental Data": "-", "Issuance of Capital Stock": "230", "Issuance of Debt": "826", "Repayment of Debt": "-22.5", "Free Cash Flow": "-944.607"}}}}, {"TWFH": {"quote": {"03/28/2021": {"value": "", "Net Assets": "N/A", "Beta (5Y Monthly)": "N/A", "Yield": "N/A", "5y Average Return": "N/A", "Holdings Turnover": "N/A", "Last Dividend": "N/A", "Average for Category": "N/A", "Inception Date": "N/A"}}, "fin": {}, "bs": {}, "cf": {}}}, {"CYCA": {"quote": {"03/28/2021": {"value": "0.1490", "Market Cap": "673,977", "Beta (5Y Monthly)": "1.17", "PE Ratio (TTM)": "N/A", "EPS (TTM)": "-0.0870", "Earnings Date": "N/A", "Forward Dividend & Yield": "N/A (N/A)", "Ex-Dividend Date": "N/A", "1y Target Est": "N/A"}}, "fin": {}, "bs": {}, "cf": {}}}, {"ITDN": {"quote": {"03/28/2021": {"value": "0.0290", "Market Cap": "1.16M", "Beta (5Y Monthly)": "1.50", "PE Ratio (TTM)": "N/A", "EPS (TTM)": "-0.0010", "Earnings Date": "N/A", "Forward Dividend & Yield": "N/A (N/A)", "Ex-Dividend Date": "N/A", "1y Target Est": "N/A"}}, "fin": {"TTM": {"Duration": "TTM", "Total Revenue": "0", "Operating Expense": "29.926", "Operating Income": "-29.926", "Net Non Operating Interest Income Expense": "-", "Pretax Income": "-29.926", "Tax Provision": "0.8", "Net Income Common Stockholders": "-30.726", "Diluted NI Available to Com Stockholders": "-30.726", "Basic EPS": "-", "Diluted EPS": "-", "Basic Average Shares": "-", "Diluted Average Shares": "-", "Total Operating Income as Reported": "-", "Total Expenses": "29.926", "Net Income from Continuing & Discontinued Operation": "-30.726", "Normalized Income": "-30.726", "Interest Income": "-", "Net Interest Income": "-", "EBIT": "-29.926", "EBITDA": "-29.926", "Net Income from Continuing Operation Net Minority Interest": "-30.726", "Normalized EBITDA": "-29.926", "Tax Rate for Calcs": "0", "Tax Effect of Unusual Items": "0"}, "6/30/2020": {"Duration": "6/30/2020", "Total Revenue": "0", "Operating Expense": "29.923", "Operating Income": "-29.923", "Net Non Operating Interest Income Expense": "-", "Pretax Income": "-29.923", "Tax Provision": "0.8", "Net Income Common Stockholders": "-30.723", "Diluted NI Available to Com Stockholders": "-30.723", "Basic EPS": "-0.00", "Diluted EPS": "-0.00", "Basic Average Shares": "40,000", "Diluted Average Shares": "40,000", "Total Operating Income as Reported": "-29.923", "Total Expenses": "29.923", "Net Income from Continuing & Discontinued Operation": "-30.723", "Normalized Income": "-30.723", "Interest Income": "-", "Net Interest Income": "-", "EBIT": "-29.923", "EBITDA": "-", "Net Income from Continuing Operation Net Minority Interest": "-30.723", "Normalized EBITDA": "-29.923", "Tax Rate for Calcs": "0", "Tax Effect of Unusual Items": "0"}, "6/30/2019": {"Duration": "6/30/2019", "Total Revenue": "0", "Operating Expense": "30.335", "Operating Income": "-30.335", "Net Non Operating Interest Income Expense": "-", "Pretax Income": "-30.335", "Tax Provision": "0.8", "Net Income Common Stockholders": "-31.135", "Diluted NI Available to Com Stockholders": "-31.135", "Basic EPS": "-0.00", "Diluted EPS": "-0.00", "Basic Average Shares": "40,000", "Diluted Average Shares": "40,000", "Total Operating Income as Reported": "-30.335", "Total Expenses": "30.335", "Net Income from Continuing & Discontinued Operation": "-31.135", "Normalized Income": "-31.135", "Interest Income": "-", "Net Interest Income": "-", "EBIT": "-30.335", "EBITDA": "-", "Net Income from Continuing Operation Net Minority Interest": "-31.135", "Normalized EBITDA": "-30.335", "Tax Rate for Calcs": "0", "Tax Effect of Unusual Items": "0"}, "6/30/2018": {"Duration": "6/30/2018", "Total Revenue": "-", "Operating Expense": "29.651", "Operating Income": "-29.651", "Net Non Operating Interest Income Expense": "0", "Pretax Income": "-29.651", "Tax Provision": "0.8", "Net Income Common Stockholders": "-30.451", "Diluted NI Available to Com Stockholders": "-30.451", "Basic EPS": "-0.00", "Diluted EPS": "-0.00", "Basic Average Shares": "40,000", "Diluted Average Shares": "40,000", "Total Operating Income as Reported": "-29.651", "Total Expenses": "29.651", "Net Income from Continuing & Discontinued Operation": "-30.451", "Normalized Income": "-30.451", "Interest Income": "0", "Net Interest Income": "0", "EBIT": "-29.651", "EBITDA": "-", "Net Income from Continuing Operation Net Minority Interest": "-30.451", "Normalized EBITDA": "-29.651", "Tax Rate for Calcs": "0", "Tax Effect of Unusual Items": "0"}}, "bs": {"6/30/2020": {"Duration": "6/30/2020", "Total Assets": "78.869", "Total Liabilities Net Minority Interest": "36.042", "Total Equity Gross Minority Interest": "42.827", "Total Capitalization": "42.827", "Common Stock Equity": "42.827", "Net Tangible Assets": "42.827", "Working Capital": "42.827", "Invested Capital": "42.827", "Tangible Book Value": "42.827", "Share Issued": "40,000", "Ordinary Shares Number": "40,000"}, "6/30/2019": {"Duration": "6/30/2019", "Total Assets": "100.392", "Total Liabilities Net Minority Interest": "26.842", "Total Equity Gross Minority Interest": "73.55", "Total Capitalization": "73.55", "Common Stock Equity": "73.55", "Net Tangible Assets": "73.55", "Working Capital": "73.55", "Invested Capital": "73.55", "Tangible Book Value": "73.55", "Share Issued": "40,000", "Ordinary Shares Number": "40,000"}, "6/30/2018": {"Duration": "6/30/2018", "Total Assets": "124.604", "Total Liabilities Net Minority Interest": "19.919", "Total Equity Gross Minority Interest": "104.685", "Total Capitalization": "104.685", "Common Stock Equity": "104.685", "Net Tangible Assets": "104.685", "Working Capital": "104.685", "Invested Capital": "104.685", "Tangible Book Value": "104.685", "Share Issued": "40,000", "Ordinary Shares Number": "40,000"}}, "cf": {"TTM": {"Duration": "TTM", "Operating Cash Flow": "-20.189", "Investing Cash Flow": "-", "Financing Cash Flow": "0", "End Cash Position": "65.016", "Income Tax Paid Supplemental Data": "0.8", "Interest Paid Supplemental Data": "0", "Free Cash Flow": "-20.189"}, "6/30/2020": {"Duration": "6/30/2020", "Operating Cash Flow": "-21.498", "Investing Cash Flow": "-", "Financing Cash Flow": "-0.025", "End Cash Position": "78.869", "Income Tax Paid Supplemental Data": "0.8", "Interest Paid Supplemental Data": "0", "Free Cash Flow": "-21.498"}, "6/30/2019": {"Duration": "6/30/2019", "Operating Cash Flow": "-24.187", "Investing Cash Flow": "-", "Financing Cash Flow": "-0.025", "End Cash Position": "100.392", "Income Tax Paid Supplemental Data": "0.8", "Interest Paid Supplemental Data": "0", "Free Cash Flow": "-24.187"}, "6/30/2018": {"Duration": "6/30/2018", "Operating Cash Flow": "-22.982", "Investing Cash Flow": "0", "Financing Cash Flow": "-0.025", "End Cash Position": "124.604", "Income Tax Paid Supplemental Data": "0.8", "Interest Paid Supplemental Data": "0", "Free Cash Flow": "-22.982"}}}}, {"PGID": {"quote": {"03/28/2021": {"value": "0.3000", "Market Cap": "6.901M", "Beta (5Y Monthly)": "-0.86", "PE Ratio (TTM)": "N/A", "EPS (TTM)": "-0.0010", "Earnings Date": "Feb 10, 2020 - Feb 11, 2020", "Forward Dividend & Yield": "N/A (N/A)", "Ex-Dividend Date": "N/A", "1y Target Est": "N/A"}}, "fin": {"TTM": {"Duration": "TTM", "Total Revenue": "0", "Operating Expense": "15.105", "Operating Income": "-15.105", "Net Non Operating Interest Income Expense": "-", "Pretax Income": "-15.105", "Net Income Common Stockholders": "-15.105", "Diluted NI Available to Com Stockholders": "-15.105", "Basic EPS": "-", "Diluted EPS": "-", "Basic Average Shares": "-", "Diluted Average Shares": "-", "Total Operating Income as Reported": "-15.105", "Total Expenses": "15.105", "Net Income from Continuing & Discontinued Operation": "-15.105", "Normalized Income": "-15.105", "Interest Expense": "-", "Net Interest Income": "-", "EBIT": "-15.105", "EBITDA": "-15.105", "Net Income from Continuing Operation Net Minority Interest": "-15.105", "Normalized EBITDA": "-15.105", "Tax Rate for Calcs": "0", "Tax Effect of Unusual Items": "0"}, "7/31/2020": {"Duration": "7/31/2020", "Total Revenue": "0", "Operating Expense": "14.097", "Operating Income": "-14.097", "Net Non Operating Interest Income Expense": "-", "Pretax Income": "-14.097", "Net Income Common Stockholders": "-14.097", "Diluted NI Available to Com Stockholders": "-14.097", "Basic EPS": "-0.00", "Diluted EPS": "-0.00", "Basic Average Shares": "23,002", "Diluted Average Shares": "23,002", "Total Operating Income as Reported": "-14.097", "Total Expenses": "14.097", "Net Income from Continuing & Discontinued Operation": "-14.097", "Normalized Income": "-14.097", "Interest Expense": "-", "Net Interest Income": "-", "EBIT": "-14.097", "EBITDA": "-", "Net Income from Continuing Operation Net Minority Interest": "-14.097", "Normalized EBITDA": "-14.097", "Tax Rate for Calcs": "0", "Tax Effect of Unusual Items": "0"}, "7/31/2019": {"Duration": "7/31/2019", "Total Revenue": "0", "Operating Expense": "20.092", "Operating Income": "-20.092", "Net Non Operating Interest Income Expense": "-", "Pretax Income": "-20.092", "Net Income Common Stockholders": "-20.092", "Diluted NI Available to Com Stockholders": "-20.092", "Basic EPS": "-0.00", "Diluted EPS": "-0.00", "Basic Average Shares": "23,002", "Diluted Average Shares": "23,002", "Total Operating Income as Reported": "-20.092", "Total Expenses": "20.092", "Net Income from Continuing & Discontinued Operation": "-20.092", "Normalized Income": "-20.092", "Interest Expense": "-", "Net Interest Income": "-", "EBIT": "-20.092", "EBITDA": "-", "Net Income from Continuing Operation Net Minority Interest": "-20.092", "Normalized EBITDA": "-20.092", "Tax Rate for Calcs": "0", "Tax Effect of Unusual Items": "0"}, "6/30/2019": {"Duration": "6/30/2019", "Total Revenue": "0", "Operating Expense": "20.042", "Operating Income": "-20.042", "Net Non Operating Interest Income Expense": "-", "Pretax Income": "-20.042", "Net Income Common Stockholders": "-20.042", "Diluted NI Available to Com Stockholders": "-20.042", "Basic EPS": "-0.00", "Diluted EPS": "-0.00", "Basic Average Shares": "23,002", "Diluted Average Shares": "23,002", "Total Operating Income as Reported": "-20.042", "Total Expenses": "20.042", "Net Income from Continuing & Discontinued Operation": "-20.042", "Normalized Income": "-20.042", "Interest Expense": "-", "Net Interest Income": "-", "EBIT": "-20.042", "EBITDA": "-", "Net Income from Continuing Operation Net Minority Interest": "-20.042", "Normalized EBITDA": "-20.042", "Tax Rate for Calcs": "0", "Tax Effect of Unusual Items": "0"}, "6/30/2018": {"Duration": "6/30/2018", "Total Revenue": "0", "Operating Expense": "15.963", "Operating Income": "-15.963", "Net Non Operating Interest Income Expense": "0", "Pretax Income": "-15.963", "Net Income Common Stockholders": "-15.963", "Diluted NI Available to Com Stockholders": "-15.963", "Basic EPS": "-0.00", "Diluted EPS": "-0.00", "Basic Average Shares": "21,955", "Diluted Average Shares": "21,955", "Total Operating Income as Reported": "-15.963", "Total Expenses": "15.963", "Net Income from Continuing & Discontinued Operation": "-15.963", "Normalized Income": "-15.963", "Interest Expense": "0", "Net Interest Income": "0", "EBIT": "-15.963", "EBITDA": "-", "Net Income from Continuing Operation Net Minority Interest": "-15.963", "Normalized EBITDA": "-15.963", "Tax Rate for Calcs": "0", "Tax Effect of Unusual Items": "0"}}, "bs": {"7/31/2020": {"Duration": "7/31/2020", "Total Assets": "3", "Total Liabilities Net Minority Interest": "54.176", "Total Equity Gross Minority Interest": "-51.176", "Total Capitalization": "-51.176", "Common Stock Equity": "-51.176", "Net Tangible Assets": "-51.176", "Working Capital": "-51.176", "Invested Capital": "3", "Tangible Book Value": "-51.176", "Total Debt": "54.176", "Net Debt": "51.176", "Share Issued": "23,002", "Ordinary Shares Number": "23,002"}, "7/31/2019": {"Duration": "7/31/2019", "Total Assets": "3", "Total Liabilities Net Minority Interest": "40.079", "Total Equity Gross Minority Interest": "-37.079", "Total Capitalization": "-37.079", "Common Stock Equity": "-37.079", "Net Tangible Assets": "-37.079", "Working Capital": "-37.079", "Invested Capital": "3", "Tangible Book Value": "-37.079", "Total Debt": "40.079", "Net Debt": "37.079", "Share Issued": "23,002", "Ordinary Shares Number": "23,002"}, "6/30/2019": {"Duration": "6/30/2019", "Total Assets": "3", "Total Liabilities Net Minority Interest": "40.029", "Total Equity Gross Minority Interest": "-37.029", "Total Capitalization": "-37.029", "Common Stock Equity": "-37.029", "Net Tangible Assets": "-37.029", "Working Capital": "-37.029", "Invested Capital": "3", "Tangible Book Value": "-37.029", "Total Debt": "40.029", "Net Debt": "37.029", "Share Issued": "23,002", "Ordinary Shares Number": "23,002"}, "6/30/2018": {"Duration": "6/30/2018", "Total Assets": "3", "Total Liabilities Net Minority Interest": "19.987", "Total Equity Gross Minority Interest": "-16.987", "Total Capitalization": "-16.987", "Common Stock Equity": "-16.987", "Net Tangible Assets": "-16.987", "Working Capital": "-16.987", "Invested Capital": "1.976", "Tangible Book Value": "-16.987", "Total Debt": "18.963", "Net Debt": "15.963", "Share Issued": "23,002", "Ordinary Shares Number": "23,002"}}, "cf": {"TTM": {"Duration": "TTM", "Operating Cash Flow": "-15.105", "Financing Cash Flow": "15.105", "End Cash Position": "3", "Income Tax Paid Supplemental Data": "0", "Interest Paid Supplemental Data": "0", "Issuance of Debt": "15.105", "Free Cash Flow": "-15.105"}, "7/31/2020": {"Duration": "7/31/2020", "Operating Cash Flow": "-14.097", "Financing Cash Flow": "14.097", "End Cash Position": "3", "Income Tax Paid Supplemental Data": "0", "Interest Paid Supplemental Data": "0", "Issuance of Debt": "14.097", "Free Cash Flow": "-14.097"}, "7/31/2019": {"Duration": "7/31/2019", "Operating Cash Flow": "-20.092", "Financing Cash Flow": "20.092", "End Cash Position": "3", "Income Tax Paid Supplemental Data": "0", "Interest Paid Supplemental Data": "0", "Issuance of Debt": "20.092", "Free Cash Flow": "-20.092"}, "6/30/2019": {"Duration": "6/30/2019", "Operating Cash Flow": "0", "Financing Cash Flow": "0", "End Cash Position": "3", "Income Tax Paid Supplemental Data": "0", "Interest Paid Supplemental Data": "0", "Issuance of Debt": "-", "Free Cash Flow": "0"}, "6/30/2018": {"Duration": "6/30/2018", "Operating Cash Flow": "0", "Financing Cash Flow": "3", "End Cash Position": "3", "Income Tax Paid Supplemental Data": "0", "Interest Paid Supplemental Data": "0", "Issuance of Debt": "-", "Free Cash Flow": "0"}}}}, {"KCAP": {"fin": {}, "bs": {}, "cf": {}}}, {"LDHL": {"fin": {}, "bs": {}, "cf": {}}}, {"SPAG": {"fin": {}, "bs": {}, "cf": {}}}]