[{"AMRK": {"quote": {"03/26/2021": {"value": "36.94", "Market Cap": "358.421M", "Beta (5Y Monthly)": "-0.52", "PE Ratio (TTM)": "4.43", "EPS (TTM)": "8.33", "Earnings Date": "Feb 09, 2021", "Forward Dividend & Yield": "N/A (N/A)", "Ex-Dividend Date": "Nov 20, 2020", "1y Target Est": "53.00"}}, "fin": {"TTM": {"Duration": "TTM", "Total Revenue": "6,309,350", "Cost of Revenue": "6,203,952", "Gross Profit": "105,398", "Operating Expense": "39,655", "Operating Income": "65,743", "Net Non Operating Interest Income Expense": "-213", "Other Income Expense": "12,270", "Pretax Income": "77,800", "Tax Provision": "14,947", "Net Income Common Stockholders": "61,155", "Diluted NI Available to Com Stockholders": "61,155", "Basic EPS": "-", "Diluted EPS": "-", "Basic Average Shares": "-", "Diluted Average Shares": "-", "Total Expenses": "6,243,607", "Net Income from Continuing & Discontinued Operation": "61,155", "Normalized Income": "61,174", "Interest Income": "17,753", "Interest Expense": "17,966", "Net Interest Income": "-213", "EBIT": "95,766", "EBITDA": "98,338", "Reconciled Cost of Revenue": "6,203,952", "Reconciled Depreciation": "2,572", "Net Income from Continuing Operation Net Minority Interest": "61,155", "Total Unusual Items Excluding Goodwill": "-24", "Total Unusual Items": "-24", "Normalized EBITDA": "98,362", "Tax Rate for Calcs": "0", "Tax Effect of Unusual Items": "-4.6109"}, "6/30/2020": {"Duration": "6/30/2020", "Total Revenue": "5,461,094", "Cost of Revenue": "5,394,121", "Gross Profit": "66,973", "Operating Expense": "36,756", "Operating Income": "30,217", "Net Non Operating Interest Income Expense": "2,378", "Other Income Expense": "5,283", "Pretax Income": "37,878", "Tax Provision": "6,387", "Net Income Common Stockholders": "30,509", "Diluted NI Available to Com Stockholders": "30,509", "Basic EPS": "4.34", "Diluted EPS": "4.31", "Basic Average Shares": "7,032", "Diluted Average Shares": "7,081", "Total Expenses": "5,430,877", "Net Income from Continuing & Discontinued Operation": "30,509", "Normalized Income": "30,462", "Interest Income": "21,237", "Interest Expense": "18,859", "Net Interest Income": "2,378", "EBIT": "56,737", "EBITDA": "-", "Reconciled Cost of Revenue": "5,394,121", "Reconciled Depreciation": "2,900", "Net Income from Continuing Operation Net Minority Interest": "30,509", "Total Unusual Items Excluding Goodwill": "57", "Total Unusual Items": "57", "Normalized EBITDA": "59,580", "Tax Rate for Calcs": "0", "Tax Effect of Unusual Items": "9.633"}, "6/30/2019": {"Duration": "6/30/2019", "Total Revenue": "4,783,157", "Cost of Revenue": "4,751,199", "Gross Profit": "31,958", "Operating Expense": "32,502", "Operating Income": "-544", "Net Non Operating Interest Income Expense": "2,124", "Other Income Expense": "1,697", "Pretax Income": "3,277", "Tax Provision": "1,015", "Net Income Common Stockholders": "2,225", "Diluted NI Available to Com Stockholders": "2,225", "Basic EPS": "0.32", "Diluted EPS": "0.31", "Basic Average Shares": "7,031", "Diluted Average Shares": "7,085", "Total Expenses": "4,783,701", "Net Income from Continuing & Discontinued Operation": "2,225", "Normalized Income": "2,225", "Interest Income": "19,270", "Interest Expense": "17,146", "Net Interest Income": "2,124", "EBIT": "20,423", "EBITDA": "-", "Reconciled Cost of Revenue": "4,751,199", "Reconciled Depreciation": "2,807", "Net Income from Continuing Operation Net Minority Interest": "2,225", "Total Unusual Items Excluding Goodwill": "0", "Total Unusual Items": "0", "Normalized EBITDA": "23,230", "Tax Rate for Calcs": "0", "Tax Effect of Unusual Items": "0"}, "6/30/2018": {"Duration": "6/30/2018", "Total Revenue": "7,606,248", "Cost of Revenue": "7,576,805", "Gross Profit": "29,443", "Operating Expense": "33,398", "Operating Income": "-3,955", "Net Non Operating Interest Income Expense": "2,214", "Other Income Expense": "-1,670", "Pretax Income": "-3,411", "Tax Provision": "8", "Net Income Common Stockholders": "-3,397", "Diluted NI Available to Com Stockholders": "-3,397", "Basic EPS": "-0.48", "Diluted EPS": "-0.48", "Basic Average Shares": "7,031", "Diluted Average Shares": "7,031", "Total Expenses": "7,610,203", "Net Income from Continuing & Discontinued Operation": "-3,397", "Normalized Income": "-1,481", "Interest Income": "16,105", "Interest Expense": "13,891", "Net Interest Income": "2,214", "EBIT": "10,480", "EBITDA": "-", "Reconciled Cost of Revenue": "7,576,805", "Reconciled Depreciation": "2,626", "Net Income from Continuing Operation Net Minority Interest": "-3,397", "Total Unusual Items Excluding Goodwill": "-2,624", "Total Unusual Items": "-2,624", "Normalized EBITDA": "15,730", "Tax Rate for Calcs": "0", "Tax Effect of Unusual Items": "-708.48"}}, "bs": {"6/30/2020": {"Duration": "6/30/2020", "Total Assets": "758,035", "Total Liabilities Net Minority Interest": "653,141", "Total Equity Gross Minority Interest": "104,894", "Total Capitalization": "193,521", "Common Stock Equity": "101,004", "Capital Lease Obligations": "3,802", "Net Tangible Assets": "87,149", "Working Capital": "157,259", "Invested Capital": "328,521", "Tangible Book Value": "87,149", "Total Debt": "231,319", "Net Debt": "175,192", "Share Issued": "7,032", "Ordinary Shares Number": "7,032"}, "6/30/2019": {"Duration": "6/30/2019", "Total Assets": "705,362", "Total Liabilities Net Minority Interest": "632,796", "Total Equity Gross Minority Interest": "72,566", "Total Capitalization": "161,517", "Common Stock Equity": "69,658", "Capital Lease Obligations": "0", "Net Tangible Assets": "54,925", "Working Capital": "127,913", "Invested Capital": "328,517", "Tangible Book Value": "54,925", "Total Debt": "258,859", "Net Debt": "250,539", "Share Issued": "7,031", "Ordinary Shares Number": "7,031"}, "6/30/2018": {"Duration": "6/30/2018", "Total Assets": "743,001", "Total Liabilities Net Minority Interest": "673,893", "Total Equity Gross Minority Interest": "69,108", "Total Capitalization": "72,924", "Common Stock Equity": "65,698", "Capital Lease Obligations": "798", "Net Tangible Assets": "49,956", "Working Capital": "41,114", "Invested Capital": "272,924", "Tangible Book Value": "49,956", "Total Debt": "208,024", "Net Debt": "200,935", "Share Issued": "7,031", "Ordinary Shares Number": "7,031"}}, "cf": {"TTM": {"Duration": "TTM", "Operating Cash Flow": "-203,196", "Investing Cash Flow": "39,997", "Financing Cash Flow": "166,563", "End Cash Position": "14,922", "Income Tax Paid Supplemental Data": "11,958", "Interest Paid Supplemental Data": "15,855", "Capital Expenditure": "-1,318", "Issuance of Debt": "-", "Repayment of Debt": "-", "Free Cash Flow": "-204,514"}, "6/30/2020": {"Duration": "6/30/2020", "Operating Cash Flow": "47,935", "Investing Cash Flow": "48,774", "Financing Cash Flow": "-52,704", "End Cash Position": "52,325", "Income Tax Paid Supplemental Data": "447", "Interest Paid Supplemental Data": "18,160", "Capital Expenditure": "-986", "Issuance of Debt": "0", "Repayment of Debt": "0", "Free Cash Flow": "46,949"}, "6/30/2019": {"Duration": "6/30/2019", "Operating Cash Flow": "-14,533", "Investing Cash Flow": "-14,805", "Financing Cash Flow": "31,367", "End Cash Position": "8,320", "Income Tax Paid Supplemental Data": "177", "Interest Paid Supplemental Data": "15,509", "Capital Expenditure": "-490", "Issuance of Debt": "95,000", "Repayment of Debt": "-7,500", "Free Cash Flow": "-15,023"}, "6/30/2018": {"Duration": "6/30/2018", "Operating Cash Flow": "7,646", "Investing Cash Flow": "-17,832", "Financing Cash Flow": "3,418", "End Cash Position": "6,291", "Income Tax Paid Supplemental Data": "3,038", "Interest Paid Supplemental Data": "12,251", "Capital Expenditure": "-1,317", "Issuance of Debt": "7,500", "Repayment of Debt": "-500", "Free Cash Flow": "6,329"}}}}, {"GAHC": {"quote": {"03/26/2021": {"value": "0.0050", "Market Cap": "7.901M", "Beta (5Y Monthly)": "2.93", "PE Ratio (TTM)": "N/A", "EPS (TTM)": "-0.0020", "Earnings Date": "Nov 16, 2020", "Forward Dividend & Yield": "N/A (N/A)", "Ex-Dividend Date": "N/A", "1y Target Est": "N/A"}}, "fin": {"TTM": {"Duration": "TTM", "Total Revenue": "578.036", "Operating Expense": "1,956", "Operating Income": "-1,378", "Net Non Operating Interest Income Expense": "-953.649", "Other Income Expense": "-402.14", "Pretax Income": "-2,734", "Tax Provision": "0", "Net Income Common Stockholders": "-2,711", "Diluted NI Available to Com Stockholders": "-2,711", "Basic EPS": "-", "Diluted EPS": "-", "Basic Average Shares": "-", "Diluted Average Shares": "-", "Total Operating Income as Reported": "-1,378", "Rent Expense Supplemental": "-", "Total Expenses": "1,956", "Net Income from Continuing & Discontinued Operation": "-2,711", "Normalized Income": "-2,593", "Interest Expense": "953.649", "Net Interest Income": "-953.649", "EBIT": "-1,780", "EBITDA": "-1,780", "Net Income from Continuing Operation Net Minority Interest": "-2,711", "Total Unusual Items Excluding Goodwill": "-117.87", "Total Unusual Items": "-117.87", "Normalized EBITDA": "-1,662", "Tax Rate for Calcs": "0", "Tax Effect of Unusual Items": "0"}, "12/31/2019": {"Duration": "12/31/2019", "Total Revenue": "477.773", "Operating Expense": "1,582", "Operating Income": "-1,104", "Net Non Operating Interest Income Expense": "-1,079", "Other Income Expense": "242.688", "Pretax Income": "-1,940", "Tax Provision": "0", "Net Income Common Stockholders": "-1,940", "Diluted NI Available to Com Stockholders": "-1,940", "Basic EPS": "-0.00", "Diluted EPS": "-0.00", "Basic Average Shares": "963,600", "Diluted Average Shares": "963,600", "Total Operating Income as Reported": "-1,104", "Rent Expense Supplemental": "-", "Total Expenses": "1,582", "Net Income from Continuing & Discontinued Operation": "-1,940", "Normalized Income": "-2,182", "Interest Expense": "1,079", "Net Interest Income": "-1,079", "EBIT": "-861.069", "EBITDA": "-", "Net Income from Continuing Operation Net Minority Interest": "-1,940", "Total Unusual Items Excluding Goodwill": "242.688", "Total Unusual Items": "242.688", "Normalized EBITDA": "-1,104", "Tax Rate for Calcs": "0", "Tax Effect of Unusual Items": "0"}, "12/31/2018": {"Duration": "12/31/2018", "Total Revenue": "716.517", "Operating Expense": "1,592", "Operating Income": "-875.81", "Net Non Operating Interest Income Expense": "-4,164", "Other Income Expense": "12,959", "Pretax Income": "7,920", "Tax Provision": "0", "Net Income Common Stockholders": "7,920", "Diluted NI Available to Com Stockholders": "7,920", "Basic EPS": "0.01", "Diluted EPS": "0.01", "Basic Average Shares": "779,840", "Diluted Average Shares": "779,840", "Total Operating Income as Reported": "-875.81", "Rent Expense Supplemental": "-", "Total Expenses": "1,592", "Net Income from Continuing & Discontinued Operation": "7,920", "Normalized Income": "-4,871", "Interest Expense": "4,164", "Net Interest Income": "-4,164", "EBIT": "12,084", "EBITDA": "-", "Net Income from Continuing Operation Net Minority Interest": "7,920", "Total Unusual Items Excluding Goodwill": "12,791", "Total Unusual Items": "12,791", "Normalized EBITDA": "-707.463", "Tax Rate for Calcs": "0", "Tax Effect of Unusual Items": "0"}}, "bs": {"12/31/2019": {"Duration": "12/31/2019", "Total Assets": "563.652", "Total Liabilities Net Minority Interest": "8,015", "Total Equity Gross Minority Interest": "-7,451", "Total Capitalization": "-7,451", "Preferred Stock Equity": "0.06", "Common Stock Equity": "-7,451", "Net Tangible Assets": "-7,451", "Working Capital": "-7,997", "Invested Capital": "-2,582", "Tangible Book Value": "-7,451", "Total Debt": "4,870", "Net Debt": "4,852", "Share Issued": "985,540", "Ordinary Shares Number": "985,540"}, "12/31/2018": {"Duration": "12/31/2018", "Total Assets": "832.34", "Total Liabilities Net Minority Interest": "6,891", "Total Equity Gross Minority Interest": "-6,059", "Total Capitalization": "-6,059", "Preferred Stock Equity": "0.06", "Common Stock Equity": "-6,059", "Net Tangible Assets": "-6,059", "Working Capital": "-6,848", "Invested Capital": "-2,190", "Tangible Book Value": "-6,059", "Total Debt": "3,869", "Net Debt": "3,826", "Share Issued": "934,569", "Ordinary Shares Number": "934,569"}}, "cf": {"TTM": {"Duration": "TTM", "Operating Cash Flow": "-454.388", "Investing Cash Flow": "-45", "Financing Cash Flow": "516.5", "End Cash Position": "27.733", "Income Tax Paid Supplemental Data": "0", "Interest Paid Supplemental Data": "10.1", "Issuance of Capital Stock": "-", "Issuance of Debt": "594", "Repayment of Debt": "-77.5", "Free Cash Flow": "-454.388"}, "12/31/2019": {"Duration": "12/31/2019", "Operating Cash Flow": "-933.572", "Investing Cash Flow": "-45", "Financing Cash Flow": "952.5", "End Cash Position": "17.502", "Income Tax Paid Supplemental Data": "0", "Interest Paid Supplemental Data": "12.25", "Issuance of Capital Stock": "-", "Issuance of Debt": "1,028", "Repayment of Debt": "-75", "Free Cash Flow": "-933.572"}, "12/31/2018": {"Duration": "12/31/2018", "Operating Cash Flow": "-984.313", "Investing Cash Flow": "-79.5", "Financing Cash Flow": "1,087", "End Cash Position": "43.574", "Income Tax Paid Supplemental Data": "0", "Interest Paid Supplemental Data": "0", "Issuance of Capital Stock": "0", "Issuance of Debt": "1,109", "Repayment of Debt": "-22.5", "Free Cash Flow": "-984.313"}}}}, {"BGCP": {"quote": {"03/26/2021": {"value": "4.5100", "Market Cap": "1.667B", "Beta (5Y Monthly)": "2.20", "PE Ratio (TTM)": "34.96", "EPS (TTM)": "0.1290", "Earnings Date": "May 03, 2021 - May 07, 2021", "Forward Dividend & Yield": "0.04 (0.93%)", "Ex-Dividend Date": "Mar 15, 2021", "1y Target Est": "N/A"}}, "fin": {"TTM": {"Duration": "TTM", "Total Revenue": "1,920,737", "Non Interest Expense": "1,849,829", "Income from Associates & Other Participating Interests": "5,023", "Special Income Charges": "394", "Other Non Operating Income Expenses": "1,580", "Pretax Income": "77,905", "Tax Provision": "21,303", "Net Income Common Stockholders": "48,908", "Average Dilution Earnings": "21,522", "Diluted NI Available to Com Stockholders": "70,430", "Basic EPS": "-", "Diluted EPS": "-", "Basic Average Shares": "-", "Diluted Average Shares": "-", "INTEREST_INCOME_AFTER_PROVISION_FOR_LOAN_LOSS": "-64,275", "Net Income from Continuing & Discontinued Operation": "48,908", "Normalized Income": "48,622", "Reconciled Depreciation": "84,115", "Net Income from Continuing Operation Net Minority Interest": "48,908", "Total Unusual Items Excluding Goodwill": "394", "Total Unusual Items": "394", "Tax Rate for Calcs": "0", "Tax Effect of Unusual Items": "107.7387"}, "12/31/2020": {"Duration": "12/31/2020", "Total Revenue": "1,920,737", "Non Interest Expense": "1,849,829", "Income from Associates & Other Participating Interests": "5,023", "Special Income Charges": "394", "Other Non Operating Income Expenses": "1,580", "Pretax Income": "77,905", "Tax Provision": "21,303", "Net Income Common Stockholders": "48,908", "Average Dilution Earnings": "21,522", "Diluted NI Available to Com Stockholders": "70,430", "Basic EPS": "-", "Diluted EPS": "-", "Basic Average Shares": "-", "Diluted Average Shares": "-", "INTEREST_INCOME_AFTER_PROVISION_FOR_LOAN_LOSS": "-64,275", "Net Income from Continuing & Discontinued Operation": "48,908", "Normalized Income": "48,622", "Reconciled Depreciation": "84,115", "Net Income from Continuing Operation Net Minority Interest": "48,908", "Total Unusual Items Excluding Goodwill": "394", "Total Unusual Items": "394", "Tax Rate for Calcs": "0", "Tax Effect of Unusual Items": "107.7387"}, "12/31/2019": {"Duration": "12/31/2019", "Total Revenue": "1,981,537", "Non Interest Expense": "1,898,912", "Income from Associates & Other Participating Interests": "4,115", "Special Income Charges": "18,421", "Other Non Operating Income Expenses": "32,953", "Pretax Income": "138,114", "Tax Provision": "53,171", "Net Income Common Stockholders": "55,707", "Average Dilution Earnings": "27,824", "Diluted NI Available to Com Stockholders": "83,531", "Basic EPS": "0.16", "Diluted EPS": "0.16", "Basic Average Shares": "344,332", "Diluted Average Shares": "524,550", "INTEREST_INCOME_AFTER_PROVISION_FOR_LOAN_LOSS": "-40,758", "Net Income from Continuing & Discontinued Operation": "55,707", "Normalized Income": "44,378", "Reconciled Depreciation": "79,466", "Net Income from Continuing Operation Net Minority Interest": "55,707", "Total Unusual Items Excluding Goodwill": "18,421", "Total Unusual Items": "18,421", "Tax Rate for Calcs": "0", "Tax Effect of Unusual Items": "7,092"}, "12/31/2018": {"Duration": "12/31/2018", "Total Revenue": "1,834,186", "Non Interest Expense": "1,712,214", "Income from Associates & Other Participating Interests": "7,377", "Special Income Charges": "0", "Other Non Operating Income Expenses": "50,468", "Pretax Income": "179,817", "Tax Provision": "76,120", "Net Income Common Stockholders": "197,520", "Average Dilution Earnings": "-3,378", "Diluted NI Available to Com Stockholders": "194,142", "Basic EPS": "0.60", "Diluted EPS": "0.56", "Basic Average Shares": "322,141", "Diluted Average Shares": "486,700", "INTEREST_INCOME_AFTER_PROVISION_FOR_LOAN_LOSS": "-27,329", "Net Income from Continuing & Discontinued Operation": "197,520", "Normalized Income": "21,351", "Reconciled Depreciation": "71,495", "Net Income from Continuing Operation Net Minority Interest": "21,351", "Total Unusual Items Excluding Goodwill": "0", "Total Unusual Items": "0", "Tax Rate for Calcs": "0", "Tax Effect of Unusual Items": "0"}}, "bs": {"12/31/2020": {"Duration": "12/31/2020", "Total Assets": "3,949,300", "Total Liabilities Net Minority Interest": "3,141,071", "Total Equity Gross Minority Interest": "808,229", "Total Capitalization": "2,064,874", "Common Stock Equity": "748,939", "Capital Lease Obligations": "190,207", "Net Tangible Assets": "-94,429", "Invested Capital": "2,068,723", "Tangible Book Value": "-94,429", "Total Debt": "1,509,991", "Net Debt": "709,783", "Share Issued": "419,429", "Ordinary Shares Number": "368,902", "Treasury Shares Number": "50,527"}, "12/31/2019": {"Duration": "12/31/2019", "Total Assets": "3,916,120", "Total Liabilities Net Minority Interest": "3,172,383", "Total Equity Gross Minority Interest": "743,737", "Total Capitalization": "1,759,565", "Common Stock Equity": "685,826", "Capital Lease Obligations": "187,398", "Net Tangible Assets": "-171,143", "Invested Capital": "1,833,475", "Tangible Book Value": "-171,143", "Total Debt": "1,335,047", "Net Debt": "716,550", "Share Issued": "404,324", "Ordinary Shares Number": "353,799", "Treasury Shares Number": "50,525"}, "12/31/2018": {"Duration": "12/31/2018", "Total Assets": "3,432,757", "Total Liabilities Net Minority Interest": "2,569,583", "Total Equity Gross Minority Interest": "863,174", "Total Capitalization": "1,531,921", "Common Stock Equity": "768,373", "Capital Lease Obligations": "-", "Net Tangible Assets": "-35,052", "Invested Capital": "1,537,083", "Tangible Book Value": "-35,052", "Total Debt": "768,710", "Net Debt": "415,430", "Share Issued": "387,629", "Ordinary Shares Number": "337,359", "Treasury Shares Number": "50,270"}}, "cf": {"TTM": {"Duration": "TTM", "Operating Cash Flow": "304,263", "Investing Cash Flow": "-77,592", "Financing Cash Flow": "-13,101", "End Cash Position": "850,677", "Income Tax Paid Supplemental Data": "41,910", "Interest Paid Supplemental Data": "69,572", "Capital Expenditure": "-84,826", "Issuance of Capital Stock": "0", "Issuance of Debt": "524,396", "Repayment of Debt": "-357,789", "Repurchase of Capital Stock": "-6", "Free Cash Flow": "219,437"}, "12/31/2020": {"Duration": "12/31/2020", "Operating Cash Flow": "304,263", "Investing Cash Flow": "-77,592", "Financing Cash Flow": "-13,101", "End Cash Position": "850,677", "Income Tax Paid Supplemental Data": "41,910", "Interest Paid Supplemental Data": "69,572", "Capital Expenditure": "-84,826", "Issuance of Capital Stock": "0", "Issuance of Debt": "524,396", "Repayment of Debt": "-357,789", "Repurchase of Capital Stock": "-6", "Free Cash Flow": "219,437"}, "12/31/2019": {"Duration": "12/31/2019", "Operating Cash Flow": "239,062", "Investing Cash Flow": "-40,602", "Financing Cash Flow": "18,246", "End Cash Position": "636,114", "Income Tax Paid Supplemental Data": "-", "Interest Paid Supplemental Data": "51,776", "Capital Expenditure": "-95,511", "Issuance of Capital Stock": "0", "Issuance of Debt": "709,849", "Repayment of Debt": "-332,378", "Repurchase of Capital Stock": "-1,236", "Free Cash Flow": "143,551"}, "12/31/2018": {"Duration": "12/31/2018", "Operating Cash Flow": "-815,576", "Investing Cash Flow": "27,583", "Financing Cash Flow": "418,819", "End Cash Position": "416,778", "Income Tax Paid Supplemental Data": "-", "Interest Paid Supplemental Data": "41,951", "Capital Expenditure": "-74,341", "Issuance of Capital Stock": "327,624", "Issuance of Debt": "639,196", "Repayment of Debt": "-449,598", "Repurchase of Capital Stock": "-10,439", "Free Cash Flow": "-889,917"}}}}, {"IBKR": {"quote": {"03/26/2021": {"value": "73.00", "Market Cap": "30.426B", "Beta (5Y Monthly)": "0.74", "PE Ratio (TTM)": "45.37", "EPS (TTM)": "1.61", "Earnings Date": "Apr 19, 2021 - Apr 23, 2021", "Forward Dividend & Yield": "0.40 (0.54%)", "Ex-Dividend Date": "Feb 26, 2021", "1y Target Est": "78.64"}}, "fin": {"TTM": {"Duration": "TTM", "Total Revenue": "1,925,000", "Credit Losses Provision": "-13,000", "Non Interest Expense": "656,000", "Special Income Charges": "-", "Pretax Income": "1,256,000", "Tax Provision": "77,000", "Net Income Common Stockholders": "195,000", "Diluted NI Available to Com Stockholders": "195,000", "Basic EPS": "-", "Diluted EPS": "-", "Basic Average Shares": "-", "Diluted Average Shares": "-", "INTEREST_INCOME_AFTER_PROVISION_FOR_LOAN_LOSS": "859,000", "Net Income from Continuing & Discontinued Operation": "195,000", "Normalized Income": "195,000", "Reconciled Depreciation": "62,000", "Net Income from Continuing Operation Net Minority Interest": "195,000", "Total Unusual Items Excluding Goodwill": "-", "Total Unusual Items": "-", "Tax Rate for Calcs": "0", "Tax Effect of Unusual Items": "0"}, "12/31/2020": {"Duration": "12/31/2020", "Total Revenue": "1,925,000", "Credit Losses Provision": "-13,000", "Non Interest Expense": "656,000", "Special Income Charges": "-", "Pretax Income": "1,256,000", "Tax Provision": "77,000", "Net Income Common Stockholders": "195,000", "Diluted NI Available to Com Stockholders": "195,000", "Basic EPS": "-", "Diluted EPS": "-", "Basic Average Shares": "-", "Diluted Average Shares": "-", "INTEREST_INCOME_AFTER_PROVISION_FOR_LOAN_LOSS": "859,000", "Net Income from Continuing & Discontinued Operation": "195,000", "Normalized Income": "195,000", "Reconciled Depreciation": "62,000", "Net Income from Continuing Operation Net Minority Interest": "195,000", "Total Unusual Items Excluding Goodwill": "-", "Total Unusual Items": "-", "Tax Rate for Calcs": "0", "Tax Effect of Unusual Items": "0"}, "12/31/2019": {"Duration": "12/31/2019", "Total Revenue": "1,686,000", "Credit Losses Provision": "-44,000", "Non Interest Expense": "485,000", "Special Income Charges": "-44,000", "Pretax Income": "1,157,000", "Tax Provision": "68,000", "Net Income Common Stockholders": "161,000", "Diluted NI Available to Com Stockholders": "161,000", "Basic EPS": "2.11", "Diluted EPS": "2.10", "Basic Average Shares": "415,421", "Diluted Average Shares": "415,421", "INTEREST_INCOME_AFTER_PROVISION_FOR_LOAN_LOSS": "1,039,000", "Net Income from Continuing & Discontinued Operation": "161,000", "Normalized Income": "161,000", "Reconciled Depreciation": "52,000", "Net Income from Continuing Operation Net Minority Interest": "161,000", "Total Unusual Items Excluding Goodwill": "-44,000", "Total Unusual Items": "-44,000", "Tax Rate for Calcs": "0", "Tax Effect of Unusual Items": "0"}, "12/31/2018": {"Duration": "12/31/2018", "Total Revenue": "1,634,000", "Credit Losses Provision": "-4,000", "Non Interest Expense": "434,000", "Special Income Charges": "-4,000", "Pretax Income": "1,196,000", "Tax Provision": "71,000", "Net Income Common Stockholders": "169,000", "Diluted NI Available to Com Stockholders": "169,000", "Basic EPS": "2.30", "Diluted EPS": "2.28", "Basic Average Shares": "413,793", "Diluted Average Shares": "413,793", "INTEREST_INCOME_AFTER_PROVISION_FOR_LOAN_LOSS": "925,000", "Net Income from Continuing & Discontinued Operation": "169,000", "Normalized Income": "169,000", "Reconciled Depreciation": "26,000", "Net Income from Continuing Operation Net Minority Interest": "169,000", "Total Unusual Items Excluding Goodwill": "-4,000", "Total Unusual Items": "-4,000", "Tax Rate for Calcs": "0", "Tax Effect of Unusual Items": "0"}}, "bs": {"12/31/2020": {"Duration": "12/31/2020", "Total Assets": "95,679,000", "Total Liabilities Net Minority Interest": "86,676,000", "Total Equity Gross Minority Interest": "9,003,000", "Common Stock Equity": "1,951,000", "Net Tangible Assets": "1,914,000", "Invested Capital": "2,069,000", "Tangible Book Value": "1,914,000", "Total Debt": "118,000", "Share Issued": "416,870", "Ordinary Shares Number": "416,733", "Treasury Shares Number": "136.784"}, "12/31/2019": {"Duration": "12/31/2019", "Total Assets": "71,676,000", "Total Liabilities Net Minority Interest": "63,736,000", "Total Equity Gross Minority Interest": "7,940,000", "Common Stock Equity": "1,452,000", "Net Tangible Assets": "1,418,000", "Invested Capital": "1,468,000", "Tangible Book Value": "1,418,000", "Total Debt": "16,000", "Share Issued": "415,560", "Ordinary Shares Number": "415,421", "Treasury Shares Number": "138.93"}, "12/31/2018": {"Duration": "12/31/2018", "Total Assets": "60,547,000", "Total Liabilities Net Minority Interest": "53,391,000", "Total Equity Gross Minority Interest": "7,156,000", "Common Stock Equity": "1,282,000", "Net Tangible Assets": "1,249,000", "Invested Capital": "1,299,000", "Tangible Book Value": "1,249,000", "Total Debt": "17,000", "Share Issued": "413,922", "Ordinary Shares Number": "413,793", "Treasury Shares Number": "129.448"}}, "cf": {"TTM": {"Duration": "TTM", "Operating Cash Flow": "8,068,000", "Investing Cash Flow": "-50,000", "Financing Cash Flow": "-229,000", "End Cash Position": "20,195,000", "Income Tax Paid Supplemental Data": "64,000", "Interest Paid Supplemental Data": "284,000", "Capital Expenditure": "-50,000", "Issuance of Capital Stock": "18,000", "Issuance of Debt": "122,000", "Repayment of Debt": "-20,000", "Repurchase of Capital Stock": "-17,000", "Free Cash Flow": "8,018,000"}, "12/31/2020": {"Duration": "12/31/2020", "Operating Cash Flow": "8,068,000", "Investing Cash Flow": "-50,000", "Financing Cash Flow": "-229,000", "End Cash Position": "20,195,000", "Income Tax Paid Supplemental Data": "64,000", "Interest Paid Supplemental Data": "284,000", "Capital Expenditure": "-50,000", "Issuance of Capital Stock": "18,000", "Issuance of Debt": "122,000", "Repayment of Debt": "-20,000", "Repurchase of Capital Stock": "-17,000", "Free Cash Flow": "8,018,000"}, "12/31/2019": {"Duration": "12/31/2019", "Operating Cash Flow": "2,666,000", "Investing Cash Flow": "-89,000", "Financing Cash Flow": "-419,000", "End Cash Position": "12,282,000", "Income Tax Paid Supplemental Data": "51,000", "Interest Paid Supplemental Data": "654,000", "Capital Expenditure": "-74,000", "Issuance of Capital Stock": "26,000", "Issuance of Debt": "-", "Repayment of Debt": "-", "Repurchase of Capital Stock": "-27,000", "Free Cash Flow": "2,592,000"}, "12/31/2018": {"Duration": "12/31/2018", "Operating Cash Flow": "2,356,000", "Investing Cash Flow": "-57,000", "Financing Cash Flow": "-399,000", "End Cash Position": "10,100,000", "Income Tax Paid Supplemental Data": "50,000", "Interest Paid Supplemental Data": "444,000", "Capital Expenditure": "-36,000", "Issuance of Capital Stock": "40,000", "Issuance of Debt": "-", "Repayment of Debt": "-", "Repurchase of Capital Stock": "-45,000", "Free Cash Flow": "2,320,000"}}}}, {"CME": {"quote": {"03/26/2021": {"value": "208.44", "Market Cap": "74.842B", "Beta (5Y Monthly)": "0.48", "PE Ratio (TTM)": "35.51", "EPS (TTM)": "5.87", "Earnings Date": "Apr 28, 2021", "Forward Dividend & Yield": "3.60 (1.75%)", "Ex-Dividend Date": "Mar 09, 2021", "1y Target Est": "200.89"}}, "fin": {"TTM": {"Duration": "TTM", "Total Revenue": "4,883,600", "Cost of Revenue": "856,500", "Gross Profit": "4,027,100", "Operating Expense": "1,389,700", "Operating Income": "2,637,400", "Net Non Operating Interest Income Expense": "-166,200", "Other Income Expense": "250,900", "Pretax Income": "2,722,100", "Tax Provision": "615,700", "Net Income Common Stockholders": "2,105,200", "Diluted NI Available to Com Stockholders": "2,105,200", "Basic EPS": "-", "Diluted EPS": "-", "Basic Average Shares": "-", "Diluted Average Shares": "-", "Total Operating Income as Reported": "2,637,400", "Rent Expense Supplemental": "-", "Total Expenses": "2,246,200", "Net Income from Continuing & Discontinued Operation": "2,105,200", "Normalized Income": "1,963,790", "Interest Expense": "166,200", "Net Interest Income": "-166,200", "EBIT": "2,888,300", "EBITDA": "3,352,700", "Reconciled Cost of Revenue": "856,500", "Reconciled Depreciation": "464,400", "Net Income from Continuing Operation Net Minority Interest": "2,105,200", "Total Unusual Items Excluding Goodwill": "182,700", "Total Unusual Items": "182,700", "Normalized EBITDA": "3,170,000", "Tax Rate for Calcs": "0", "Tax Effect of Unusual Items": "41,290"}, "12/31/2020": {"Duration": "12/31/2020", "Total Revenue": "4,883,600", "Cost of Revenue": "856,500", "Gross Profit": "4,027,100", "Operating Expense": "1,389,700", "Operating Income": "2,637,400", "Net Non Operating Interest Income Expense": "-166,200", "Other Income Expense": "250,900", "Pretax Income": "2,722,100", "Tax Provision": "615,700", "Net Income Common Stockholders": "2,105,200", "Diluted NI Available to Com Stockholders": "2,105,200", "Basic EPS": "-", "Diluted EPS": "-", "Basic Average Shares": "-", "Diluted Average Shares": "-", "Total Operating Income as Reported": "2,637,400", "Rent Expense Supplemental": "-", "Total Expenses": "2,246,200", "Net Income from Continuing & Discontinued Operation": "2,105,200", "Normalized Income": "1,963,790", "Interest Expense": "166,200", "Net Interest Income": "-166,200", "EBIT": "2,888,300", "EBITDA": "-", "Reconciled Cost of Revenue": "856,500", "Reconciled Depreciation": "464,400", "Net Income from Continuing Operation Net Minority Interest": "2,105,200", "Total Unusual Items Excluding Goodwill": "182,700", "Total Unusual Items": "182,700", "Normalized EBITDA": "3,170,000", "Tax Rate for Calcs": "0", "Tax Effect of Unusual Items": "41,290"}, "12/31/2019": {"Duration": "12/31/2019", "Total Revenue": "4,868,000", "Cost of Revenue": "898,700", "Gross Profit": "3,969,300", "Operating Expense": "1,381,500", "Operating Income": "2,587,800", "Net Non Operating Interest Income Expense": "-178,000", "Other Income Expense": "279,800", "Pretax Income": "2,689,600", "Tax Provision": "573,800", "Net Income Common Stockholders": "2,116,500", "Diluted NI Available to Com Stockholders": "2,116,500", "Basic EPS": "5.93", "Diluted EPS": "5.91", "Basic Average Shares": "357,155", "Diluted Average Shares": "358,239", "Total Operating Income as Reported": "2,587,800", "Rent Expense Supplemental": "-", "Total Expenses": "2,280,200", "Net Income from Continuing & Discontinued Operation": "2,116,500", "Normalized Income": "1,614,473", "Interest Expense": "178,000", "Net Interest Income": "-178,000", "EBIT": "2,867,600", "EBITDA": "-", "Reconciled Cost of Revenue": "898,700", "Reconciled Depreciation": "473,300", "Net Income from Continuing Operation Net Minority Interest": "2,116,500", "Total Unusual Items Excluding Goodwill": "637,900", "Total Unusual Items": "637,900", "Normalized EBITDA": "2,703,000", "Tax Rate for Calcs": "0", "Tax Effect of Unusual Items": "135,873"}, "12/31/2018": {"Duration": "12/31/2018", "Total Revenue": "4,309,400", "Cost of Revenue": "672,200", "Gross Profit": "3,637,200", "Operating Expense": "1,029,600", "Operating Income": "2,607,600", "Net Non Operating Interest Income Expense": "-157,700", "Other Income Expense": "327,900", "Pretax Income": "2,777,800", "Tax Provision": "814,100", "Net Income Common Stockholders": "1,962,200", "Diluted NI Available to Com Stockholders": "1,962,200", "Basic EPS": "5.73", "Diluted EPS": "5.71", "Basic Average Shares": "342,344", "Diluted Average Shares": "343,737", "Total Operating Income as Reported": "2,607,600", "Rent Expense Supplemental": "-", "Total Expenses": "1,701,800", "Net Income from Continuing & Discontinued Operation": "1,962,200", "Normalized Income": "1,435,414", "Interest Expense": "157,700", "Net Interest Income": "-157,700", "EBIT": "2,935,500", "EBITDA": "-", "Reconciled Cost of Revenue": "672,200", "Reconciled Depreciation": "248,700", "Net Income from Continuing Operation Net Minority Interest": "1,962,200", "Total Unusual Items Excluding Goodwill": "745,100", "Total Unusual Items": "745,100", "Normalized EBITDA": "2,439,100", "Tax Rate for Calcs": "0", "Tax Effect of Unusual Items": "218,314"}}, "bs": {"12/31/2020": {"Duration": "12/31/2020", "Total Assets": "124,659,600", "Total Liabilities Net Minority Interest": "98,308,100", "Total Equity Gross Minority Interest": "26,351,500", "Total Capitalization": "29,763,700", "Common Stock Equity": "26,319,900", "Net Tangible Assets": "-6,519,500", "Working Capital": "1,086,000", "Invested Capital": "29,763,700", "Tangible Book Value": "-6,519,500", "Total Debt": "3,443,800", "Net Debt": "1,810,600", "Share Issued": "358,113", "Ordinary Shares Number": "358,113"}, "12/31/2019": {"Duration": "12/31/2019", "Total Assets": "75,215,300", "Total Liabilities Net Minority Interest": "49,056,000", "Total Equity Gross Minority Interest": "26,159,300", "Total Capitalization": "29,872,100", "Common Stock Equity": "26,128,900", "Net Tangible Assets": "-6,906,600", "Working Capital": "1,045,300", "Invested Capital": "29,872,100", "Tangible Book Value": "-6,906,600", "Total Debt": "3,743,200", "Net Debt": "2,191,800", "Share Issued": "357,472", "Ordinary Shares Number": "357,472"}, "12/31/2018": {"Duration": "12/31/2018", "Total Assets": "77,475,700", "Total Liabilities Net Minority Interest": "51,510,400", "Total Equity Gross Minority Interest": "25,965,300", "Total Capitalization": "29,745,300", "Common Stock Equity": "25,918,500", "Net Tangible Assets": "-7,562,200", "Working Capital": "614,100", "Invested Capital": "30,319,500", "Tangible Book Value": "-7,562,200", "Total Debt": "4,401,000", "Net Debt": "3,026,500", "Share Issued": "356,827", "Ordinary Shares Number": "356,827"}}, "cf": {"TTM": {"Duration": "TTM", "Operating Cash Flow": "2,715,600", "Investing Cash Flow": "-175,500", "Financing Cash Flow": "-2,458,200", "End Cash Position": "1,638,500", "Income Tax Paid Supplemental Data": "652,700", "Interest Paid Supplemental Data": "133,300", "Capital Expenditure": "-197,500", "Issuance of Debt": "-", "Repayment of Debt": "-", "Free Cash Flow": "2,518,100"}, "12/31/2020": {"Duration": "12/31/2020", "Operating Cash Flow": "2,715,600", "Investing Cash Flow": "-175,500", "Financing Cash Flow": "-2,458,200", "End Cash Position": "1,638,500", "Income Tax Paid Supplemental Data": "652,700", "Interest Paid Supplemental Data": "133,300", "Capital Expenditure": "-197,500", "Issuance of Debt": "-", "Repayment of Debt": "-", "Free Cash Flow": "2,518,100"}, "12/31/2019": {"Duration": "12/31/2019", "Operating Cash Flow": "2,672,800", "Investing Cash Flow": "-152,600", "Financing Cash Flow": "-2,340,800", "End Cash Position": "1,556,600", "Income Tax Paid Supplemental Data": "591,200", "Interest Paid Supplemental Data": "146,300", "Capital Expenditure": "-245,600", "Issuance of Debt": "-", "Repayment of Debt": "-661,700", "Free Cash Flow": "2,427,200"}, "12/31/2018": {"Duration": "12/31/2018", "Operating Cash Flow": "2,440,800", "Investing Cash Flow": "-1,889,600", "Financing Cash Flow": "-1,080,000", "End Cash Position": "1,377,200", "Income Tax Paid Supplemental Data": "577,400", "Interest Paid Supplemental Data": "108,300", "Capital Expenditure": "-116,700", "Issuance of Debt": "1,571,900", "Repayment of Debt": "-452,500", "Free Cash Flow": "2,324,100"}}}}, {"SCHW": {"quote": {"03/26/2021": {"value": "65.71", "Market Cap": "123.689B", "Beta (5Y Monthly)": "1.09", "PE Ratio (TTM)": "31.00", "EPS (TTM)": "2.12", "Earnings Date": "Apr 13, 2021 - Apr 19, 2021", "Forward Dividend & Yield": "0.72 (1.10%)", "Ex-Dividend Date": "Feb 11, 2021", "1y Target Est": "66.39"}}, "fin": {"TTM": {"Duration": "TTM", "Total Revenue": "11,691,000", "Credit Losses Provision": "-", "Non Interest Expense": "7,391,000", "Pretax Income": "4,300,000", "Tax Provision": "1,001,000", "Net Income Common Stockholders": "3,043,000", "Diluted NI Available to Com Stockholders": "3,043,000", "Basic EPS": "-", "Diluted EPS": "-", "Basic Average Shares": "-", "Diluted Average Shares": "-", "INTEREST_INCOME_AFTER_PROVISION_FOR_LOAN_LOSS": "6,113,000", "Net Income from Continuing & Discontinued Operation": "3,299,000", "Normalized Income": "3,299,000", "Total Money Market Investments": "334,000", "Reconciled Depreciation": "604,000", "Net Income from Continuing Operation Net Minority Interest": "3,299,000", "Tax Rate for Calcs": "0", "Tax Effect of Unusual Items": "0"}, "12/31/2020": {"Duration": "12/31/2020", "Total Revenue": "11,691,000", "Credit Losses Provision": "-", "Non Interest Expense": "7,391,000", "Pretax Income": "4,300,000", "Tax Provision": "1,001,000", "Net Income Common Stockholders": "3,043,000", "Diluted NI Available to Com Stockholders": "3,043,000", "Basic EPS": "-", "Diluted EPS": "-", "Basic Average Shares": "-", "Diluted Average Shares": "-", "INTEREST_INCOME_AFTER_PROVISION_FOR_LOAN_LOSS": "6,113,000", "Net Income from Continuing & Discontinued Operation": "3,299,000", "Normalized Income": "3,299,000", "Total Money Market Investments": "334,000", "Reconciled Depreciation": "604,000", "Net Income from Continuing Operation Net Minority Interest": "3,299,000", "Tax Rate for Calcs": "0", "Tax Effect of Unusual Items": "0"}, "12/31/2019": {"Duration": "12/31/2019", "Total Revenue": "10,721,000", "Credit Losses Provision": "-", "Non Interest Expense": "5,873,000", "Pretax Income": "4,848,000", "Tax Provision": "1,144,000", "Net Income Common Stockholders": "3,526,000", "Diluted NI Available to Com Stockholders": "3,526,000", "Basic EPS": "2.69", "Diluted EPS": "2.67", "Basic Average Shares": "1,311,000", "Diluted Average Shares": "1,320,000", "INTEREST_INCOME_AFTER_PROVISION_FOR_LOAN_LOSS": "6,516,000", "Net Income from Continuing & Discontinued Operation": "3,704,000", "Normalized Income": "3,704,000", "Total Money Market Investments": "-", "Reconciled Depreciation": "349,000", "Net Income from Continuing Operation Net Minority Interest": "3,704,000", "Tax Rate for Calcs": "0", "Tax Effect of Unusual Items": "0"}, "12/31/2018": {"Duration": "12/31/2018", "Total Revenue": "10,132,000", "Credit Losses Provision": "-", "Non Interest Expense": "5,570,000", "Pretax Income": "4,562,000", "Tax Provision": "1,055,000", "Net Income Common Stockholders": "3,329,000", "Diluted NI Available to Com Stockholders": "3,329,000", "Basic EPS": "2.47", "Diluted EPS": "2.45", "Basic Average Shares": "1,348,000", "Diluted Average Shares": "1,361,000", "INTEREST_INCOME_AFTER_PROVISION_FOR_LOAN_LOSS": "5,823,000", "Net Income from Continuing & Discontinued Operation": "3,507,000", "Normalized Income": "3,507,000", "Total Money Market Investments": "-", "Reconciled Depreciation": "306,000", "Net Income from Continuing Operation Net Minority Interest": "3,507,000", "Tax Rate for Calcs": "0", "Tax Effect of Unusual Items": "0"}}, "bs": {"12/31/2020": {"Duration": "12/31/2020", "Total Assets": "549,009,000", "Total Liabilities Net Minority Interest": "492,949,000", "Total Equity Gross Minority Interest": "56,060,000", "Total Capitalization": "69,692,000", "Preferred Stock Equity": "7,733,000", "Common Stock Equity": "48,327,000", "Capital Lease Obligations": "-", "Net Tangible Assets": "34,117,000", "Invested Capital": "61,959,000", "Tangible Book Value": "26,384,000", "Total Debt": "13,632,000", "Net Debt": "-", "Share Issued": "2,074,189", "Ordinary Shares Number": "1,880,611", "Preferred Shares Number": "0.75", "Treasury Shares Number": "193,578"}, "12/31/2019": {"Duration": "12/31/2019", "Total Assets": "294,005,000", "Total Liabilities Net Minority Interest": "272,260,000", "Total Equity Gross Minority Interest": "21,745,000", "Total Capitalization": "29,175,000", "Preferred Stock Equity": "2,793,000", "Common Stock Equity": "18,952,000", "Capital Lease Obligations": "-", "Net Tangible Assets": "20,390,000", "Invested Capital": "26,382,000", "Tangible Book Value": "17,597,000", "Total Debt": "7,430,000", "Net Debt": "-", "Share Issued": "1,487,543", "Ordinary Shares Number": "1,285,725", "Preferred Shares Number": "54,000", "Treasury Shares Number": "201,818"}, "12/31/2018": {"Duration": "12/31/2018", "Total Assets": "296,482,000", "Total Liabilities Net Minority Interest": "275,812,000", "Total Equity Gross Minority Interest": "20,670,000", "Total Capitalization": "27,496,000", "Preferred Stock Equity": "2,793,000", "Common Stock Equity": "17,877,000", "Capital Lease Obligations": "52,000", "Net Tangible Assets": "19,291,000", "Invested Capital": "24,703,000", "Tangible Book Value": "16,498,000", "Total Debt": "6,878,000", "Net Debt": "-", "Share Issued": "1,487,543", "Ordinary Shares Number": "1,332,427", "Preferred Shares Number": "54,000", "Treasury Shares Number": "155,117"}}, "cf": {"TTM": {"Duration": "TTM", "Operating Cash Flow": "6,852,000", "Investing Cash Flow": "-125,851,000", "Financing Cash Flow": "143,982,000", "End Cash Position": "70,560,000", "Income Tax Paid Supplemental Data": "803,000", "Interest Paid Supplemental Data": "434,000", "Capital Expenditure": "-631,000", "Issuance of Capital Stock": "4,940,000", "Issuance of Debt": "3,070,000", "Repayment of Debt": "-700,000", "Repurchase of Capital Stock": "0", "Free Cash Flow": "6,221,000"}, "12/31/2020": {"Duration": "12/31/2020", "Operating Cash Flow": "6,852,000", "Investing Cash Flow": "-125,851,000", "Financing Cash Flow": "143,982,000", "End Cash Position": "70,560,000", "Income Tax Paid Supplemental Data": "803,000", "Interest Paid Supplemental Data": "434,000", "Capital Expenditure": "-631,000", "Issuance of Capital Stock": "4,940,000", "Issuance of Debt": "3,070,000", "Repayment of Debt": "-700,000", "Repurchase of Capital Stock": "0", "Free Cash Flow": "6,221,000"}, "12/31/2019": {"Duration": "12/31/2019", "Operating Cash Flow": "9,325,000", "Investing Cash Flow": "11,964,000", "Financing Cash Flow": "-13,939,000", "End Cash Position": "45,577,000", "Income Tax Paid Supplemental Data": "1,199,000", "Interest Paid Supplemental Data": "1,075,000", "Capital Expenditure": "-708,000", "Issuance of Capital Stock": "0", "Issuance of Debt": "593,000", "Repayment of Debt": "0", "Repurchase of Capital Stock": "-2,220,000", "Free Cash Flow": "8,617,000"}, "12/31/2018": {"Duration": "12/31/2018", "Operating Cash Flow": "12,456,000", "Investing Cash Flow": "-40,555,000", "Financing Cash Flow": "47,166,000", "End Cash Position": "38,227,000", "Income Tax Paid Supplemental Data": "927,000", "Interest Paid Supplemental Data": "798,000", "Capital Expenditure": "-570,000", "Issuance of Capital Stock": "0", "Issuance of Debt": "3,024,000", "Repayment of Debt": "-909,000", "Repurchase of Capital Stock": "-1,000,000", "Free Cash Flow": "11,886,000"}}}}, {"LUK": {"quote": {"03/26/2021": {"value": "", "Net Assets": "N/A", "Beta (5Y Monthly)": "N/A", "Yield": "N/A", "5y Average Return": "N/A", "Holdings Turnover": "N/A", "Last Dividend": "N/A", "Average for Category": "N/A", "Inception Date": "N/A"}}, "fin": {}, "bs": {}, "cf": {}}}, {"COWN": {"quote": {"03/26/2021": {"value": "34.34", "Market Cap": "915.954M", "Beta (5Y Monthly)": "1.47", "PE Ratio (TTM)": "4.84", "EPS (TTM)": "7.10", "Earnings Date": "Apr 27, 2021 - May 03, 2021", "Forward Dividend & Yield": "0.32 (0.94%)", "Ex-Dividend Date": "Feb 26, 2021", "1y Target Est": "49.00"}}, "fin": {"TTM": {"Duration": "TTM", "Total Revenue": "1,623,304", "Cost of Revenue": "1,053,665", "Gross Profit": "569,639", "Operating Expense": "426,422", "Operating Income": "143,217", "Other Income Expense": "154,220", "Pretax Income": "297,437", "Tax Provision": "90,373", "Net Income Common Stockholders": "209,571", "Diluted NI Available to Com Stockholders": "209,571", "Basic EPS": "-", "Diluted EPS": "-", "Basic Average Shares": "-", "Diluted Average Shares": "-", "Rent Expense Supplemental": "36,559", "Total Expenses": "1,480,087", "Net Income from Continuing & Discontinued Operation": "216,363", "Normalized Income": "92,031", "EBIT": "143,217", "EBITDA": "165,894", "Reconciled Cost of Revenue": "1,053,665", "Reconciled Depreciation": "22,677", "Net Income from Continuing Operation Net Minority Interest": "216,363", "Total Unusual Items Excluding Goodwill": "178,596", "Total Unusual Items": "178,596", "Normalized EBITDA": "-12,702", "Tax Rate for Calcs": "0", "Tax Effect of Unusual Items": "54,264"}, "12/31/2020": {"Duration": "12/31/2020", "Total Revenue": "1,623,304", "Cost of Revenue": "1,259,081", "Gross Profit": "364,223", "Operating Expense": "187,811", "Operating Income": "176,412", "Other Income Expense": "121,025", "Pretax Income": "297,437", "Tax Provision": "90,373", "Net Income Common Stockholders": "209,571", "Diluted NI Available to Com Stockholders": "209,571", "Basic EPS": "-", "Diluted EPS": "-", "Basic Average Shares": "-", "Diluted Average Shares": "-", "Rent Expense Supplemental": "36,559", "Total Expenses": "1,446,892", "Net Income from Continuing & Discontinued Operation": "216,363", "Normalized Income": "109,026", "EBIT": "176,412", "EBITDA": "-", "Reconciled Cost of Revenue": "1,259,081", "Reconciled Depreciation": "22,677", "Net Income from Continuing Operation Net Minority Interest": "216,363", "Total Unusual Items Excluding Goodwill": "154,220", "Total Unusual Items": "154,220", "Normalized EBITDA": "44,869", "Tax Rate for Calcs": "0", "Tax Effect of Unusual Items": "46,883"}, "12/31/2019": {"Duration": "12/31/2019", "Total Revenue": "1,049,443", "Cost of Revenue": "903,317", "Gross Profit": "146,126", "Operating Expense": "186,961", "Operating Income": "-40,835", "Other Income Expense": "111,558", "Pretax Income": "70,723", "Tax Provision": "14,853", "Net Income Common Stockholders": "17,839", "Diluted NI Available to Com Stockholders": "17,839", "Basic EPS": "0.60", "Diluted EPS": "0.57", "Basic Average Shares": "29,525", "Diluted Average Shares": "31,286", "Rent Expense Supplemental": "39,726", "Total Expenses": "1,090,278", "Net Income from Continuing & Discontinued Operation": "24,631", "Normalized Income": "-81,760", "EBIT": "-40,835", "EBITDA": "-", "Reconciled Cost of Revenue": "903,317", "Reconciled Depreciation": "20,460", "Net Income from Continuing Operation Net Minority Interest": "24,631", "Total Unusual Items Excluding Goodwill": "134,672", "Total Unusual Items": "134,672", "Normalized EBITDA": "-155,047", "Tax Rate for Calcs": "0", "Tax Effect of Unusual Items": "28,281"}, "12/31/2018": {"Duration": "12/31/2018", "Total Revenue": "966,916", "Cost of Revenue": "801,888", "Gross Profit": "165,028", "Operating Expense": "167,820", "Operating Income": "-2,792", "Other Income Expense": "101,728", "Pretax Income": "98,936", "Tax Provision": "15,719", "Net Income Common Stockholders": "36,027", "Diluted NI Available to Com Stockholders": "36,027", "Basic EPS": "1.22", "Diluted EPS": "1.17", "Basic Average Shares": "29,545", "Diluted Average Shares": "30,735", "Rent Expense Supplemental": "41,602", "Total Expenses": "969,708", "Net Income from Continuing & Discontinued Operation": "42,819", "Normalized Income": "-61,248", "EBIT": "-2,792", "EBITDA": "-", "Reconciled Cost of Revenue": "801,888", "Reconciled Depreciation": "12,436", "Net Income from Continuing Operation Net Minority Interest": "42,819", "Total Unusual Items Excluding Goodwill": "123,742", "Total Unusual Items": "123,742", "Normalized EBITDA": "-114,098", "Tax Rate for Calcs": "0", "Tax Effect of Unusual Items": "19,675"}}, "bs": {"12/31/2020": {"Duration": "12/31/2020", "Total Assets": "7,828,199", "Total Liabilities Net Minority Interest": "6,659,078", "Total Equity Gross Minority Interest": "1,169,121", "Total Capitalization": "3,909,786", "Preferred Stock Equity": "1", "Common Stock Equity": "969,496", "Capital Lease Obligations": "82,735", "Net Tangible Assets": "798,010", "Working Capital": "295,716", "Invested Capital": "3,909,785", "Tangible Book Value": "798,009", "Total Debt": "3,023,024", "Net Debt": "2,294,703", "Share Issued": "49,465", "Ordinary Shares Number": "26,846", "Preferred Shares Number": "120.75", "Treasury Shares Number": "22,620"}, "12/31/2019": {"Duration": "12/31/2019", "Total Assets": "5,162,025", "Total Liabilities Net Minority Interest": "4,257,850", "Total Equity Gross Minority Interest": "904,175", "Total Capitalization": "2,875,860", "Preferred Stock Equity": "1", "Common Stock Equity": "809,854", "Capital Lease Obligations": "97,581", "Net Tangible Assets": "636,927", "Working Capital": "453,843", "Invested Capital": "2,875,859", "Tangible Book Value": "636,926", "Total Debt": "2,163,586", "Net Debt": "1,734,008", "Share Issued": "47,216", "Ordinary Shares Number": "28,610", "Preferred Shares Number": "120.75", "Treasury Shares Number": "18,606"}, "12/31/2018": {"Duration": "12/31/2018", "Total Assets": "3,346,303", "Total Liabilities Net Minority Interest": "2,551,896", "Total Equity Gross Minority Interest": "794,407", "Total Capitalization": "1,606,713", "Preferred Stock Equity": "1", "Common Stock Equity": "794,406", "Capital Lease Obligations": "-", "Net Tangible Assets": "708,786", "Working Capital": "431,316", "Invested Capital": "1,606,712", "Tangible Book Value": "708,785", "Total Debt": "812,306", "Net Debt": "515,040", "Share Issued": "43,775", "Ordinary Shares Number": "28,438", "Preferred Shares Number": "120.75", "Treasury Shares Number": "15,337"}}, "cf": {"TTM": {"Duration": "TTM", "Operating Cash Flow": "521,279", "Investing Cash Flow": "-20,822", "Financing Cash Flow": "25,582", "End Cash Position": "941,053", "Income Tax Paid Supplemental Data": "4,783", "Interest Paid Supplemental Data": "153,653", "Capital Expenditure": "-10,721", "Issuance of Debt": "159,821", "Repayment of Debt": "-191,313", "Repurchase of Capital Stock": "-47,314", "Free Cash Flow": "510,558"}, "12/31/2020": {"Duration": "12/31/2020", "Operating Cash Flow": "521,279", "Investing Cash Flow": "-20,822", "Financing Cash Flow": "25,582", "End Cash Position": "941,053", "Income Tax Paid Supplemental Data": "4,783", "Interest Paid Supplemental Data": "153,653", "Capital Expenditure": "-10,721", "Issuance of Debt": "159,821", "Repayment of Debt": "-191,313", "Repurchase of Capital Stock": "-47,314", "Free Cash Flow": "510,558"}, "12/31/2019": {"Duration": "12/31/2019", "Operating Cash Flow": "-179,910", "Investing Cash Flow": "-47,627", "Financing Cash Flow": "200,438", "End Cash Position": "415,014", "Income Tax Paid Supplemental Data": "4,310", "Interest Paid Supplemental Data": "145,877", "Capital Expenditure": "-14,882", "Issuance of Debt": "87,365", "Repayment of Debt": "-31,123", "Repurchase of Capital Stock": "-15,217", "Free Cash Flow": "-194,792"}, "12/31/2018": {"Duration": "12/31/2018", "Operating Cash Flow": "324,536", "Investing Cash Flow": "-17,882", "Financing Cash Flow": "-128,749", "End Cash Position": "442,113", "Income Tax Paid Supplemental Data": "3,881", "Interest Paid Supplemental Data": "90,843", "Capital Expenditure": "-8,586", "Issuance of Debt": "102,382", "Repayment of Debt": "-30,101", "Repurchase of Capital Stock": "-31,762", "Free Cash Flow": "315,950"}}}}, {"LPLA": {"quote": {"03/26/2021": {"value": "141.71", "Market Cap": "11.323B", "Beta (5Y Monthly)": "1.32", "PE Ratio (TTM)": "24.18", "EPS (TTM)": "5.86", "Earnings Date": "Apr 28, 2021 - May 03, 2021", "Forward Dividend & Yield": "1.00 (0.72%)", "Ex-Dividend Date": "Mar 15, 2021", "1y Target Est": "148.82"}}, "fin": {"TTM": {"Duration": "TTM", "Total Revenue": "1,997,543", "Non Interest Expense": "1,371,470", "Special Income Charges": "0", "Pretax Income": "626,073", "Tax Provision": "153,433", "Net Income Common Stockholders": "472,640", "Diluted NI Available to Com Stockholders": "472,640", "Basic EPS": "-", "Diluted EPS": "-", "Basic Average Shares": "-", "Diluted Average Shares": "-", "INTEREST_INCOME_AFTER_PROVISION_FOR_LOAN_LOSS": "-76,353", "Net Income from Continuing & Discontinued Operation": "472,640", "Normalized Income": "472,640", "Reconciled Depreciation": "177,090", "Net Income from Continuing Operation Net Minority Interest": "472,640", "Total Unusual Items Excluding Goodwill": "0", "Total Unusual Items": "0", "Tax Rate for Calcs": "0", "Tax Effect of Unusual Items": "0"}, "12/31/2020": {"Duration": "12/31/2020", "Total Revenue": "1,997,543", "Non Interest Expense": "1,371,470", "Special Income Charges": "0", "Pretax Income": "626,073", "Tax Provision": "153,433", "Net Income Common Stockholders": "472,640", "Diluted NI Available to Com Stockholders": "472,640", "Basic EPS": "-", "Diluted EPS": "-", "Basic Average Shares": "-", "Diluted Average Shares": "-", "INTEREST_INCOME_AFTER_PROVISION_FOR_LOAN_LOSS": "-76,353", "Net Income from Continuing & Discontinued Operation": "472,640", "Normalized Income": "472,640", "Reconciled Depreciation": "177,090", "Net Income from Continuing Operation Net Minority Interest": "472,640", "Total Unusual Items Excluding Goodwill": "0", "Total Unusual Items": "0", "Tax Rate for Calcs": "0", "Tax Effect of Unusual Items": "0"}, "12/31/2019": {"Duration": "12/31/2019", "Total Revenue": "2,042,224", "Non Interest Expense": "1,297,233", "Special Income Charges": "-3,156", "Pretax Income": "741,835", "Tax Provision": "181,955", "Net Income Common Stockholders": "559,880", "Diluted NI Available to Com Stockholders": "559,880", "Basic EPS": "6.78", "Diluted EPS": "6.62", "Basic Average Shares": "82,552", "Diluted Average Shares": "84,624", "INTEREST_INCOME_AFTER_PROVISION_FOR_LOAN_LOSS": "-83,493", "Net Income from Continuing & Discontinued Operation": "559,880", "Normalized Income": "562,263", "Reconciled Depreciation": "161,113", "Net Income from Continuing Operation Net Minority Interest": "559,880", "Total Unusual Items Excluding Goodwill": "-3,156", "Total Unusual Items": "-3,156", "Tax Rate for Calcs": "0", "Tax Effect of Unusual Items": "-773.22"}, "12/31/2018": {"Duration": "12/31/2018", "Total Revenue": "1,822,647", "Non Interest Expense": "1,230,010", "Special Income Charges": "0", "Pretax Income": "592,637", "Tax Provision": "153,178", "Net Income Common Stockholders": "439,459", "Diluted NI Available to Com Stockholders": "439,459", "Basic EPS": "4.99", "Diluted EPS": "4.85", "Basic Average Shares": "88,119", "Diluted Average Shares": "90,619", "INTEREST_INCOME_AFTER_PROVISION_FOR_LOAN_LOSS": "-84,813", "Net Income from Continuing & Discontinued Operation": "439,459", "Normalized Income": "439,459", "Reconciled Depreciation": "147,908", "Net Income from Continuing Operation Net Minority Interest": "439,459", "Total Unusual Items Excluding Goodwill": "0", "Total Unusual Items": "0", "Tax Rate for Calcs": "0", "Tax Effect of Unusual Items": "0"}}, "bs": {"12/31/2020": {"Duration": "12/31/2020", "Total Assets": "6,523,571", "Total Liabilities Net Minority Interest": "5,208,717", "Total Equity Gross Minority Interest": "1,314,854", "Total Capitalization": "3,660,268", "Common Stock Equity": "1,314,854", "Capital Lease Obligations": "246,801", "Net Tangible Assets": "-596,498", "Invested Capital": "3,660,268", "Tangible Book Value": "-596,498", "Total Debt": "2,592,215", "Net Debt": "1,536,802", "Share Issued": "127,586", "Ordinary Shares Number": "79,471", "Treasury Shares Number": "48,115"}, "12/31/2019": {"Duration": "12/31/2019", "Total Assets": "5,880,238", "Total Liabilities Net Minority Interest": "4,856,365", "Total Equity Gross Minority Interest": "1,023,873", "Total Capitalization": "3,377,691", "Common Stock Equity": "1,023,873", "Capital Lease Obligations": "250,492", "Net Tangible Assets": "-919,613", "Invested Capital": "3,422,691", "Tangible Book Value": "-919,613", "Total Debt": "2,649,310", "Net Debt": "1,808,609", "Share Issued": "126,494", "Ordinary Shares Number": "80,234", "Treasury Shares Number": "46,260"}, "12/31/2018": {"Duration": "12/31/2018", "Total Assets": "5,477,468", "Total Liabilities Net Minority Interest": "4,503,395", "Total Equity Gross Minority Interest": "974,073", "Total Capitalization": "3,345,881", "Common Stock Equity": "974,073", "Capital Lease Obligations": "104,564", "Net Tangible Assets": "-1,000,345", "Invested Capital": "3,345,881", "Tangible Book Value": "-1,000,345", "Total Debt": "2,476,372", "Net Debt": "1,860,712", "Share Issued": "124,910", "Ordinary Shares Number": "85,089", "Treasury Shares Number": "39,821"}}, "cf": {"TTM": {"Duration": "TTM", "Operating Cash Flow": "789,941", "Investing Cash Flow": "-187,499", "Financing Cash Flow": "-275,186", "End Cash Position": "1,799,034", "Income Tax Paid Supplemental Data": "169,237", "Interest Paid Supplemental Data": "106,879", "Capital Expenditure": "-155,532", "Issuance of Debt": "1,806,000", "Repayment of Debt": "-1,862,869", "Repurchase of Capital Stock": "-150,036", "Free Cash Flow": "634,409"}, "12/31/2020": {"Duration": "12/31/2020", "Operating Cash Flow": "789,941", "Investing Cash Flow": "-187,499", "Financing Cash Flow": "-275,186", "End Cash Position": "1,799,034", "Income Tax Paid Supplemental Data": "169,237", "Interest Paid Supplemental Data": "106,879", "Capital Expenditure": "-155,532", "Issuance of Debt": "1,806,000", "Repayment of Debt": "-1,862,869", "Repurchase of Capital Stock": "-150,036", "Free Cash Flow": "634,409"}, "12/31/2019": {"Duration": "12/31/2019", "Operating Cash Flow": "623,871", "Investing Cash Flow": "-180,987", "Financing Cash Flow": "-533,225", "End Cash Position": "1,471,778", "Income Tax Paid Supplemental Data": "213,339", "Interest Paid Supplemental Data": "126,949", "Capital Expenditure": "-156,389", "Issuance of Debt": "923,000", "Repayment of Debt": "-889,942", "Repurchase of Capital Stock": "-500,370", "Free Cash Flow": "467,482"}, "12/31/2018": {"Duration": "12/31/2018", "Operating Cash Flow": "581,580", "Investing Cash Flow": "-161,753", "Financing Cash Flow": "-483,363", "End Cash Position": "1,562,119", "Income Tax Paid Supplemental Data": "122,215", "Interest Paid Supplemental Data": "123,623", "Capital Expenditure": "-160,616", "Issuance of Debt": "0", "Repayment of Debt": "-23,807", "Repurchase of Capital Stock": "-417,891", "Free Cash Flow": "420,964"}}}}, {"VIRT": {"quote": {"03/26/2021": {"value": "30.28", "Market Cap": "5.826B", "Beta (5Y Monthly)": "-0.30", "PE Ratio (TTM)": "5.87", "EPS (TTM)": "5.16", "Earnings Date": "May 04, 2021", "Forward Dividend & Yield": "0.96 (3.22%)", "Ex-Dividend Date": "Feb 26, 2021", "1y Target Est": "29.80"}}, "fin": {"TTM": {"Duration": "TTM", "Total Revenue": "3,239,331", "Cost of Revenue": "1,491,778", "Gross Profit": "1,747,553", "Operating Expense": "238,494", "Operating Income": "1,509,059", "Net Non Operating Interest Income Expense": "-116,614", "Other Income Expense": "-9,608", "Pretax Income": "1,382,837", "Tax Provision": "261,924", "Net Income Common Stockholders": "631,814", "Diluted NI Available to Com Stockholders": "631,814", "Basic EPS": "-", "Diluted EPS": "-", "Basic Average Shares": "-", "Diluted Average Shares": "-", "Total Expenses": "1,730,272", "Net Income from Continuing & Discontinued Operation": "649,197", "Normalized Income": "656,989", "Interest Expense": "87,735", "Net Interest Income": "-116,614", "EBIT": "1,470,572", "EBITDA": "1,611,567", "Reconciled Cost of Revenue": "1,491,778", "Reconciled Depreciation": "140,995", "Net Income from Continuing Operation Net Minority Interest": "649,197", "Total Unusual Items Excluding Goodwill": "-9,608", "Total Unusual Items": "-9,608", "Normalized EBITDA": "1,621,175", "Tax Rate for Calcs": "0", "Tax Effect of Unusual Items": "-1,816"}, "12/31/2020": {"Duration": "12/31/2020", "Total Revenue": "3,239,331", "Cost of Revenue": "1,491,778", "Gross Profit": "1,747,553", "Operating Expense": "238,494", "Operating Income": "1,509,059", "Net Non Operating Interest Income Expense": "-116,614", "Other Income Expense": "-9,608", "Pretax Income": "1,382,837", "Tax Provision": "261,924", "Net Income Common Stockholders": "631,814", "Diluted NI Available to Com Stockholders": "631,814", "Basic EPS": "-", "Diluted EPS": "-", "Basic Average Shares": "-", "Diluted Average Shares": "-", "Total Expenses": "1,730,272", "Net Income from Continuing & Discontinued Operation": "649,197", "Normalized Income": "656,989", "Interest Expense": "87,735", "Net Interest Income": "-116,614", "EBIT": "1,470,572", "EBITDA": "-", "Reconciled Cost of Revenue": "1,491,778", "Reconciled Depreciation": "140,995", "Net Income from Continuing Operation Net Minority Interest": "649,197", "Total Unusual Items Excluding Goodwill": "-9,608", "Total Unusual Items": "-9,608", "Normalized EBITDA": "1,621,175", "Tax Rate for Calcs": "0", "Tax Effect of Unusual Items": "-1,816"}, "12/31/2019": {"Duration": "12/31/2019", "Total Revenue": "1,530,082", "Cost of Revenue": "1,035,913", "Gross Profit": "494,169", "Operating Expense": "380,708", "Operating Income": "113,461", "Net Non Operating Interest Income Expense": "-162,991", "Other Income Expense": "-66,452", "Pretax Income": "-115,982", "Tax Provision": "-12,277", "Net Income Common Stockholders": "-60,521", "Diluted NI Available to Com Stockholders": "-60,521", "Basic EPS": "-0.53", "Diluted EPS": "-0.53", "Basic Average Shares": "113,918", "Diluted Average Shares": "113,918", "Total Expenses": "1,416,621", "Net Income from Continuing & Discontinued Operation": "-58,595", "Normalized Income": "813.088", "Interest Expense": "121,859", "Net Interest Income": "-162,991", "EBIT": "5,877", "EBITDA": "-", "Reconciled Cost of Revenue": "1,035,913", "Reconciled Depreciation": "136,239", "Net Income from Continuing Operation Net Minority Interest": "-58,595", "Total Unusual Items Excluding Goodwill": "-66,452", "Total Unusual Items": "-66,452", "Normalized EBITDA": "208,568", "Tax Rate for Calcs": "0", "Tax Effect of Unusual Items": "-7,044"}, "12/31/2018": {"Duration": "12/31/2018", "Total Revenue": "1,878,718", "Cost of Revenue": "835,269", "Gross Profit": "1,043,449", "Operating Expense": "240,178", "Operating Income": "803,271", "Net Non Operating Interest Income Expense": "-83,551", "Other Income Expense": "-23,357", "Pretax Income": "696,363", "Tax Provision": "76,171", "Net Income Common Stockholders": "284,023", "Diluted NI Available to Com Stockholders": "284,023", "Basic EPS": "2.82", "Diluted EPS": "2.78", "Basic Average Shares": "100,876", "Diluted Average Shares": "102,089", "Total Expenses": "1,075,447", "Net Income from Continuing & Discontinued Operation": "289,441", "Normalized Income": "310,252", "Interest Expense": "71,800", "Net Interest Income": "-83,551", "EBIT": "768,163", "EBITDA": "-", "Reconciled Cost of Revenue": "835,269", "Reconciled Depreciation": "87,277", "Net Income from Continuing Operation Net Minority Interest": "289,441", "Total Unusual Items Excluding Goodwill": "-23,357", "Total Unusual Items": "-23,357", "Normalized EBITDA": "878,797", "Tax Rate for Calcs": "0", "Tax Effect of Unusual Items": "-2,546"}}, "bs": {"12/31/2020": {"Duration": "12/31/2020", "Total Assets": "9,965,798", "Total Liabilities Net Minority Interest": "8,110,760", "Total Equity Gross Minority Interest": "1,855,038", "Total Capitalization": "4,056,076", "Common Stock Equity": "1,468,540", "Capital Lease Obligations": "315,340", "Net Tangible Assets": "-134,885", "Working Capital": "621,313", "Invested Capital": "4,581,997", "Tangible Book Value": "-134,885", "Total Debt": "3,428,797", "Net Debt": "2,223,898", "Share Issued": "195,946", "Ordinary Shares Number": "192,331", "Treasury Shares Number": "3,615"}, "12/31/2019": {"Duration": "12/31/2019", "Total Assets": "9,609,370", "Total Liabilities Net Minority Interest": "8,380,434", "Total Equity Gross Minority Interest": "1,228,936", "Total Capitalization": "4,449,339", "Common Stock Equity": "931,374", "Capital Lease Obligations": "365,364", "Net Tangible Assets": "-747,190", "Working Capital": "196,248", "Invested Capital": "4,863,567", "Tangible Book Value": "-747,190", "Total Debt": "4,297,557", "Net Debt": "3,200,029", "Share Issued": "193,415", "Ordinary Shares Number": "191,236", "Treasury Shares Number": "2,179"}, "12/31/2018": {"Duration": "12/31/2018", "Total Assets": "7,380,978", "Total Liabilities Net Minority Interest": "5,886,279", "Total Equity Gross Minority Interest": "1,494,699", "Total Capitalization": "3,088,972", "Common Stock Equity": "1,051,896", "Capital Lease Obligations": "-", "Net Tangible Assets": "131,324", "Working Capital": "463,688", "Invested Capital": "3,385,961", "Tangible Book Value": "131,324", "Total Debt": "2,334,065", "Net Debt": "1,598,018", "Share Issued": "191,797", "Ordinary Shares Number": "189,618", "Treasury Shares Number": "2,179"}}, "cf": {"TTM": {"Duration": "TTM", "Operating Cash Flow": "1,060,884", "Investing Cash Flow": "-2,559", "Financing Cash Flow": "-839,918", "End Cash Position": "1,007,005", "Income Tax Paid Supplemental Data": "248,532", "Interest Paid Supplemental Data": "173,645", "Capital Expenditure": "-60,359", "Issuance of Capital Stock": "-", "Issuance of Debt": "0", "Repayment of Debt": "-288,500", "Repurchase of Capital Stock": "-49,864", "Free Cash Flow": "1,000,525"}, "12/31/2020": {"Duration": "12/31/2020", "Operating Cash Flow": "1,060,884", "Investing Cash Flow": "-2,559", "Financing Cash Flow": "-839,918", "End Cash Position": "1,007,005", "Income Tax Paid Supplemental Data": "248,532", "Interest Paid Supplemental Data": "173,645", "Capital Expenditure": "-60,359", "Issuance of Capital Stock": "-", "Issuance of Debt": "0", "Repayment of Debt": "-288,500", "Repurchase of Capital Stock": "-49,864", "Free Cash Flow": "1,000,525"}, "12/31/2019": {"Duration": "12/31/2019", "Operating Cash Flow": "168,771", "Investing Cash Flow": "-899,643", "Financing Cash Flow": "769,580", "End Cash Position": "773,280", "Income Tax Paid Supplemental Data": "12,273", "Interest Paid Supplemental Data": "205,433", "Capital Expenditure": "-57,812", "Issuance of Capital Stock": "0", "Issuance of Debt": "1,492,500", "Repayment of Debt": "-500,000", "Repurchase of Capital Stock": "-16,449", "Free Cash Flow": "110,959"}, "12/31/2018": {"Duration": "12/31/2018", "Operating Cash Flow": "714,595", "Investing Cash Flow": "329,174", "Financing Cash Flow": "-835,482", "End Cash Position": "736,047", "Income Tax Paid Supplemental Data": "93,991", "Interest Paid Supplemental Data": "139,412", "Capital Expenditure": "-47,949", "Issuance of Capital Stock": "0", "Issuance of Debt": "0", "Repayment of Debt": "-500,000", "Repurchase of Capital Stock": "-75,384", "Free Cash Flow": "666,646"}}}}, {"IFMI": {"quote": {"03/26/2021": {"value": "", "Net Assets": "N/A", "Beta (5Y Monthly)": "N/A", "Yield": "N/A", "5y Average Return": "N/A", "Holdings Turnover": "N/A", "Last Dividend": "N/A", "Average for Category": "N/A", "Inception Date": "N/A"}}, "fin": {}, "bs": {}, "cf": {}}}, {"CAPP": {"quote": {"03/26/2021": {"value": "0.0800", "Market Cap": "29.504M", "Beta (5Y Monthly)": "-0.56", "PE Ratio (TTM)": "N/A", "EPS (TTM)": "-0.0240", "Earnings Date": "N/A", "Forward Dividend & Yield": "N/A (N/A)", "Ex-Dividend Date": "N/A", "1y Target Est": "N/A"}}, "fin": {}, "bs": {}, "cf": {}}}, {"GS": {"quote": {"03/26/2021": {"value": "327.39", "Market Cap": "111.383B", "Beta (5Y Monthly)": "1.48", "PE Ratio (TTM)": "13.23", "EPS (TTM)": "24.74", "Earnings Date": "Apr 14, 2021", "Forward Dividend & Yield": "5.00 (1.51%)", "Ex-Dividend Date": "Mar 01, 2021", "1y Target Est": "350.48"}}, "fin": {"TTM": {"Duration": "TTM", "Total Revenue": "44,560,000", "Credit Losses Provision": "-3,098,000", "Non Interest Expense": "28,983,000", "Pretax Income": "12,479,000", "Tax Provision": "3,020,000", "Net Income Common Stockholders": "8,915,000", "Diluted NI Available to Com Stockholders": "8,915,000", "Basic EPS": "-", "Diluted EPS": "-", "Basic Average Shares": "-", "Diluted Average Shares": "-", "INTEREST_INCOME_AFTER_PROVISION_FOR_LOAN_LOSS": "1,653,000", "Net Income from Continuing & Discontinued Operation": "9,459,000", "Normalized Income": "9,459,000", "Total Money Market Investments": "245,000", "Reconciled Depreciation": "1,902,000", "Net Income from Continuing Operation Net Minority Interest": "9,459,000", "Tax Rate for Calcs": "0", "Tax Effect of Unusual Items": "0"}, "12/31/2020": {"Duration": "12/31/2020", "Total Revenue": "44,560,000", "Credit Losses Provision": "-3,098,000", "Non Interest Expense": "28,983,000", "Pretax Income": "12,479,000", "Tax Provision": "3,020,000", "Net Income Common Stockholders": "8,915,000", "Diluted NI Available to Com Stockholders": "8,915,000", "Basic EPS": "-", "Diluted EPS": "-", "Basic Average Shares": "-", "Diluted Average Shares": "-", "INTEREST_INCOME_AFTER_PROVISION_FOR_LOAN_LOSS": "1,653,000", "Net Income from Continuing & Discontinued Operation": "9,459,000", "Normalized Income": "9,459,000", "Total Money Market Investments": "245,000", "Reconciled Depreciation": "1,902,000", "Net Income from Continuing Operation Net Minority Interest": "9,459,000", "Tax Rate for Calcs": "0", "Tax Effect of Unusual Items": "0"}, "12/31/2019": {"Duration": "12/31/2019", "Total Revenue": "33,294,000", "Credit Losses Provision": "-1,065,000", "Non Interest Expense": "21,646,000", "Pretax Income": "10,583,000", "Tax Provision": "2,117,000", "Net Income Common Stockholders": "7,897,000", "Diluted NI Available to Com Stockholders": "7,897,000", "Basic EPS": "21.18", "Diluted EPS": "21.03", "Basic Average Shares": "371,600", "Diluted Average Shares": "375,500", "INTEREST_INCOME_AFTER_PROVISION_FOR_LOAN_LOSS": "3,297,000", "Net Income from Continuing & Discontinued Operation": "8,466,000", "Normalized Income": "8,466,000", "Total Money Market Investments": "1,211,000", "Reconciled Depreciation": "1,704,000", "Net Income from Continuing Operation Net Minority Interest": "8,466,000", "Tax Rate for Calcs": "0", "Tax Effect of Unusual Items": "0"}, "12/31/2018": {"Duration": "12/31/2018", "Total Revenue": "33,416,000", "Credit Losses Provision": "-674,000", "Non Interest Expense": "20,261,000", "Pretax Income": "12,481,000", "Tax Provision": "2,022,000", "Net Income Common Stockholders": "9,860,000", "Diluted NI Available to Com Stockholders": "9,860,000", "Basic EPS": "25.53", "Diluted EPS": "25.27", "Basic Average Shares": "385,400", "Diluted Average Shares": "390,200", "INTEREST_INCOME_AFTER_PROVISION_FOR_LOAN_LOSS": "3,093,000", "Net Income from Continuing & Discontinued Operation": "10,459,000", "Normalized Income": "10,459,000", "Total Money Market Investments": "1,418,000", "Reconciled Depreciation": "1,328,000", "Net Income from Continuing Operation Net Minority Interest": "10,459,000", "Tax Rate for Calcs": "0", "Tax Effect of Unusual Items": "0"}}, "bs": {"12/31/2020": {"Duration": "12/31/2020", "Total Assets": "1,163,028,000", "Total Liabilities Net Minority Interest": "1,067,096,000", "Total Equity Gross Minority Interest": "95,932,000", "Total Capitalization": "321,950,000", "Preferred Stock Equity": "11,203,000", "Common Stock Equity": "84,729,000", "Capital Lease Obligations": "2,283,000", "Net Tangible Assets": "90,970,000", "Invested Capital": "376,835,000", "Tangible Book Value": "79,767,000", "Total Debt": "294,389,000", "Net Debt": "136,264,000", "Share Issued": "901,692", "Ordinary Shares Number": "344,089", "Preferred Shares Number": "266,998", "Treasury Shares Number": "557,603"}, "12/31/2019": {"Duration": "12/31/2019", "Total Assets": "992,968,000", "Total Liabilities Net Minority Interest": "902,703,000", "Total Equity Gross Minority Interest": "90,265,000", "Total Capitalization": "309,294,000", "Preferred Stock Equity": "11,203,000", "Common Stock Equity": "79,062,000", "Capital Lease Obligations": "2,385,000", "Net Tangible Assets": "85,428,000", "Invested Capital": "353,702,000", "Tangible Book Value": "74,225,000", "Total Debt": "277,025,000", "Net Debt": "141,094,000", "Share Issued": "896,783", "Ordinary Shares Number": "347,343", "Preferred Shares Number": "188,998", "Treasury Shares Number": "549,439"}, "12/31/2018": {"Duration": "12/31/2018", "Total Assets": "931,796,000", "Total Liabilities Net Minority Interest": "841,611,000", "Total Equity Gross Minority Interest": "90,185,000", "Total Capitalization": "326,212,000", "Preferred Stock Equity": "11,203,000", "Common Stock Equity": "78,982,000", "Capital Lease Obligations": "-", "Net Tangible Assets": "86,103,000", "Invested Capital": "365,066,000", "Tangible Book Value": "74,900,000", "Total Debt": "286,084,000", "Net Debt": "155,537,000", "Share Issued": "891,356", "Ordinary Shares Number": "367,742", "Preferred Shares Number": "194,998", "Treasury Shares Number": "523,614"}}, "cf": {"TTM": {"Duration": "TTM", "Operating Cash Flow": "-13,728,000", "Investing Cash Flow": "-34,356,000", "Financing Cash Flow": "70,380,000", "End Cash Position": "155,842,000", "Income Tax Paid Supplemental Data": "2,754,000", "Interest Paid Supplemental Data": "9,091,000", "Capital Expenditure": "-6,309,000", "Issuance of Capital Stock": "349,000", "Issuance of Debt": "55,323,000", "Repayment of Debt": "-59,188,000", "Repurchase of Capital Stock": "-2,278,000", "Free Cash Flow": "-20,037,000"}, "12/31/2020": {"Duration": "12/31/2020", "Operating Cash Flow": "-13,728,000", "Investing Cash Flow": "-34,356,000", "Financing Cash Flow": "70,380,000", "End Cash Position": "155,842,000", "Income Tax Paid Supplemental Data": "2,754,000", "Interest Paid Supplemental Data": "9,091,000", "Capital Expenditure": "-6,309,000", "Issuance of Capital Stock": "349,000", "Issuance of Debt": "55,323,000", "Repayment of Debt": "-59,188,000", "Repurchase of Capital Stock": "-2,278,000", "Free Cash Flow": "-20,037,000"}, "12/31/2019": {"Duration": "12/31/2019", "Operating Cash Flow": "23,868,000", "Investing Cash Flow": "-24,236,000", "Financing Cash Flow": "3,367,000", "End Cash Position": "133,546,000", "Income Tax Paid Supplemental Data": "1,266,000", "Interest Paid Supplemental Data": "18,645,000", "Capital Expenditure": "-8,443,000", "Issuance of Capital Stock": "1,098,000", "Issuance of Debt": "29,638,000", "Repayment of Debt": "-51,610,000", "Repurchase of Capital Stock": "-6,435,000", "Free Cash Flow": "15,425,000"}, "12/31/2018": {"Duration": "12/31/2018", "Operating Cash Flow": "20,421,000", "Investing Cash Flow": "-22,677,000", "Financing Cash Flow": "22,752,000", "End Cash Position": "130,547,000", "Income Tax Paid Supplemental Data": "1,270,000", "Interest Paid Supplemental Data": "16,720,000", "Capital Expenditure": "-7,982,000", "Issuance of Capital Stock": "38,000", "Issuance of Debt": "50,923,000", "Repayment of Debt": "-46,725,000", "Repurchase of Capital Stock": "-3,979,000", "Free Cash Flow": "12,439,000"}}}}, {"JMP": {"quote": {"03/26/2021": {"value": "5.85", "Market Cap": "115.771M", "Beta (5Y Monthly)": "0.96", "PE Ratio (TTM)": "N/A", "EPS (TTM)": "-0.24", "Earnings Date": "Apr 27, 2021 - May 03, 2021", "Forward Dividend & Yield": "N/A (N/A)", "Ex-Dividend Date": "Nov 14, 2019", "1y Target Est": "7.50"}}, "fin": {"TTM": {"Duration": "TTM", "Total Revenue": "112,304", "Credit Losses Provision": "-112", "Non Interest Expense": "120,964", "Special Income Charges": "697", "Pretax Income": "-8,075", "Tax Provision": "-3,284", "Net Income Common Stockholders": "-4,697", "Diluted NI Available to Com Stockholders": "-4,697", "Basic EPS": "-", "Diluted EPS": "-", "Basic Average Shares": "-", "Diluted Average Shares": "-", "INTEREST_INCOME_AFTER_PROVISION_FOR_LOAN_LOSS": "1,565", "Net Income from Continuing & Discontinued Operation": "-4,697", "Normalized Income": "-5,206", "Reconciled Depreciation": "1,500", "Net Income from Continuing Operation Net Minority Interest": "-4,697", "Total Unusual Items Excluding Goodwill": "697", "Total Unusual Items": "697", "Tax Rate for Calcs": "0", "Tax Effect of Unusual Items": "188.19"}, "12/31/2020": {"Duration": "12/31/2020", "Total Revenue": "112,304", "Credit Losses Provision": "-112", "Non Interest Expense": "120,964", "Special Income Charges": "697", "Pretax Income": "-8,075", "Tax Provision": "-3,284", "Net Income Common Stockholders": "-4,697", "Diluted NI Available to Com Stockholders": "-4,697", "Basic EPS": "-", "Diluted EPS": "-", "Basic Average Shares": "-", "Diluted Average Shares": "-", "INTEREST_INCOME_AFTER_PROVISION_FOR_LOAN_LOSS": "1,565", "Net Income from Continuing & Discontinued Operation": "-4,697", "Normalized Income": "-5,206", "Reconciled Depreciation": "1,500", "Net Income from Continuing Operation Net Minority Interest": "-4,697", "Total Unusual Items Excluding Goodwill": "697", "Total Unusual Items": "697", "Tax Rate for Calcs": "0", "Tax Effect of Unusual Items": "188.19"}, "12/31/2019": {"Duration": "12/31/2019", "Total Revenue": "98,271", "Credit Losses Provision": "-438", "Non Interest Expense": "110,758", "Special Income Charges": "-458", "Pretax Income": "-13,383", "Tax Provision": "-6,827", "Net Income Common Stockholders": "-6,549", "Diluted NI Available to Com Stockholders": "-6,549", "Basic EPS": "-0.32", "Diluted EPS": "-0.32", "Basic Average Shares": "20,189", "Diluted Average Shares": "20,189", "INTEREST_INCOME_AFTER_PROVISION_FOR_LOAN_LOSS": "4,905", "Net Income from Continuing & Discontinued Operation": "-6,549", "Normalized Income": "-6,215", "Reconciled Depreciation": "1,659", "Net Income from Continuing Operation Net Minority Interest": "-6,549", "Total Unusual Items Excluding Goodwill": "-458", "Total Unusual Items": "-458", "Tax Rate for Calcs": "0", "Tax Effect of Unusual Items": "-123.66"}, "12/31/2018": {"Duration": "12/31/2018", "Total Revenue": "141,289", "Credit Losses Provision": "-5,124", "Non Interest Expense": "133,383", "Special Income Charges": "-2,838", "Pretax Income": "-56", "Tax Provision": "1,167", "Net Income Common Stockholders": "-2,187", "Diluted NI Available to Com Stockholders": "-2,187", "Basic EPS": "-0.10", "Diluted EPS": "-0.10", "Basic Average Shares": "21,490", "Diluted Average Shares": "21,490", "INTEREST_INCOME_AFTER_PROVISION_FOR_LOAN_LOSS": "11,818", "Net Income from Continuing & Discontinued Operation": "-2,187", "Normalized Income": "-115.26", "Reconciled Depreciation": "1,482", "Net Income from Continuing Operation Net Minority Interest": "-2,187", "Total Unusual Items Excluding Goodwill": "-2,838", "Total Unusual Items": "-2,838", "Tax Rate for Calcs": "0", "Tax Effect of Unusual Items": "-766.26"}}, "bs": {"12/31/2020": {"Duration": "12/31/2020", "Total Assets": "241,331", "Total Liabilities Net Minority Interest": "178,923", "Total Equity Gross Minority Interest": "62,408", "Total Capitalization": "154,462", "Common Stock Equity": "62,940", "Capital Lease Obligations": "-", "Net Tangible Assets": "62,940", "Invested Capital": "154,462", "Tangible Book Value": "62,940", "Total Debt": "91,522", "Net Debt": "78", "Share Issued": "22,993", "Ordinary Shares Number": "19,790", "Treasury Shares Number": "3,203"}, "12/31/2019": {"Duration": "12/31/2019", "Total Assets": "230,257", "Total Liabilities Net Minority Interest": "168,896", "Total Equity Gross Minority Interest": "61,361", "Total Capitalization": "151,084", "Common Stock Equity": "61,688", "Capital Lease Obligations": "25,394", "Net Tangible Assets": "61,688", "Invested Capital": "151,084", "Tangible Book Value": "61,688", "Total Debt": "114,790", "Net Debt": "39,766", "Share Issued": "22,797", "Ordinary Shares Number": "19,509", "Treasury Shares Number": "3,288"}, "12/31/2018": {"Duration": "12/31/2018", "Total Assets": "1,391,242", "Total Liabilities Net Minority Interest": "1,294,036", "Total Equity Gross Minority Interest": "97,206", "Total Capitalization": "1,280,375", "Common Stock Equity": "83,707", "Capital Lease Obligations": "-", "Net Tangible Assets": "83,707", "Invested Capital": "1,302,875", "Tangible Book Value": "83,707", "Total Debt": "1,219,168", "Net Debt": "1,148,241", "Share Issued": "22,780", "Ordinary Shares Number": "21,320", "Treasury Shares Number": "1,460"}}, "cf": {"TTM": {"Duration": "TTM", "Operating Cash Flow": "-5,826", "Investing Cash Flow": "10,795", "Financing Cash Flow": "-10,585", "End Cash Position": "48,506", "Income Tax Paid Supplemental Data": "-", "Interest Paid Supplemental Data": "7,696", "Capital Expenditure": "-780", "Issuance of Debt": "39,798", "Repayment of Debt": "-46,286", "Repurchase of Capital Stock": "-1", "Free Cash Flow": "-6,606"}, "12/31/2019": {"Duration": "12/31/2019", "Operating Cash Flow": "-18,891", "Investing Cash Flow": "-60,448", "Financing Cash Flow": "-2,552", "End Cash Position": "50,917", "Income Tax Paid Supplemental Data": "-", "Interest Paid Supplemental Data": "20,521", "Capital Expenditure": "-1,388", "Issuance of Debt": "60,333", "Repayment of Debt": "-47,326", "Repurchase of Capital Stock": "-8,615", "Free Cash Flow": "-20,279"}, "12/31/2018": {"Duration": "12/31/2018", "Operating Cash Flow": "22,647", "Investing Cash Flow": "-335,049", "Financing Cash Flow": "307,889", "End Cash Position": "132,808", "Income Tax Paid Supplemental Data": "2,399", "Interest Paid Supplemental Data": "44,854", "Capital Expenditure": "-1,153", "Issuance of Debt": "990,639", "Repayment of Debt": "-667,359", "Repurchase of Capital Stock": "-3,250", "Free Cash Flow": "21,494"}}}}, {"MKTX": {"quote": {"03/26/2021": {"value": "517.80", "Market Cap": "19.674B", "Beta (5Y Monthly)": "0.44", "PE Ratio (TTM)": "65.96", "EPS (TTM)": "7.85", "Earnings Date": "Apr 28, 2021", "Forward Dividend & Yield": "2.64 (0.53%)", "Ex-Dividend Date": "Feb 09, 2021", "1y Target Est": "587.42"}}, "fin": {"TTM": {"Duration": "TTM", "Total Revenue": "689,125", "Cost of Revenue": "156,885", "Gross Profit": "532,240", "Operating Expense": "157,512", "Operating Income": "374,728", "Net Non Operating Interest Income Expense": "-1,142", "Other Income Expense": "773", "Pretax Income": "374,359", "Tax Provision": "74,982", "Net Income Common Stockholders": "299,377", "Diluted NI Available to Com Stockholders": "299,377", "Basic EPS": "-", "Diluted EPS": "-", "Basic Average Shares": "-", "Diluted Average Shares": "-", "Total Operating Income as Reported": "374,728", "Rent Expense Supplemental": "13,425", "Total Expenses": "314,397", "Net Income from Continuing & Discontinued Operation": "299,377", "Normalized Income": "297,420", "Interest Expense": "1,142", "Net Interest Income": "-1,142", "EBIT": "375,501", "EBITDA": "418,339", "Reconciled Cost of Revenue": "150,043", "Reconciled Depreciation": "42,838", "Net Income from Continuing Operation Net Minority Interest": "299,377", "Total Unusual Items Excluding Goodwill": "2,446", "Total Unusual Items": "2,446", "Normalized EBITDA": "415,893", "Tax Rate for Calcs": "0", "Tax Effect of Unusual Items": "489.2"}, "12/31/2020": {"Duration": "12/31/2020", "Total Revenue": "689,125", "Cost of Revenue": "156,885", "Gross Profit": "532,240", "Operating Expense": "157,512", "Operating Income": "374,728", "Net Non Operating Interest Income Expense": "-1,142", "Other Income Expense": "773", "Pretax Income": "374,359", "Tax Provision": "74,982", "Net Income Common Stockholders": "299,377", "Diluted NI Available to Com Stockholders": "299,377", "Basic EPS": "-", "Diluted EPS": "-", "Basic Average Shares": "-", "Diluted Average Shares": "-", "Total Operating Income as Reported": "374,728", "Rent Expense Supplemental": "13,425", "Total Expenses": "314,397", "Net Income from Continuing & Discontinued Operation": "299,377", "Normalized Income": "297,420", "Interest Expense": "1,142", "Net Interest Income": "-1,142", "EBIT": "375,501", "EBITDA": "-", "Reconciled Cost of Revenue": "150,043", "Reconciled Depreciation": "42,838", "Net Income from Continuing Operation Net Minority Interest": "299,377", "Total Unusual Items Excluding Goodwill": "2,446", "Total Unusual Items": "2,446", "Normalized EBITDA": "415,893", "Tax Rate for Calcs": "0", "Tax Effect of Unusual Items": "489.2"}, "12/31/2019": {"Duration": "12/31/2019", "Total Revenue": "511,352", "Cost of Revenue": "131,079", "Gross Profit": "380,273", "Operating Expense": "129,391", "Operating Income": "250,882", "Net Non Operating Interest Income Expense": "-", "Other Income Expense": "6,542", "Pretax Income": "257,424", "Tax Provision": "52,522", "Net Income Common Stockholders": "204,902", "Diluted NI Available to Com Stockholders": "204,902", "Basic EPS": "5.53", "Diluted EPS": "5.40", "Basic Average Shares": "37,083", "Diluted Average Shares": "37,956", "Total Operating Income as Reported": "250,882", "Rent Expense Supplemental": "11,639", "Total Expenses": "260,470", "Net Income from Continuing & Discontinued Operation": "204,902", "Normalized Income": "198,484", "Interest Expense": "-", "Net Interest Income": "-", "EBIT": "250,882", "EBITDA": "-", "Reconciled Cost of Revenue": "125,284", "Reconciled Depreciation": "32,652", "Net Income from Continuing Operation Net Minority Interest": "204,902", "Total Unusual Items Excluding Goodwill": "8,063", "Total Unusual Items": "8,063", "Normalized EBITDA": "275,471", "Tax Rate for Calcs": "0", "Tax Effect of Unusual Items": "1,645"}, "12/31/2018": {"Duration": "12/31/2018", "Total Revenue": "435,565", "Cost of Revenue": "109,117", "Gross Profit": "326,448", "Operating Expense": "113,864", "Operating Income": "212,584", "Net Non Operating Interest Income Expense": "-", "Other Income Expense": "5,502", "Pretax Income": "218,086", "Tax Provision": "45,234", "Net Income Common Stockholders": "172,852", "Diluted NI Available to Com Stockholders": "172,852", "Basic EPS": "4.68", "Diluted EPS": "4.57", "Basic Average Shares": "36,958", "Diluted Average Shares": "37,855", "Total Operating Income as Reported": "212,584", "Rent Expense Supplemental": "14,176", "Total Expenses": "222,981", "Net Income from Continuing & Discontinued Operation": "172,852", "Normalized Income": "168,005", "Interest Expense": "-", "Net Interest Income": "-", "EBIT": "212,584", "EBITDA": "-", "Reconciled Cost of Revenue": "109,117", "Reconciled Depreciation": "23,080", "Net Income from Continuing Operation Net Minority Interest": "172,852", "Total Unusual Items Excluding Goodwill": "6,112", "Total Unusual Items": "6,112", "Normalized EBITDA": "229,552", "Tax Rate for Calcs": "0", "Tax Effect of Unusual Items": "1,265"}}, "bs": {"12/31/2020": {"Duration": "12/31/2020", "Total Assets": "1,331,429", "Total Liabilities Net Minority Interest": "376,368", "Total Equity Gross Minority Interest": "955,061", "Total Capitalization": "955,061", "Common Stock Equity": "955,061", "Capital Lease Obligations": "93,612", "Net Tangible Assets": "712,319", "Working Capital": "679,018", "Invested Capital": "955,061", "Tangible Book Value": "712,319", "Total Debt": "93,612", "Share Issued": "40,851", "Ordinary Shares Number": "38,005", "Preferred Shares Number": "35", "Treasury Shares Number": "2,846"}, "12/31/2019": {"Duration": "12/31/2019", "Total Assets": "954,930", "Total Liabilities Net Minority Interest": "184,839", "Total Equity Gross Minority Interest": "770,091", "Total Capitalization": "770,091", "Common Stock Equity": "770,091", "Capital Lease Obligations": "97,991", "Net Tangible Assets": "562,244", "Working Capital": "323,428", "Invested Capital": "770,091", "Tangible Book Value": "562,244", "Total Debt": "97,991", "Share Issued": "40,747", "Ordinary Shares Number": "37,936", "Preferred Shares Number": "35", "Treasury Shares Number": "2,811"}, "12/31/2018": {"Duration": "12/31/2018", "Total Assets": "695,539", "Total Liabilities Net Minority Interest": "87,661", "Total Equity Gross Minority Interest": "607,878", "Total Capitalization": "607,878", "Common Stock Equity": "607,878", "Capital Lease Obligations": "-", "Net Tangible Assets": "545,203", "Working Capital": "277,717", "Invested Capital": "607,878", "Tangible Book Value": "545,203", "Total Debt": "-", "Share Issued": "40,540", "Ordinary Shares Number": "37,640", "Preferred Shares Number": "35", "Treasury Shares Number": "2,900"}}, "cf": {"TTM": {"Duration": "TTM", "Operating Cash Flow": "404,489", "Investing Cash Flow": "68,867", "Financing Cash Flow": "-145,112", "End Cash Position": "608,050", "Income Tax Paid Supplemental Data": "45,046", "Interest Paid Supplemental Data": "1,142", "Capital Expenditure": "-45,628", "Issuance of Debt": "578,356", "Repayment of Debt": "-578,356", "Repurchase of Capital Stock": "-16,135", "Free Cash Flow": "358,861"}, "12/31/2020": {"Duration": "12/31/2020", "Operating Cash Flow": "404,489", "Investing Cash Flow": "68,867", "Financing Cash Flow": "-145,112", "End Cash Position": "608,050", "Income Tax Paid Supplemental Data": "45,046", "Interest Paid Supplemental Data": "1,142", "Capital Expenditure": "-45,628", "Issuance of Debt": "578,356", "Repayment of Debt": "-578,356", "Repurchase of Capital Stock": "-16,135", "Free Cash Flow": "358,861"}, "12/31/2019": {"Duration": "12/31/2019", "Operating Cash Flow": "265,935", "Investing Cash Flow": "-122,051", "Financing Cash Flow": "-118,100", "End Cash Position": "274,253", "Income Tax Paid Supplemental Data": "51,766", "Interest Paid Supplemental Data": "-", "Capital Expenditure": "-34,700", "Issuance of Debt": "-", "Repayment of Debt": "-", "Repurchase of Capital Stock": "-17,256", "Free Cash Flow": "231,235"}, "12/31/2018": {"Duration": "12/31/2018", "Operating Cash Flow": "223,917", "Investing Cash Flow": "-50,296", "Financing Cash Flow": "-92,673", "End Cash Position": "247,458", "Income Tax Paid Supplemental Data": "47,208", "Interest Paid Supplemental Data": "-", "Capital Expenditure": "-47,593", "Issuance of Debt": "-", "Repayment of Debt": "-", "Repurchase of Capital Stock": "-25,171", "Free Cash Flow": "176,324"}}}}, {"NMR": {"quote": {"03/26/2021": {"value": "6.61", "Market Cap": "19.928B", "Beta (5Y Monthly)": "1.03", "PE Ratio (TTM)": "8.23", "EPS (TTM)": "0.80", "Earnings Date": "N/A", "Forward Dividend & Yield": "0.24 (3.59%)", "Ex-Dividend Date": "Sep 29, 2020", "1y Target Est": "N/A"}}, "fin": {"TTM": {"Duration": "TTM", "Total Revenue": "1,354,368,000", "Non Interest Expense": "983,184,000", "Income from Associates & Other Participating Interests": "869,000", "Pretax Income": "372,053,000", "Tax Provision": "95,642,000", "Net Income Common Stockholders": "274,049,000", "Average Dilution Earnings": "-", "Diluted NI Available to Com Stockholders": "273,931,000", "Basic EPS": "-", "Diluted EPS": "-", "Basic Average Shares": "-", "Diluted Average Shares": "-", "INTEREST_INCOME_AFTER_PROVISION_FOR_LOAN_LOSS": "165,002,000", "Net Income from Continuing & Discontinued Operation": "274,049,000", "Normalized Income": "274,049,000", "Reconciled Depreciation": "62,520,000", "Net Income from Continuing Operation Net Minority Interest": "274,049,000", "Tax Rate for Calcs": "0", "Tax Effect of Unusual Items": "0"}, "3/31/2020": {"Duration": "3/31/2020", "Total Revenue": "1,181,799,000", "Non Interest Expense": "933,445,000", "Income from Associates & Other Participating Interests": "-93,000", "Pretax Income": "248,261,000", "Tax Provision": "28,894,000", "Net Income Common Stockholders": "216,998,000", "Average Dilution Earnings": "-108,000", "Diluted NI Available to Com Stockholders": "216,890,000", "Basic EPS": "67.76", "Diluted EPS": "66.20", "Basic Average Shares": "3,202,370", "Diluted Average Shares": "3,276,510", "INTEREST_INCOME_AFTER_PROVISION_FOR_LOAN_LOSS": "129,819,000", "Net Income from Continuing & Discontinued Operation": "216,998,000", "Normalized Income": "216,998,000", "Reconciled Depreciation": "63,583,000", "Net Income from Continuing Operation Net Minority Interest": "216,998,000", "Tax Rate for Calcs": "0", "Tax Effect of Unusual Items": "0"}, "3/31/2019": {"Duration": "3/31/2019", "Total Revenue": "1,033,126,000", "Non Interest Expense": "1,071,834,000", "Income from Associates & Other Participating Interests": "1,007,000", "Pretax Income": "-37,701,000", "Tax Provision": "57,010,000", "Net Income Common Stockholders": "-100,442,000", "Average Dilution Earnings": "-83,000", "Diluted NI Available to Com Stockholders": "-100,525,000", "Basic EPS": "-29.90", "Diluted EPS": "-29.92", "Basic Average Shares": "3,359,565", "Diluted Average Shares": "3,359,567", "INTEREST_INCOME_AFTER_PROVISION_FOR_LOAN_LOSS": "58,616,000", "Net Income from Continuing & Discontinued Operation": "-100,442,000", "Normalized Income": "-100,442,000", "Reconciled Depreciation": "57,924,000", "Net Income from Continuing Operation Net Minority Interest": "-100,442,000", "Tax Rate for Calcs": "0", "Tax Effect of Unusual Items": "0"}, "3/31/2018": {"Duration": "3/31/2018", "Total Revenue": "1,397,970,000", "Non Interest Expense": "1,068,943,000", "Income from Associates & Other Participating Interests": "-869,000", "Pretax Income": "328,158,000", "Tax Provision": "103,866,000", "Net Income Common Stockholders": "219,343,000", "Average Dilution Earnings": "-77,000", "Diluted NI Available to Com Stockholders": "219,266,000", "Basic EPS": "63.13", "Diluted EPS": "61.88", "Basic Average Shares": "3,474,593", "Diluted Average Shares": "3,543,603", "INTEREST_INCOME_AFTER_PROVISION_FOR_LOAN_LOSS": "110,486,000", "Net Income from Continuing & Discontinued Operation": "219,343,000", "Normalized Income": "219,343,000", "Reconciled Depreciation": "71,579,000", "Net Income from Continuing Operation Net Minority Interest": "219,343,000", "Tax Rate for Calcs": "0", "Tax Effect of Unusual Items": "0"}}, "bs": {"3/31/2020": {"Duration": "3/31/2020", "Total Assets": "43,999,815,000", "Total Liabilities Net Minority Interest": "41,268,551,000", "Total Equity Gross Minority Interest": "2,731,264,000", "Total Capitalization": "11,146,843,000", "Common Stock Equity": "2,653,467,000", "Net Tangible Assets": "2,635,684,000", "Invested Capital": "12,633,576,000", "Tangible Book Value": "2,635,684,000", "Total Debt": "9,980,109,000", "Net Debt": "6,105,161,000", "Share Issued": "3,493,563", "Ordinary Shares Number": "3,038,587", "Treasury Shares Number": "454,975"}, "3/31/2019": {"Duration": "3/31/2019", "Total Assets": "40,969,439,000", "Total Liabilities Net Minority Interest": "38,288,646,000", "Total Equity Gross Minority Interest": "2,680,793,000", "Total Capitalization": "10,965,135,000", "Common Stock Equity": "2,631,061,000", "Net Tangible Assets": "2,611,269,000", "Invested Capital": "11,806,893,000", "Tangible Book Value": "2,611,269,000", "Total Debt": "9,175,832,000", "Net Debt": "5,913,963,000", "Share Issued": "3,493,563", "Ordinary Shares Number": "3,310,801", "Treasury Shares Number": "182,762"}, "3/31/2018": {"Duration": "3/31/2018", "Total Assets": "40,591,329,000", "Total Liabilities Net Minority Interest": "37,791,505,000", "Total Equity Gross Minority Interest": "2,799,824,000", "Total Capitalization": "10,545,448,000", "Common Stock Equity": "2,749,320,000", "Net Tangible Assets": "2,649,865,000", "Invested Capital": "11,288,945,000", "Tangible Book Value": "2,649,865,000", "Total Debt": "8,539,625,000", "Net Debt": "5,580,579,000", "Share Issued": "3,643,563", "Ordinary Shares Number": "3,392,937", "Treasury Shares Number": "250,625"}}, "cf": {"TTM": {"Duration": "TTM", "Operating Cash Flow": "232,076,000", "Investing Cash Flow": "-74,316,000", "Financing Cash Flow": "108,346,000", "End Cash Position": "3,418,664,000", "Income Tax Paid Supplemental Data": "32,309,000", "Interest Paid Supplemental Data": "300,534,000", "Capital Expenditure": "-101,807,000", "Issuance of Capital Stock": "10,000", "Repurchase of Capital Stock": "-32,296,000", "Free Cash Flow": "130,269,000"}, "3/31/2020": {"Duration": "3/31/2020", "Operating Cash Flow": "-15,943,000", "Investing Cash Flow": "216,336,000", "Financing Cash Flow": "332,062,000", "End Cash Position": "3,192,310,000", "Income Tax Paid Supplemental Data": "55,592,000", "Interest Paid Supplemental Data": "677,160,000", "Capital Expenditure": "-206,745,000", "Issuance of Capital Stock": "285,000", "Repurchase of Capital Stock": "-150,009,000", "Free Cash Flow": "-222,688,000"}, "3/31/2019": {"Duration": "3/31/2019", "Operating Cash Flow": "-361,165,000", "Investing Cash Flow": "-112,503,000", "Financing Cash Flow": "761,191,000", "End Cash Position": "2,687,132,000", "Income Tax Paid Supplemental Data": "27,204,000", "Interest Paid Supplemental Data": "700,855,000", "Capital Expenditure": "-319,090,000", "Issuance of Capital Stock": "313,000", "Repurchase of Capital Stock": "-51,714,000", "Free Cash Flow": "-680,255,000"}, "3/31/2018": {"Duration": "3/31/2018", "Operating Cash Flow": "-445,696,000", "Investing Cash Flow": "-56,172,000", "Financing Cash Flow": "373,168,000", "End Cash Position": "2,354,639,000", "Income Tax Paid Supplemental Data": "49,449,000", "Interest Paid Supplemental Data": "473,758,000", "Capital Expenditure": "-285,161,000", "Issuance of Capital Stock": "764,000", "Repurchase of Capital Stock": "-109,096,000", "Free Cash Flow": "-730,857,000"}}}}, {"HLI": {"quote": {"03/26/2021": {"value": "67.52", "Market Cap": "4.656B", "Beta (5Y Monthly)": "0.67", "PE Ratio (TTM)": "16.82", "EPS (TTM)": "4.01", "Earnings Date": "May 10, 2021 - May 14, 2021", "Forward Dividend & Yield": "1.32 (2.00%)", "Ex-Dividend Date": "Mar 01, 2021", "1y Target Est": "73.33"}}, "fin": {"TTM": {"Duration": "TTM", "Total Revenue": "1,327,442", "Cost of Revenue": "840,819", "Gross Profit": "486,623", "Operating Expense": "150,087", "Operating Income": "336,536", "Other Income Expense": "3,803", "Pretax Income": "340,339", "Tax Provision": "67,920", "Net Income Common Stockholders": "272,419", "Diluted NI Available to Com Stockholders": "272,419", "Basic EPS": "-", "Diluted EPS": "-", "Basic Average Shares": "-", "Diluted Average Shares": "-", "Total Operating Income as Reported": "336,536", "Rent Expense Supplemental": "40,249", "Total Expenses": "990,906", "Net Income from Continuing & Discontinued Operation": "272,419", "Normalized Income": "272,419", "EBIT": "336,536", "EBITDA": "352,838", "Reconciled Cost of Revenue": "840,819", "Reconciled Depreciation": "16,302", "Net Income from Continuing Operation Net Minority Interest": "272,419", "Normalized EBITDA": "352,838", "Tax Rate for Calcs": "0", "Tax Effect of Unusual Items": "0"}, "3/31/2020": {"Duration": "3/31/2020", "Total Revenue": "1,159,368", "Cost of Revenue": "737,762", "Gross Profit": "421,606", "Operating Expense": "192,005", "Operating Income": "229,601", "Other Income Expense": "6,046", "Pretax Income": "235,647", "Tax Provision": "51,854", "Net Income Common Stockholders": "183,793", "Diluted NI Available to Com Stockholders": "183,793", "Basic EPS": "2.96", "Diluted EPS": "2.80", "Basic Average Shares": "62,153", "Diluted Average Shares": "65,726", "Total Operating Income as Reported": "229,601", "Rent Expense Supplemental": "44,693", "Total Expenses": "929,767", "Net Income from Continuing & Discontinued Operation": "183,793", "Normalized Income": "183,793", "EBIT": "229,601", "EBITDA": "-", "Reconciled Cost of Revenue": "737,762", "Reconciled Depreciation": "17,291", "Net Income from Continuing Operation Net Minority Interest": "183,793", "Normalized EBITDA": "246,892", "Tax Rate for Calcs": "0", "Tax Effect of Unusual Items": "0"}, "3/31/2019": {"Duration": "3/31/2019", "Total Revenue": "1,084,385", "Cost of Revenue": "-", "Gross Profit": "-", "Operating Expense": "-", "Operating Income": "-", "Other Income Expense": "-", "Pretax Income": "224,320", "Tax Provision": "65,214", "Net Income Common Stockholders": "159,106", "Diluted NI Available to Com Stockholders": "159,106", "Basic EPS": "2.56", "Diluted EPS": "2.42", "Basic Average Shares": "62,213", "Diluted Average Shares": "65,846", "Total Operating Income as Reported": "-", "Rent Expense Supplemental": "38,672", "Total Expenses": "-", "Net Income from Continuing & Discontinued Operation": "159,106", "Normalized Income": "159,106", "EBIT": "-", "EBITDA": "-", "Reconciled Cost of Revenue": "-", "Reconciled Depreciation": "14,475", "Net Income from Continuing Operation Net Minority Interest": "159,106", "Normalized EBITDA": "-", "Tax Rate for Calcs": "0", "Tax Effect of Unusual Items": "0"}, "3/31/2018": {"Duration": "3/31/2018", "Total Revenue": "963,364", "Cost of Revenue": "636,631", "Gross Profit": "326,733", "Operating Expense": "112,287", "Operating Income": "214,446", "Other Income Expense": "3,390", "Pretax Income": "217,836", "Tax Provision": "45,553", "Net Income Common Stockholders": "172,283", "Diluted NI Available to Com Stockholders": "172,283", "Basic EPS": "2.76", "Diluted EPS": "2.60", "Basic Average Shares": "62,494", "Diluted Average Shares": "66,324", "Total Operating Income as Reported": "214,446", "Rent Expense Supplemental": "28,560", "Total Expenses": "748,918", "Net Income from Continuing & Discontinued Operation": "172,283", "Normalized Income": "172,283", "EBIT": "214,446", "EBITDA": "-", "Reconciled Cost of Revenue": "636,631", "Reconciled Depreciation": "7,905", "Net Income from Continuing Operation Net Minority Interest": "172,283", "Normalized EBITDA": "222,351", "Tax Rate for Calcs": "0", "Tax Effect of Unusual Items": "0"}}, "bs": {"3/31/2020": {"Duration": "3/31/2020", "Total Assets": "1,677,003", "Total Liabilities Net Minority Interest": "692,621", "Total Equity Gross Minority Interest": "984,382", "Total Capitalization": "989,058", "Common Stock Equity": "984,382", "Capital Lease Obligations": "154,218", "Net Tangible Assets": "171,538", "Working Capital": "110,024", "Invested Capital": "989,058", "Tangible Book Value": "171,538", "Total Debt": "158,894", "Share Issued": "65,524", "Ordinary Shares Number": "65,524", "Treasury Shares Number": "-"}, "3/31/2019": {"Duration": "3/31/2019", "Total Assets": "1,423,058", "Total Liabilities Net Minority Interest": "531,729", "Total Equity Gross Minority Interest": "891,329", "Total Capitalization": "899,986", "Common Stock Equity": "891,329", "Capital Lease Obligations": "-", "Net Tangible Assets": "96,725", "Working Capital": "-", "Invested Capital": "899,986", "Tangible Book Value": "96,725", "Total Debt": "8,657", "Share Issued": "65,399", "Ordinary Shares Number": "65,399", "Treasury Shares Number": "-"}, "3/31/2018": {"Duration": "3/31/2018", "Total Assets": "1,418,841", "Total Liabilities Net Minority Interest": "566,028", "Total Equity Gross Minority Interest": "852,813", "Total Capitalization": "864,674", "Common Stock Equity": "852,813", "Capital Lease Obligations": "-", "Net Tangible Assets": "129,503", "Working Capital": "-184", "Invested Capital": "864,674", "Tangible Book Value": "129,503", "Total Debt": "11,861", "Share Issued": "69,792", "Ordinary Shares Number": "67,792", "Treasury Shares Number": "2,000"}}, "cf": {"TTM": {"Duration": "TTM", "Operating Cash Flow": "484,095", "Investing Cash Flow": "-170,119", "Financing Cash Flow": "36,306", "End Cash Position": "627,390", "Income Tax Paid Supplemental Data": "54,841", "Interest Paid Supplemental Data": "1,136", "Capital Expenditure": "-14,753", "Issuance of Capital Stock": "189,060", "Issuance of Debt": "-", "Repayment of Debt": "-1,789", "Repurchase of Capital Stock": "-43,627", "Free Cash Flow": "469,342"}, "3/31/2020": {"Duration": "3/31/2020", "Operating Cash Flow": "287,669", "Investing Cash Flow": "-33,144", "Financing Cash Flow": "-152,139", "End Cash Position": "380,746", "Income Tax Paid Supplemental Data": "74,507", "Interest Paid Supplemental Data": "1,049", "Capital Expenditure": "-20,722", "Issuance of Capital Stock": "0", "Issuance of Debt": "-", "Repayment of Debt": "-10,735", "Repurchase of Capital Stock": "-29,641", "Free Cash Flow": "266,947"}, "3/31/2019": {"Duration": "3/31/2019", "Operating Cash Flow": "224,274", "Investing Cash Flow": "6,459", "Financing Cash Flow": "-236,138", "End Cash Position": "286,115", "Income Tax Paid Supplemental Data": "82,464", "Interest Paid Supplemental Data": "977", "Capital Expenditure": "-6,726", "Issuance of Capital Stock": "0", "Issuance of Debt": "0", "Repayment of Debt": "-2,464", "Repurchase of Capital Stock": "-69,563", "Free Cash Flow": "217,548"}, "3/31/2018": {"Duration": "3/31/2018", "Operating Cash Flow": "250,647", "Investing Cash Flow": "-218,584", "Financing Cash Flow": "-225,311", "End Cash Position": "300,223", "Income Tax Paid Supplemental Data": "47,629", "Interest Paid Supplemental Data": "656", "Capital Expenditure": "-7,719", "Issuance of Capital Stock": "93,500", "Issuance of Debt": "-", "Repayment of Debt": "-19,107", "Repurchase of Capital Stock": "-18,075", "Free Cash Flow": "242,928"}}}}, {"MS": {"quote": {"03/26/2021": {"value": "79.98", "Market Cap": "150.397B", "Beta (5Y Monthly)": "1.53", "PE Ratio (TTM)": "12.38", "EPS (TTM)": "6.46", "Earnings Date": "Apr 16, 2021", "Forward Dividend & Yield": "1.40 (1.75%)", "Ex-Dividend Date": "Jan 28, 2021", "1y Target Est": "86.09"}}, "fin": {"TTM": {"Duration": "TTM", "Total Revenue": "45,269,000", "Non Interest Expense": "30,851,000", "Pretax Income": "14,418,000", "Tax Provision": "3,239,000", "Net Income Common Stockholders": "10,500,000", "Diluted NI Available to Com Stockholders": "10,500,000", "Basic EPS": "-", "Diluted EPS": "-", "Basic Average Shares": "-", "Diluted Average Shares": "-", "INTEREST_INCOME_AFTER_PROVISION_FOR_LOAN_LOSS": "6,313,000", "Net Income from Continuing & Discontinued Operation": "10,996,000", "Normalized Income": "10,996,000", "Total Money Market Investments": "-", "Reconciled Depreciation": "3,769,000", "Net Income from Continuing Operation Net Minority Interest": "10,996,000", "Tax Rate for Calcs": "0", "Tax Effect of Unusual Items": "0"}, "12/31/2020": {"Duration": "12/31/2020", "Total Revenue": "45,269,000", "Non Interest Expense": "30,851,000", "Pretax Income": "14,418,000", "Tax Provision": "3,239,000", "Net Income Common Stockholders": "10,500,000", "Diluted NI Available to Com Stockholders": "10,500,000", "Basic EPS": "-", "Diluted EPS": "-", "Basic Average Shares": "-", "Diluted Average Shares": "-", "INTEREST_INCOME_AFTER_PROVISION_FOR_LOAN_LOSS": "6,313,000", "Net Income from Continuing & Discontinued Operation": "10,996,000", "Normalized Income": "10,996,000", "Total Money Market Investments": "-", "Reconciled Depreciation": "3,769,000", "Net Income from Continuing Operation Net Minority Interest": "10,996,000", "Tax Rate for Calcs": "0", "Tax Effect of Unusual Items": "0"}, "12/31/2019": {"Duration": "12/31/2019", "Total Revenue": "38,926,000", "Non Interest Expense": "27,625,000", "Pretax Income": "11,301,000", "Tax Provision": "2,064,000", "Net Income Common Stockholders": "8,512,000", "Diluted NI Available to Com Stockholders": "8,512,000", "Basic EPS": "5.26", "Diluted EPS": "5.19", "Basic Average Shares": "1,617,000", "Diluted Average Shares": "1,640,000", "INTEREST_INCOME_AFTER_PROVISION_FOR_LOAN_LOSS": "4,694,000", "Net Income from Continuing & Discontinued Operation": "9,042,000", "Normalized Income": "9,042,000", "Total Money Market Investments": "3,485,000", "Reconciled Depreciation": "2,643,000", "Net Income from Continuing Operation Net Minority Interest": "9,042,000", "Tax Rate for Calcs": "0", "Tax Effect of Unusual Items": "0"}, "12/31/2018": {"Duration": "12/31/2018", "Total Revenue": "37,714,000", "Non Interest Expense": "26,477,000", "Pretax Income": "11,237,000", "Tax Provision": "2,350,000", "Net Income Common Stockholders": "8,222,000", "Diluted NI Available to Com Stockholders": "8,222,000", "Basic EPS": "4.81", "Diluted EPS": "4.73", "Basic Average Shares": "1,708,000", "Diluted Average Shares": "1,738,000", "INTEREST_INCOME_AFTER_PROVISION_FOR_LOAN_LOSS": "3,806,000", "Net Income from Continuing & Discontinued Operation": "8,748,000", "Normalized Income": "8,752,000", "Total Money Market Investments": "1,976,000", "Reconciled Depreciation": "1,844,000", "Net Income from Continuing Operation Net Minority Interest": "8,752,000", "Tax Rate for Calcs": "0", "Tax Effect of Unusual Items": "0"}}, "bs": {"12/31/2020": {"Duration": "12/31/2020", "Total Assets": "1,115,862,000", "Total Liabilities Net Minority Interest": "1,012,713,000", "Total Equity Gross Minority Interest": "103,149,000", "Total Capitalization": "315,169,000", "Preferred Stock Equity": "9,250,000", "Common Stock Equity": "92,531,000", "Net Tangible Assets": "85,166,000", "Invested Capital": "309,610,000", "Tangible Book Value": "75,916,000", "Total Debt": "217,079,000", "Net Debt": "111,425,000", "Share Issued": "2,038,894", "Ordinary Shares Number": "1,809,624", "Preferred Shares Number": "212,500", "Treasury Shares Number": "229,270"}, "12/31/2019": {"Duration": "12/31/2019", "Total Assets": "895,429,000", "Total Liabilities Net Minority Interest": "812,732,000", "Total Equity Gross Minority Interest": "82,697,000", "Total Capitalization": "279,019,000", "Preferred Stock Equity": "8,520,000", "Common Stock Equity": "73,029,000", "Net Tangible Assets": "72,299,000", "Invested Capital": "273,066,000", "Tangible Book Value": "63,779,000", "Total Debt": "200,037,000", "Net Debt": "150,378,000", "Share Issued": "2,038,894", "Ordinary Shares Number": "1,593,974", "Preferred Shares Number": "212,500", "Treasury Shares Number": "444,920"}, "12/31/2018": {"Duration": "12/31/2018", "Total Assets": "853,531,000", "Total Liabilities Net Minority Interest": "772,125,000", "Total Equity Gross Minority Interest": "81,406,000", "Total Capitalization": "276,914,000", "Preferred Stock Equity": "8,520,000", "Common Stock Equity": "71,726,000", "Net Tangible Assets": "71,395,000", "Invested Capital": "269,939,000", "Tangible Book Value": "62,875,000", "Total Debt": "198,213,000", "Net Debt": "146,373,000", "Share Issued": "2,038,894", "Ordinary Shares Number": "1,699,829", "Preferred Shares Number": "212,500", "Treasury Shares Number": "339,065"}}, "cf": {"TTM": {"Duration": "TTM", "Operating Cash Flow": "-25,231,000", "Investing Cash Flow": "-37,898,000", "Financing Cash Flow": "83,784,000", "End Cash Position": "105,654,000", "Income Tax Paid Supplemental Data": "2,591,000", "Interest Paid Supplemental Data": "4,120,000", "Capital Expenditure": "-1,444,000", "Issuance of Capital Stock": "0", "Issuance of Debt": "60,726,000", "Repayment of Debt": "-50,484,000", "Repurchase of Capital Stock": "-1,890,000", "Free Cash Flow": "-26,675,000"}, "12/31/2020": {"Duration": "12/31/2020", "Operating Cash Flow": "-25,231,000", "Investing Cash Flow": "-37,898,000", "Financing Cash Flow": "83,784,000", "End Cash Position": "105,654,000", "Income Tax Paid Supplemental Data": "2,591,000", "Interest Paid Supplemental Data": "4,120,000", "Capital Expenditure": "-1,444,000", "Issuance of Capital Stock": "0", "Issuance of Debt": "60,726,000", "Repayment of Debt": "-50,484,000", "Repurchase of Capital Stock": "-1,890,000", "Free Cash Flow": "-26,675,000"}, "12/31/2019": {"Duration": "12/31/2019", "Operating Cash Flow": "40,773,000", "Investing Cash Flow": "-33,561,000", "Financing Cash Flow": "-11,966,000", "End Cash Position": "82,171,000", "Income Tax Paid Supplemental Data": "1,908,000", "Interest Paid Supplemental Data": "12,511,000", "Capital Expenditure": "-1,826,000", "Issuance of Capital Stock": "497,000", "Issuance of Debt": "30,605,000", "Repayment of Debt": "-40,548,000", "Repurchase of Capital Stock": "-5,954,000", "Free Cash Flow": "38,947,000"}, "12/31/2018": {"Duration": "12/31/2018", "Operating Cash Flow": "7,305,000", "Investing Cash Flow": "-22,881,000", "Financing Cash Flow": "24,205,000", "End Cash Position": "87,196,000", "Income Tax Paid Supplemental Data": "1,377,000", "Interest Paid Supplemental Data": "9,977,000", "Capital Expenditure": "-1,865,000", "Issuance of Capital Stock": "0", "Issuance of Debt": "40,059,000", "Repayment of Debt": "-34,781,000", "Repurchase of Capital Stock": "-5,566,000", "Free Cash Flow": "5,440,000"}}}}, {"NTFL": {"quote": {"03/26/2021": {"value": "0.0125", "Market Cap": "49,725", "Beta (5Y Monthly)": "0.92", "PE Ratio (TTM)": "N/A", "EPS (TTM)": "-0.0080", "Earnings Date": "N/A", "Forward Dividend & Yield": "N/A (N/A)", "Ex-Dividend Date": "N/A", "1y Target Est": "N/A"}}, "fin": {}, "bs": {}, "cf": {}}}, {"AMTD": {"fin": {}, "bs": {}, "cf": {}}}, {"ETFC": {"fin": {}, "bs": {}, "cf": {}}}, {"GCAP": {"fin": {}, "bs": {}, "cf": {}}}, {"LTS": {"fin": {}, "bs": {}, "cf": {}}}, {"INTL": {"fin": {}, "bs": {}, "cf": {}}}]