[{"BAC": {"quote": {"03/26/2021": {"value": "38.68", "Market Cap": "333.702B", "Beta (5Y Monthly)": "1.55", "PE Ratio (TTM)": "20.68", "EPS (TTM)": "1.87", "Earnings Date": "Apr 15, 2021", "Forward Dividend & Yield": "0.72 (1.91%)", "Ex-Dividend Date": "Mar 04, 2021", "1y Target Est": "37.51"}}, "fin": {"TTM": {"Duration": "TTM", "Total Revenue": "86,266,000", "Credit Losses Provision": "-11,320,000", "Non Interest Expense": "55,951,000", "Pretax Income": "18,995,000", "Tax Provision": "1,101,000", "Net Income Common Stockholders": "16,473,000", "Diluted NI Available to Com Stockholders": "16,473,000", "Basic EPS": "-", "Diluted EPS": "-", "Basic Average Shares": "-", "Diluted Average Shares": "-", "INTEREST_INCOME_AFTER_PROVISION_FOR_LOAN_LOSS": "32,040,000", "Net Income from Continuing & Discontinued Operation": "17,894,000", "Normalized Income": "17,894,000", "Total Money Market Investments": "903,000", "Reconciled Depreciation": "1,843,000", "Net Income from Continuing Operation Net Minority Interest": "17,894,000", "Tax Rate for Calcs": "0", "Tax Effect of Unusual Items": "0"}, "12/31/2020": {"Duration": "12/31/2020", "Total Revenue": "86,266,000", "Credit Losses Provision": "-11,320,000", "Non Interest Expense": "55,951,000", "Pretax Income": "18,995,000", "Tax Provision": "1,101,000", "Net Income Common Stockholders": "16,473,000", "Diluted NI Available to Com Stockholders": "16,473,000", "Basic EPS": "-", "Diluted EPS": "-", "Basic Average Shares": "-", "Diluted Average Shares": "-", "INTEREST_INCOME_AFTER_PROVISION_FOR_LOAN_LOSS": "32,040,000", "Net Income from Continuing & Discontinued Operation": "17,894,000", "Normalized Income": "17,894,000", "Total Money Market Investments": "903,000", "Reconciled Depreciation": "1,843,000", "Net Income from Continuing Operation Net Minority Interest": "17,894,000", "Tax Rate for Calcs": "0", "Tax Effect of Unusual Items": "0"}, "12/31/2019": {"Duration": "12/31/2019", "Total Revenue": "91,244,000", "Credit Losses Provision": "-3,590,000", "Non Interest Expense": "54,900,000", "Pretax Income": "32,754,000", "Tax Provision": "5,324,000", "Net Income Common Stockholders": "25,998,000", "Diluted NI Available to Com Stockholders": "25,998,000", "Basic EPS": "2.77", "Diluted EPS": "2.75", "Basic Average Shares": "9,390,500", "Diluted Average Shares": "9,442,900", "INTEREST_INCOME_AFTER_PROVISION_FOR_LOAN_LOSS": "45,301,000", "Net Income from Continuing & Discontinued Operation": "27,430,000", "Normalized Income": "27,430,000", "Total Money Market Investments": "4,843,000", "Reconciled Depreciation": "1,729,000", "Net Income from Continuing Operation Net Minority Interest": "27,430,000", "Tax Rate for Calcs": "0", "Tax Effect of Unusual Items": "0"}, "12/31/2018": {"Duration": "12/31/2018", "Total Revenue": "91,247,000", "Credit Losses Provision": "-3,282,000", "Non Interest Expense": "53,381,000", "Pretax Income": "34,584,000", "Tax Provision": "6,437,000", "Net Income Common Stockholders": "26,696,000", "Diluted NI Available to Com Stockholders": "26,696,000", "Basic EPS": "2.64", "Diluted EPS": "2.61", "Basic Average Shares": "10,096,500", "Diluted Average Shares": "10,236,900", "INTEREST_INCOME_AFTER_PROVISION_FOR_LOAN_LOSS": "44,150,000", "Net Income from Continuing & Discontinued Operation": "28,147,000", "Normalized Income": "28,147,000", "Total Money Market Investments": "3,176,000", "Reconciled Depreciation": "2,063,000", "Net Income from Continuing Operation Net Minority Interest": "28,147,000", "Tax Rate for Calcs": "0", "Tax Effect of Unusual Items": "0"}}, "bs": {"12/31/2020": {"Duration": "12/31/2020", "Total Assets": "2,819,627,000", "Total Liabilities Net Minority Interest": "2,546,703,000", "Total Equity Gross Minority Interest": "272,924,000", "Total Capitalization": "535,858,000", "Preferred Stock Equity": "24,510,000", "Common Stock Equity": "248,414,000", "Net Tangible Assets": "203,973,000", "Invested Capital": "530,669,000", "Tangible Book Value": "179,463,000", "Total Debt": "282,255,000", "Net Debt": "-", "Share Issued": "8,650,814", "Ordinary Shares Number": "8,650,814", "Preferred Shares Number": "-"}, "12/31/2019": {"Duration": "12/31/2019", "Total Assets": "2,434,079,000", "Total Liabilities Net Minority Interest": "2,169,269,000", "Total Equity Gross Minority Interest": "264,810,000", "Total Capitalization": "505,666,000", "Preferred Stock Equity": "23,401,000", "Common Stock Equity": "241,409,000", "Net Tangible Assets": "195,859,000", "Invested Capital": "506,469,000", "Tangible Book Value": "172,458,000", "Total Debt": "265,060,000", "Net Debt": "96,393,000", "Share Issued": "8,836,149", "Ordinary Shares Number": "8,836,149", "Preferred Shares Number": "333,408"}, "12/31/2018": {"Duration": "12/31/2018", "Total Assets": "2,354,507,000", "Total Liabilities Net Minority Interest": "2,089,182,000", "Total Equity Gross Minority Interest": "265,325,000", "Total Capitalization": "494,665,000", "Preferred Stock Equity": "22,326,000", "Common Stock Equity": "242,999,000", "Net Tangible Assets": "196,374,000", "Invested Capital": "492,528,000", "Tangible Book Value": "174,048,000", "Total Debt": "249,529,000", "Net Debt": "64,631,000", "Share Issued": "9,669,286", "Ordinary Shares Number": "9,669,286", "Preferred Shares Number": "224,988"}}, "cf": {"TTM": {"Duration": "TTM", "Operating Cash Flow": "37,993,000", "Investing Cash Flow": "-177,665,000", "Financing Cash Flow": "355,819,000", "End Cash Position": "380,463,000", "Income Tax Paid Supplemental Data": "2,894,000", "Interest Paid Supplemental Data": "8,662,000", "Issuance of Capital Stock": "2,181,000", "Issuance of Debt": "57,013,000", "Repayment of Debt": "-47,948,000", "Repurchase of Capital Stock": "-8,097,000", "Free Cash Flow": "37,993,000"}, "12/31/2020": {"Duration": "12/31/2020", "Operating Cash Flow": "37,993,000", "Investing Cash Flow": "-177,665,000", "Financing Cash Flow": "355,819,000", "End Cash Position": "380,463,000", "Income Tax Paid Supplemental Data": "2,894,000", "Interest Paid Supplemental Data": "8,662,000", "Issuance of Capital Stock": "2,181,000", "Issuance of Debt": "57,013,000", "Repayment of Debt": "-47,948,000", "Repurchase of Capital Stock": "-8,097,000", "Free Cash Flow": "37,993,000"}, "12/31/2019": {"Duration": "12/31/2019", "Operating Cash Flow": "61,777,000", "Investing Cash Flow": "-80,630,000", "Financing Cash Flow": "3,377,000", "End Cash Position": "161,560,000", "Income Tax Paid Supplemental Data": "4,359,000", "Interest Paid Supplemental Data": "22,196,000", "Issuance of Capital Stock": "3,643,000", "Issuance of Debt": "52,420,000", "Repayment of Debt": "-50,794,000", "Repurchase of Capital Stock": "-30,712,000", "Free Cash Flow": "61,777,000"}, "12/31/2018": {"Duration": "12/31/2018", "Operating Cash Flow": "39,520,000", "Investing Cash Flow": "-71,468,000", "Financing Cash Flow": "53,118,000", "End Cash Position": "177,404,000", "Income Tax Paid Supplemental Data": "2,470,000", "Interest Paid Supplemental Data": "19,087,000", "Issuance of Capital Stock": "4,515,000", "Issuance of Debt": "64,278,000", "Repayment of Debt": "-53,046,000", "Repurchase of Capital Stock": "-24,606,000", "Free Cash Flow": "39,520,000"}}}}, {"HOMB": {"quote": {"03/26/2021": {"value": "27.57", "Market Cap": "4.56B", "Beta (5Y Monthly)": "1.51", "PE Ratio (TTM)": "21.26", "EPS (TTM)": "1.30", "Earnings Date": "Mar 15, 2021", "Forward Dividend & Yield": "0.56 (2.10%)", "Ex-Dividend Date": "Feb 16, 2021", "1y Target Est": "23.50"}}, "fin": {"TTM": {"Duration": "TTM", "Total Revenue": "684,563", "Credit Losses Provision": "-112,264", "Non Interest Expense": "294,211", "Special Income Charges": "-385", "Pretax Income": "277,703", "Tax Provision": "63,255", "Net Income Common Stockholders": "214,448", "Diluted NI Available to Com Stockholders": "214,448", "Basic EPS": "-", "Diluted EPS": "-", "Basic Average Shares": "-", "Diluted Average Shares": "-", "INTEREST_INCOME_AFTER_PROVISION_FOR_LOAN_LOSS": "470,291", "Net Income from Continuing & Discontinued Operation": "214,448", "Normalized Income": "213,871", "Total Money Market Investments": "1,870", "Reconciled Depreciation": "20,082", "Net Income from Continuing Operation Net Minority Interest": "214,448", "Total Unusual Items Excluding Goodwill": "747", "Total Unusual Items": "747", "Tax Rate for Calcs": "0", "Tax Effect of Unusual Items": "170.1666"}, "12/31/2020": {"Duration": "12/31/2020", "Total Revenue": "684,563", "Credit Losses Provision": "-112,264", "Non Interest Expense": "294,211", "Special Income Charges": "-385", "Pretax Income": "277,703", "Tax Provision": "63,255", "Net Income Common Stockholders": "214,448", "Diluted NI Available to Com Stockholders": "214,448", "Basic EPS": "-", "Diluted EPS": "-", "Basic Average Shares": "-", "Diluted Average Shares": "-", "INTEREST_INCOME_AFTER_PROVISION_FOR_LOAN_LOSS": "470,291", "Net Income from Continuing & Discontinued Operation": "214,448", "Normalized Income": "213,871", "Total Money Market Investments": "1,870", "Reconciled Depreciation": "20,082", "Net Income from Continuing Operation Net Minority Interest": "214,448", "Total Unusual Items Excluding Goodwill": "747", "Total Unusual Items": "747", "Tax Rate for Calcs": "0", "Tax Effect of Unusual Items": "170.1666"}, "12/31/2019": {"Duration": "12/31/2019", "Total Revenue": "654,130", "Credit Losses Provision": "-1,325", "Non Interest Expense": "266,284", "Special Income Charges": "-900", "Pretax Income": "385,621", "Tax Provision": "96,082", "Net Income Common Stockholders": "289,539", "Diluted NI Available to Com Stockholders": "289,539", "Basic EPS": "1.73", "Diluted EPS": "1.73", "Basic Average Shares": "167,804", "Diluted Average Shares": "167,804", "INTEREST_INCOME_AFTER_PROVISION_FOR_LOAN_LOSS": "561,892", "Net Income from Continuing & Discontinued Operation": "289,539", "Normalized Income": "289,646", "Total Money Market Investments": "5,222", "Reconciled Depreciation": "19,427", "Net Income from Continuing Operation Net Minority Interest": "289,539", "Total Unusual Items Excluding Goodwill": "-143", "Total Unusual Items": "-143", "Tax Rate for Calcs": "0", "Tax Effect of Unusual Items": "-35.6356"}, "12/31/2018": {"Duration": "12/31/2018", "Total Revenue": "655,340", "Credit Losses Provision": "-4,322", "Non Interest Expense": "248,895", "Special Income Charges": "-6,603", "Pretax Income": "395,520", "Tax Provision": "95,117", "Net Income Common Stockholders": "300,403", "Diluted NI Available to Com Stockholders": "300,403", "Basic EPS": "1.73", "Diluted EPS": "1.73", "Basic Average Shares": "173,657", "Diluted Average Shares": "174,124", "INTEREST_INCOME_AFTER_PROVISION_FOR_LOAN_LOSS": "556,691", "Net Income from Continuing & Discontinued Operation": "300,403", "Normalized Income": "303,594", "Total Money Market Investments": "4,682", "Reconciled Depreciation": "19,205", "Net Income from Continuing Operation Net Minority Interest": "300,403", "Total Unusual Items Excluding Goodwill": "-4,202", "Total Unusual Items": "-4,202", "Tax Rate for Calcs": "0", "Tax Effect of Unusual Items": "-1,011"}}, "bs": {"12/31/2020": {"Duration": "12/31/2020", "Total Assets": "16,398,804", "Total Liabilities Net Minority Interest": "13,793,046", "Total Equity Gross Minority Interest": "2,605,758", "Total Capitalization": "3,376,084", "Common Stock Equity": "2,605,758", "Net Tangible Assets": "1,602,005", "Invested Capital": "3,376,084", "Tangible Book Value": "1,602,005", "Total Debt": "770,326", "Net Debt": "-", "Share Issued": "165,095", "Ordinary Shares Number": "165,095"}, "12/31/2019": {"Duration": "12/31/2019", "Total Assets": "15,032,047", "Total Liabilities Net Minority Interest": "12,520,516", "Total Equity Gross Minority Interest": "2,511,531", "Total Capitalization": "3,502,527", "Common Stock Equity": "2,511,531", "Net Tangible Assets": "1,516,551", "Invested Capital": "3,502,527", "Tangible Book Value": "1,516,551", "Total Debt": "990,996", "Net Debt": "500,395", "Share Issued": "166,373", "Ordinary Shares Number": "166,373"}, "12/31/2018": {"Duration": "12/31/2018", "Total Assets": "15,302,438", "Total Liabilities Net Minority Interest": "12,952,552", "Total Equity Gross Minority Interest": "2,349,886", "Total Capitalization": "4,191,069", "Common Stock Equity": "2,349,886", "Net Tangible Assets": "1,348,582", "Invested Capital": "4,191,069", "Tangible Book Value": "1,348,582", "Total Debt": "1,841,183", "Net Debt": "1,183,244", "Share Issued": "170,720", "Ordinary Shares Number": "170,720"}}, "cf": {"TTM": {"Duration": "TTM", "Operating Cash Flow": "291,728", "Investing Cash Flow": "-651,941", "Financing Cash Flow": "1,133,400", "End Cash Position": "1,263,788", "Capital Expenditure": "-11,547", "Issuance of Debt": "-", "Repayment of Debt": "-", "Repurchase of Capital Stock": "-25,690", "Free Cash Flow": "280,181"}, "12/31/2020": {"Duration": "12/31/2020", "Operating Cash Flow": "291,728", "Investing Cash Flow": "-651,941", "Financing Cash Flow": "1,133,400", "End Cash Position": "1,263,788", "Capital Expenditure": "-11,547", "Issuance of Debt": "-", "Repayment of Debt": "-", "Repurchase of Capital Stock": "-25,690", "Free Cash Flow": "280,181"}, "12/31/2019": {"Duration": "12/31/2019", "Operating Cash Flow": "247,415", "Investing Cash Flow": "221,656", "Financing Cash Flow": "-636,409", "End Cash Position": "490,601", "Capital Expenditure": "-14,898", "Issuance of Debt": "0", "Repayment of Debt": "-850,954", "Repurchase of Capital Stock": "-84,888", "Free Cash Flow": "232,517"}, "12/31/2018": {"Duration": "12/31/2018", "Operating Cash Flow": "302,219", "Investing Cash Flow": "-777,895", "Financing Cash Flow": "497,682", "End Cash Position": "657,939", "Capital Expenditure": "-7,950", "Issuance of Debt": "173,205", "Repayment of Debt": "-", "Repurchase of Capital Stock": "-104,276", "Free Cash Flow": "294,269"}}}}, {"BMO": {"quote": {"03/26/2021": {"value": "89.94", "Market Cap": "58.356B", "Beta (5Y Monthly)": "1.16", "PE Ratio (TTM)": "13.70", "EPS (TTM)": "6.56", "Earnings Date": "N/A", "Forward Dividend & Yield": "3.36 (3.78%)", "Ex-Dividend Date": "Apr 30, 2021", "1y Target Est": "85.95"}}, "fin": {"TTM": {"Duration": "TTM", "Total Revenue": "25,223,000", "Credit Losses Provision": "-2,760,000", "Non Interest Expense": "15,714,000", "Income from Associates & Other Participating Interests": "191,000", "Pretax Income": "6,940,000", "Tax Provision": "1,418,000", "Net Income Common Stockholders": "5,289,000", "Diluted NI Available to Com Stockholders": "5,289,000", "Basic EPS": "-", "Diluted EPS": "-", "Basic Average Shares": "-", "Diluted Average Shares": "-", "INTEREST_INCOME_AFTER_PROVISION_FOR_LOAN_LOSS": "11,401,000", "Net Income from Continuing & Discontinued Operation": "5,522,000", "Normalized Income": "5,522,000", "Total Money Market Investments": "241,000", "Reconciled Depreciation": "1,423,000", "Net Income from Continuing Operation Net Minority Interest": "5,522,000", "Tax Rate for Calcs": "0", "Tax Effect of Unusual Items": "0"}, "10/31/2020": {"Duration": "10/31/2020", "Total Revenue": "25,025,000", "Credit Losses Provision": "-2,953,000", "Non Interest Expense": "15,885,000", "Income from Associates & Other Participating Interests": "161,000", "Pretax Income": "6,348,000", "Tax Provision": "1,251,000", "Net Income Common Stockholders": "4,850,000", "Diluted NI Available to Com Stockholders": "4,850,000", "Basic EPS": "7.56", "Diluted EPS": "7.55", "Basic Average Shares": "641,424", "Diluted Average Shares": "642,128", "INTEREST_INCOME_AFTER_PROVISION_FOR_LOAN_LOSS": "11,018,000", "Net Income from Continuing & Discontinued Operation": "5,097,000", "Normalized Income": "5,097,000", "Total Money Market Investments": "390,000", "Reconciled Depreciation": "1,421,000", "Net Income from Continuing Operation Net Minority Interest": "5,097,000", "Tax Rate for Calcs": "0", "Tax Effect of Unusual Items": "0"}, "10/31/2019": {"Duration": "10/31/2019", "Total Revenue": "25,332,000", "Credit Losses Provision": "-872,000", "Non Interest Expense": "17,339,000", "Income from Associates & Other Participating Interests": "151,000", "Pretax Income": "7,272,000", "Tax Provision": "1,514,000", "Net Income Common Stockholders": "5,547,000", "Diluted NI Available to Com Stockholders": "5,547,000", "Basic EPS": "8.68", "Diluted EPS": "8.66", "Basic Average Shares": "638,881", "Diluted Average Shares": "640,360", "INTEREST_INCOME_AFTER_PROVISION_FOR_LOAN_LOSS": "12,016,000", "Net Income from Continuing & Discontinued Operation": "5,758,000", "Normalized Income": "5,758,000", "Total Money Market Investments": "787,000", "Reconciled Depreciation": "989,000", "Net Income from Continuing Operation Net Minority Interest": "5,758,000", "Tax Rate for Calcs": "0", "Tax Effect of Unusual Items": "0"}, "10/31/2018": {"Duration": "10/31/2018", "Total Revenue": "22,870,000", "Credit Losses Provision": "-662,000", "Non Interest Expense": "14,965,000", "Income from Associates & Other Participating Interests": "167,000", "Pretax Income": "7,410,000", "Tax Provision": "1,960,000", "Net Income Common Stockholders": "5,266,000", "Diluted NI Available to Com Stockholders": "5,266,000", "Basic EPS": "8.19", "Diluted EPS": "8.17", "Basic Average Shares": "642,930", "Diluted Average Shares": "644,913", "INTEREST_INCOME_AFTER_PROVISION_FOR_LOAN_LOSS": "9,651,000", "Net Income from Continuing & Discontinued Operation": "5,450,000", "Normalized Income": "5,450,000", "Total Money Market Investments": "641,000", "Reconciled Depreciation": "903,000", "Net Income from Continuing Operation Net Minority Interest": "5,450,000", "Tax Rate for Calcs": "0", "Tax Effect of Unusual Items": "0"}}, "bs": {"10/31/2020": {"Duration": "10/31/2020", "Total Assets": "949,261,000", "Total Liabilities Net Minority Interest": "892,668,000", "Total Equity Gross Minority Interest": "56,593,000", "Total Capitalization": "91,898,000", "Preferred Stock Equity": "4,690,000", "Common Stock Equity": "51,903,000", "Capital Lease Obligations": "2,409,000", "Net Tangible Assets": "47,616,000", "Invested Capital": "87,208,000", "Tangible Book Value": "42,926,000", "Total Debt": "37,714,000", "Share Issued": "647,195", "Ordinary Shares Number": "646,542", "Preferred Shares Number": "157,600", "Treasury Shares Number": "652.73"}, "10/31/2019": {"Duration": "10/31/2019", "Total Assets": "852,195,000", "Total Liabilities Net Minority Interest": "801,119,000", "Total Equity Gross Minority Interest": "51,076,000", "Total Capitalization": "85,230,000", "Preferred Stock Equity": "4,690,000", "Common Stock Equity": "46,386,000", "Capital Lease Obligations": "-", "Net Tangible Assets": "42,312,000", "Invested Capital": "80,540,000", "Tangible Book Value": "37,622,000", "Total Debt": "34,154,000", "Share Issued": "639,232", "Ordinary Shares Number": "639,232", "Preferred Shares Number": "163,600", "Treasury Shares Number": "-"}, "10/31/2018": {"Duration": "10/31/2018", "Total Assets": "774,048,000", "Total Liabilities Net Minority Interest": "728,321,000", "Total Equity Gross Minority Interest": "45,727,000", "Total Capitalization": "77,560,000", "Preferred Stock Equity": "4,340,000", "Common Stock Equity": "41,387,000", "Capital Lease Obligations": "-", "Net Tangible Assets": "37,082,000", "Invested Capital": "73,220,000", "Tangible Book Value": "32,742,000", "Total Debt": "31,833,000", "Share Issued": "639,300", "Ordinary Shares Number": "639,300", "Preferred Shares Number": "149,600", "Treasury Shares Number": "-"}}, "cf": {"TTM": {"Duration": "TTM", "Operating Cash Flow": "59,870,000", "Investing Cash Flow": "-24,253,000", "Financing Cash Flow": "-7,112,000", "End Cash Position": "74,247,000", "Income Tax Paid Supplemental Data": "1,207,000", "Interest Paid Supplemental Data": "8,097,000", "Capital Expenditure": "-1,010,000", "Issuance of Capital Stock": "1,290,000", "Issuance of Debt": "5,675,000", "Repayment of Debt": "-5,354,000", "Repurchase of Capital Stock": "-76,000", "Free Cash Flow": "58,860,000"}, "10/31/2020": {"Duration": "10/31/2020", "Operating Cash Flow": "50,836,000", "Investing Cash Flow": "-31,974,000", "Financing Cash Flow": "-10,304,000", "End Cash Position": "57,408,000", "Income Tax Paid Supplemental Data": "1,537,000", "Interest Paid Supplemental Data": "9,679,000", "Capital Expenditure": "-1,032,000", "Issuance of Capital Stock": "1,247,000", "Issuance of Debt": "5,675,000", "Repayment of Debt": "-6,562,000", "Repurchase of Capital Stock": "-76,000", "Free Cash Flow": "49,804,000"}, "10/31/2019": {"Duration": "10/31/2019", "Operating Cash Flow": "29,303,000", "Investing Cash Flow": "-19,580,000", "Financing Cash Flow": "-2,612,000", "End Cash Position": "48,803,000", "Income Tax Paid Supplemental Data": "1,209,000", "Interest Paid Supplemental Data": "12,956,000", "Capital Expenditure": "-1,128,000", "Issuance of Capital Stock": "1,062,000", "Issuance of Debt": "5,168,000", "Repayment of Debt": "-4,765,000", "Repurchase of Capital Stock": "-90,000", "Free Cash Flow": "28,175,000"}, "10/31/2018": {"Duration": "10/31/2018", "Operating Cash Flow": "17,912,000", "Investing Cash Flow": "-11,333,000", "Financing Cash Flow": "2,737,000", "End Cash Position": "42,142,000", "Income Tax Paid Supplemental Data": "1,261,000", "Interest Paid Supplemental Data": "8,790,000", "Capital Expenditure": "-886,000", "Issuance of Capital Stock": "488,000", "Issuance of Debt": "5,391,000", "Repayment of Debt": "-1,467,000", "Repurchase of Capital Stock": "-1,291,000", "Free Cash Flow": "17,026,000"}}}}, {"TD": {"quote": {"03/26/2021": {"value": "65.93", "Market Cap": "119.581B", "Beta (5Y Monthly)": "0.87", "PE Ratio (TTM)": "12.53", "EPS (TTM)": "5.26", "Earnings Date": "N/A", "Forward Dividend & Yield": "2.53 (3.83%)", "Ex-Dividend Date": "Apr 08, 2021", "1y Target Est": "64.56"}}, "fin": {"TTM": {"Duration": "TTM", "Total Revenue": "43,474,000", "Credit Losses Provision": "-6,636,000", "Non Interest Expense": "24,419,000", "Special Income Charges": "-13,000", "Pretax Income": "12,406,000", "Tax Provision": "1,320,000", "Earnings from Equity Interest Net of Tax": "1,097,000", "Net Income Common Stockholders": "11,918,000", "Diluted NI Available to Com Stockholders": "11,918,000", "Basic EPS": "-", "Diluted EPS": "-", "Basic Average Shares": "-", "Diluted Average Shares": "-", "INTEREST_INCOME_AFTER_PROVISION_FOR_LOAN_LOSS": "17,262,000", "Net Income from Continuing & Discontinued Operation": "12,183,000", "Normalized Income": "12,194,617", "Total Money Market Investments": "306,000", "Reconciled Depreciation": "2,227,000", "Net Income from Continuing Operation Net Minority Interest": "12,183,000", "Total Unusual Items Excluding Goodwill": "-13,000", "Total Unusual Items": "-13,000", "Tax Rate for Calcs": "0", "Tax Effect of Unusual Items": "-1,383"}, "10/31/2020": {"Duration": "10/31/2020", "Total Revenue": "43,284,000", "Credit Losses Provision": "-7,242,000", "Non Interest Expense": "24,144,000", "Special Income Charges": "16,000", "Pretax Income": "11,914,000", "Tax Provision": "1,152,000", "Earnings from Equity Interest Net of Tax": "1,133,000", "Net Income Common Stockholders": "11,628,000", "Diluted NI Available to Com Stockholders": "11,628,000", "Basic EPS": "6.43", "Diluted EPS": "6.43", "Basic Average Shares": "1,807,300", "Diluted Average Shares": "1,808,800", "INTEREST_INCOME_AFTER_PROVISION_FOR_LOAN_LOSS": "16,655,000", "Net Income from Continuing & Discontinued Operation": "11,895,000", "Normalized Income": "11,880,552", "Total Money Market Investments": "350,000", "Reconciled Depreciation": "2,141,000", "Net Income from Continuing Operation Net Minority Interest": "11,895,000", "Total Unusual Items Excluding Goodwill": "16,000", "Total Unusual Items": "16,000", "Tax Rate for Calcs": "0", "Tax Effect of Unusual Items": "1,552"}, "10/31/2019": {"Duration": "10/31/2019", "Total Revenue": "40,729,000", "Credit Losses Provision": "-3,029,000", "Non Interest Expense": "24,296,000", "Special Income Charges": "-175,000", "Pretax Income": "13,229,000", "Tax Provision": "2,735,000", "Earnings from Equity Interest Net of Tax": "1,192,000", "Net Income Common Stockholders": "11,416,000", "Diluted NI Available to Com Stockholders": "11,416,000", "Basic EPS": "6.26", "Diluted EPS": "6.25", "Basic Average Shares": "1,824,200", "Diluted Average Shares": "1,827,300", "INTEREST_INCOME_AFTER_PROVISION_FOR_LOAN_LOSS": "19,354,000", "Net Income from Continuing & Discontinued Operation": "11,668,000", "Normalized Income": "11,806,775", "Total Money Market Investments": "683,000", "Reconciled Depreciation": "1,405,000", "Net Income from Continuing Operation Net Minority Interest": "11,668,000", "Total Unusual Items Excluding Goodwill": "-175,000", "Total Unusual Items": "-175,000", "Tax Rate for Calcs": "0", "Tax Effect of Unusual Items": "-36,225"}, "10/31/2018": {"Duration": "10/31/2018", "Total Revenue": "38,528,000", "Credit Losses Provision": "-2,480,000", "Non Interest Expense": "22,202,000", "Special Income Charges": "-73,000", "Pretax Income": "13,773,000", "Tax Provision": "3,182,000", "Earnings from Equity Interest Net of Tax": "743,000", "Net Income Common Stockholders": "11,048,000", "Diluted NI Available to Com Stockholders": "11,048,000", "Basic EPS": "6.02", "Diluted EPS": "6.01", "Basic Average Shares": "1,835,400", "Diluted Average Shares": "1,839,500", "INTEREST_INCOME_AFTER_PROVISION_FOR_LOAN_LOSS": "18,525,000", "Net Income from Continuing & Discontinued Operation": "11,262,000", "Normalized Income": "11,318,137", "Total Money Market Investments": "713,000", "Reconciled Depreciation": "1,391,000", "Net Income from Continuing Operation Net Minority Interest": "11,262,000", "Total Unusual Items Excluding Goodwill": "-73,000", "Total Unusual Items": "-73,000", "Tax Rate for Calcs": "0", "Tax Effect of Unusual Items": "-16,863"}}, "bs": {"10/31/2020": {"Duration": "10/31/2020", "Total Assets": "1,715,865,000", "Total Liabilities Net Minority Interest": "1,620,366,000", "Total Equity Gross Minority Interest": "95,499,000", "Total Capitalization": "136,462,000", "Preferred Stock Equity": "5,650,000", "Common Stock Equity": "89,849,000", "Capital Lease Obligations": "6,095,000", "Net Tangible Assets": "76,226,000", "Invested Capital": "130,812,000", "Tangible Book Value": "70,576,000", "Total Debt": "47,058,000", "Net Debt": "-", "Share Issued": "1,816,108", "Ordinary Shares Number": "1,815,608", "Preferred Shares Number": "226,000", "Treasury Shares Number": "500"}, "10/31/2019": {"Duration": "10/31/2019", "Total Assets": "1,415,290,000", "Total Liabilities Net Minority Interest": "1,327,589,000", "Total Equity Gross Minority Interest": "87,701,000", "Total Capitalization": "125,570,000", "Preferred Stock Equity": "5,800,000", "Common Stock Equity": "81,901,000", "Capital Lease Obligations": "-", "Net Tangible Assets": "68,222,000", "Invested Capital": "119,770,000", "Tangible Book Value": "62,422,000", "Total Debt": "37,869,000", "Net Debt": "7,423,000", "Share Issued": "1,813,087", "Ordinary Shares Number": "1,812,487", "Preferred Shares Number": "232,000", "Treasury Shares Number": "600"}, "10/31/2018": {"Duration": "10/31/2018", "Total Assets": "1,334,903,000", "Total Liabilities Net Minority Interest": "1,254,863,000", "Total Equity Gross Minority Interest": "80,040,000", "Total Capitalization": "115,088,000", "Preferred Stock Equity": "5,000,000", "Common Stock Equity": "74,047,000", "Capital Lease Obligations": "-", "Net Tangible Assets": "60,052,000", "Invested Capital": "110,088,000", "Tangible Book Value": "55,052,000", "Total Debt": "36,041,000", "Net Debt": "586,000", "Share Issued": "1,832,496", "Ordinary Shares Number": "1,830,396", "Preferred Shares Number": "184,000", "Treasury Shares Number": "2,100"}}, "cf": {"TTM": {"Duration": "TTM", "Operating Cash Flow": "263,842,000", "Investing Cash Flow": "-256,689,000", "Financing Cash Flow": "-5,841,000", "End Cash Position": "6,385,000", "Income Tax Paid Supplemental Data": "2,254,000", "Interest Paid Supplemental Data": "7,752,000", "Capital Expenditure": "-1,548,000", "Issuance of Capital Stock": "9,740,000", "Issuance of Debt": "-", "Repayment of Debt": "-3,055,000", "Repurchase of Capital Stock": "-10,436,000", "Free Cash Flow": "262,294,000"}, "10/31/2020": {"Duration": "10/31/2020", "Operating Cash Flow": "231,786,000", "Investing Cash Flow": "-224,115,000", "Financing Cash Flow": "-6,129,000", "End Cash Position": "6,445,000", "Income Tax Paid Supplemental Data": "2,285,000", "Interest Paid Supplemental Data": "10,287,000", "Capital Expenditure": "-1,757,000", "Issuance of Capital Stock": "8,917,000", "Issuance of Debt": "3,000,000", "Repayment of Debt": "-3,126,000", "Repurchase of Capital Stock": "-9,877,000", "Free Cash Flow": "230,029,000"}, "10/31/2019": {"Duration": "10/31/2019", "Operating Cash Flow": "271,000", "Investing Cash Flow": "5,506,000", "Financing Cash Flow": "-5,652,000", "End Cash Position": "4,863,000", "Income Tax Paid Supplemental Data": "3,589,000", "Interest Paid Supplemental Data": "17,958,000", "Capital Expenditure": "-794,000", "Issuance of Capital Stock": "10,911,000", "Issuance of Debt": "1,773,000", "Repayment of Debt": "-", "Repurchase of Capital Stock": "-12,168,000", "Free Cash Flow": "-523,000"}, "10/31/2018": {"Duration": "10/31/2018", "Operating Cash Flow": "5,693,000", "Investing Cash Flow": "1,549,000", "Financing Cash Flow": "-6,527,000", "End Cash Position": "4,735,000", "Income Tax Paid Supplemental Data": "3,535,000", "Interest Paid Supplemental Data": "13,888,000", "Capital Expenditure": "-587,000", "Issuance of Capital Stock": "9,322,000", "Issuance of Debt": "1,750,000", "Repayment of Debt": "-2,468,000", "Repurchase of Capital Stock": "-10,425,000", "Free Cash Flow": "5,106,000"}}}}, {"RY": {"quote": {"03/26/2021": {"value": "93.11", "Market Cap": "133.05B", "Beta (5Y Monthly)": "0.80", "PE Ratio (TTM)": "14.43", "EPS (TTM)": "6.45", "Earnings Date": "Nov 30, 2016 - Dec 05, 2016", "Forward Dividend & Yield": "3.43 (3.72%)", "Ex-Dividend Date": "Apr 21, 2021", "1y Target Est": "88.28"}}, "fin": {"TTM": {"Duration": "TTM", "Total Revenue": "47,208,000", "Credit Losses Provision": "-4,042,000", "Non Interest Expense": "28,397,000", "Income from Associates & Other Participating Interests": "80,000", "Pretax Income": "14,849,000", "Tax Provision": "3,074,000", "Net Income Common Stockholders": "11,512,000", "Average Dilution Earnings": "9,000", "Diluted NI Available to Com Stockholders": "11,521,000", "Basic EPS": "-", "Diluted EPS": "-", "Basic Average Shares": "-", "Diluted Average Shares": "-", "INTEREST_INCOME_AFTER_PROVISION_FOR_LOAN_LOSS": "16,607,000", "Net Income from Continuing & Discontinued Operation": "11,773,000", "Normalized Income": "11,773,000", "Total Money Market Investments": "3,290,000", "Reconciled Depreciation": "2,638,000", "Net Income from Continuing Operation Net Minority Interest": "11,773,000", "Tax Rate for Calcs": "0", "Tax Effect of Unusual Items": "0"}, "10/31/2020": {"Duration": "10/31/2020", "Total Revenue": "47,104,000", "Credit Losses Provision": "-4,351,000", "Non Interest Expense": "28,441,000", "Income from Associates & Other Participating Interests": "77,000", "Pretax Income": "14,389,000", "Tax Provision": "2,952,000", "Net Income Common Stockholders": "11,164,000", "Average Dilution Earnings": "13,000", "Diluted NI Available to Com Stockholders": "11,177,000", "Basic EPS": "7.84", "Diluted EPS": "7.82", "Basic Average Shares": "1,423,915", "Diluted Average Shares": "1,428,770", "INTEREST_INCOME_AFTER_PROVISION_FOR_LOAN_LOSS": "16,484,000", "Net Income from Continuing & Discontinued Operation": "11,432,000", "Normalized Income": "11,432,000", "Total Money Market Investments": "4,975,000", "Reconciled Depreciation": "2,648,000", "Net Income from Continuing Operation Net Minority Interest": "11,432,000", "Tax Rate for Calcs": "0", "Tax Effect of Unusual Items": "0"}, "10/31/2019": {"Duration": "10/31/2019", "Total Revenue": "45,926,000", "Credit Losses Provision": "-1,864,000", "Non Interest Expense": "28,224,000", "Income from Associates & Other Participating Interests": "76,000", "Pretax Income": "15,914,000", "Tax Provision": "3,043,000", "Net Income Common Stockholders": "12,591,000", "Average Dilution Earnings": "15,000", "Diluted NI Available to Com Stockholders": "12,606,000", "Basic EPS": "8.78", "Diluted EPS": "8.75", "Basic Average Shares": "1,434,779", "Diluted Average Shares": "1,440,682", "INTEREST_INCOME_AFTER_PROVISION_FOR_LOAN_LOSS": "17,885,000", "Net Income from Continuing & Discontinued Operation": "12,860,000", "Normalized Income": "12,860,000", "Total Money Market Investments": "9,643,000", "Reconciled Depreciation": "1,934,000", "Net Income from Continuing Operation Net Minority Interest": "12,860,000", "Tax Rate for Calcs": "0", "Tax Effect of Unusual Items": "0"}, "10/31/2018": {"Duration": "10/31/2018", "Total Revenue": "42,555,000", "Credit Losses Provision": "-1,307,000", "Non Interest Expense": "25,509,000", "Income from Associates & Other Participating Interests": "21,000", "Pretax Income": "15,760,000", "Tax Provision": "3,329,000", "Net Income Common Stockholders": "12,115,000", "Average Dilution Earnings": "15,000", "Diluted NI Available to Com Stockholders": "12,130,000", "Basic EPS": "8.39", "Diluted EPS": "8.36", "Basic Average Shares": "1,443,894", "Diluted Average Shares": "1,450,485", "INTEREST_INCOME_AFTER_PROVISION_FOR_LOAN_LOSS": "16,884,000", "Net Income from Continuing & Discontinued Operation": "12,400,000", "Normalized Income": "12,400,000", "Total Money Market Investments": "6,102,000", "Reconciled Depreciation": "1,652,000", "Net Income from Continuing Operation Net Minority Interest": "12,400,000", "Tax Rate for Calcs": "0", "Tax Effect of Unusual Items": "0"}}, "bs": {"10/31/2020": {"Duration": "10/31/2020", "Total Assets": "1,624,548,000", "Total Liabilities Net Minority Interest": "1,537,781,000", "Total Equity Gross Minority Interest": "86,767,000", "Total Capitalization": "96,531,000", "Preferred Stock Equity": "5,945,000", "Common Stock Equity": "80,719,000", "Capital Lease Obligations": "5,357,000", "Net Tangible Assets": "70,610,000", "Invested Capital": "90,586,000", "Tangible Book Value": "64,665,000", "Total Debt": "15,224,000", "Share Issued": "1,423,861", "Ordinary Shares Number": "1,422,473", "Preferred Shares Number": "167,015", "Treasury Shares Number": "1,388"}, "10/31/2019": {"Duration": "10/31/2019", "Total Assets": "1,428,935,000", "Total Liabilities Net Minority Interest": "1,345,310,000", "Total Equity Gross Minority Interest": "83,625,000", "Total Capitalization": "93,338,000", "Preferred Stock Equity": "5,707,000", "Common Stock Equity": "77,816,000", "Capital Lease Obligations": "-", "Net Tangible Assets": "67,613,000", "Invested Capital": "87,631,000", "Tangible Book Value": "61,906,000", "Total Debt": "9,815,000", "Share Issued": "1,430,678", "Ordinary Shares Number": "1,430,096", "Preferred Shares Number": "221,800", "Treasury Shares Number": "582"}, "10/31/2018": {"Duration": "10/31/2018", "Total Assets": "1,334,734,000", "Total Liabilities Net Minority Interest": "1,254,779,000", "Total Equity Gross Minority Interest": "79,955,000", "Total Capitalization": "88,992,000", "Preferred Stock Equity": "6,309,000", "Common Stock Equity": "73,552,000", "Capital Lease Obligations": "-", "Net Tangible Assets": "64,037,000", "Invested Capital": "82,683,000", "Tangible Book Value": "57,728,000", "Total Debt": "9,131,000", "Share Issued": "1,439,029", "Ordinary Shares Number": "1,438,794", "Preferred Shares Number": "251,000", "Treasury Shares Number": "235"}}, "cf": {"TTM": {"Duration": "TTM", "Operating Cash Flow": "149,688,000", "Investing Cash Flow": "-26,087,000", "Financing Cash Flow": "-8,449,000", "End Cash Position": "149,272,000", "Income Tax Paid Supplemental Data": "3,031,000", "Interest Paid Supplemental Data": "10,435,000", "Capital Expenditure": "-2,313,000", "Issuance of Capital Stock": "7,205,000", "Issuance of Debt": "2,250,000", "Repayment of Debt": "-3,093,000", "Repurchase of Capital Stock": "-5,653,000", "Free Cash Flow": "147,375,000"}, "10/31/2020": {"Duration": "10/31/2020", "Operating Cash Flow": "138,819,000", "Investing Cash Flow": "-39,557,000", "Financing Cash Flow": "-7,746,000", "End Cash Position": "118,888,000", "Income Tax Paid Supplemental Data": "2,880,000", "Interest Paid Supplemental Data": "13,058,000", "Capital Expenditure": "-2,629,000", "Issuance of Capital Stock": "6,593,000", "Issuance of Debt": "2,750,000", "Repayment of Debt": "-3,588,000", "Repurchase of Capital Stock": "-7,175,000", "Free Cash Flow": "136,190,000"}, "10/31/2019": {"Duration": "10/31/2019", "Operating Cash Flow": "14,265,000", "Investing Cash Flow": "-11,126,000", "Financing Cash Flow": "-7,457,000", "End Cash Position": "26,310,000", "Income Tax Paid Supplemental Data": "2,977,000", "Interest Paid Supplemental Data": "19,984,000", "Capital Expenditure": "-2,261,000", "Issuance of Capital Stock": "5,977,000", "Issuance of Debt": "1,500,000", "Repayment of Debt": "-1,100,000", "Repurchase of Capital Stock": "-7,544,000", "Free Cash Flow": "12,004,000"}, "10/31/2018": {"Duration": "10/31/2018", "Operating Cash Flow": "17,474,000", "Investing Cash Flow": "-8,018,000", "Financing Cash Flow": "-7,720,000", "End Cash Position": "30,209,000", "Income Tax Paid Supplemental Data": "5,818,000", "Interest Paid Supplemental Data": "13,524,000", "Capital Expenditure": "-1,980,000", "Issuance of Capital Stock": "5,810,000", "Issuance of Debt": "-", "Repayment of Debt": "0", "Repurchase of Capital Stock": "-7,353,000", "Free Cash Flow": "15,494,000"}}}}, {"CM": {"quote": {"03/26/2021": {"value": "99.52", "Market Cap": "44.478B", "Beta (5Y Monthly)": "1.01", "PE Ratio (TTM)": "13.63", "EPS (TTM)": "7.30", "Earnings Date": "N/A", "Forward Dividend & Yield": "4.67 (4.69%)", "Ex-Dividend Date": "Mar 26, 2021", "1y Target Est": "98.97"}}, "fin": {"TTM": {"Duration": "TTM", "Total Revenue": "18,772,000", "Credit Losses Provision": "-2,375,000", "Non Interest Expense": "11,023,000", "Income from Associates & Other Participating Interests": "77,000", "Pretax Income": "5,451,000", "Tax Provision": "1,246,000", "Net Income Common Stockholders": "4,085,000", "Diluted NI Available to Com Stockholders": "4,085,000", "Basic EPS": "-", "Diluted EPS": "-", "Basic Average Shares": "-", "Diluted Average Shares": "-", "INTEREST_INCOME_AFTER_PROVISION_FOR_LOAN_LOSS": "8,747,000", "Net Income from Continuing & Discontinued Operation": "4,206,000", "Normalized Income": "4,206,000", "Total Money Market Investments": "756,000", "Reconciled Depreciation": "1,302,000", "Net Income from Continuing Operation Net Minority Interest": "4,206,000", "Tax Rate for Calcs": "0", "Tax Effect of Unusual Items": "0"}, "10/31/2020": {"Duration": "10/31/2020", "Total Revenue": "18,662,000", "Credit Losses Provision": "-2,489,000", "Non Interest Expense": "11,362,000", "Income from Associates & Other Participating Interests": "79,000", "Pretax Income": "4,890,000", "Tax Provision": "1,098,000", "Net Income Common Stockholders": "3,668,000", "Diluted NI Available to Com Stockholders": "3,668,000", "Basic EPS": "8.23", "Diluted EPS": "8.22", "Basic Average Shares": "445,435", "Diluted Average Shares": "446,021", "INTEREST_INCOME_AFTER_PROVISION_FOR_LOAN_LOSS": "8,555,000", "Net Income from Continuing & Discontinued Operation": "3,790,000", "Normalized Income": "3,790,000", "Total Money Market Investments": "1,091,000", "Reconciled Depreciation": "1,311,000", "Net Income from Continuing Operation Net Minority Interest": "3,790,000", "Tax Rate for Calcs": "0", "Tax Effect of Unusual Items": "0"}, "10/31/2019": {"Duration": "10/31/2019", "Total Revenue": "18,519,000", "Credit Losses Provision": "-1,286,000", "Non Interest Expense": "10,856,000", "Income from Associates & Other Participating Interests": "92,000", "Pretax Income": "6,469,000", "Tax Provision": "1,348,000", "Net Income Common Stockholders": "4,985,000", "Diluted NI Available to Com Stockholders": "4,985,000", "Basic EPS": "11.22", "Diluted EPS": "11.19", "Basic Average Shares": "444,324", "Diluted Average Shares": "445,457", "INTEREST_INCOME_AFTER_PROVISION_FOR_LOAN_LOSS": "9,265,000", "Net Income from Continuing & Discontinued Operation": "5,096,000", "Normalized Income": "5,096,000", "Total Money Market Investments": "1,870,000", "Reconciled Depreciation": "838,000", "Net Income from Continuing Operation Net Minority Interest": "5,096,000", "Tax Rate for Calcs": "0", "Tax Effect of Unusual Items": "0"}, "10/31/2018": {"Duration": "10/31/2018", "Total Revenue": "17,713,000", "Credit Losses Provision": "-870,000", "Non Interest Expense": "10,258,000", "Income from Associates & Other Participating Interests": "121,000", "Pretax Income": "6,706,000", "Tax Provision": "1,422,000", "Net Income Common Stockholders": "5,178,000", "Diluted NI Available to Com Stockholders": "5,178,000", "Basic EPS": "11.69", "Diluted EPS": "11.65", "Basic Average Shares": "443,082", "Diluted Average Shares": "444,627", "INTEREST_INCOME_AFTER_PROVISION_FOR_LOAN_LOSS": "9,195,000", "Net Income from Continuing & Discontinued Operation": "5,267,000", "Normalized Income": "5,267,000", "Total Money Market Investments": "1,335,000", "Reconciled Depreciation": "657,000", "Net Income from Continuing Operation Net Minority Interest": "5,267,000", "Tax Rate for Calcs": "0", "Tax Effect of Unusual Items": "0"}}, "bs": {"10/31/2020": {"Duration": "10/31/2020", "Total Assets": "769,551,000", "Total Liabilities Net Minority Interest": "728,216,000", "Total Equity Gross Minority Interest": "41,335,000", "Total Capitalization": "87,017,000", "Preferred Stock Equity": "3,575,000", "Common Stock Equity": "37,579,000", "Net Tangible Assets": "33,940,000", "Invested Capital": "83,442,000", "Tangible Book Value": "30,365,000", "Total Debt": "45,863,000", "Net Debt": "-", "Share Issued": "446,933", "Ordinary Shares Number": "446,780", "Preferred Shares Number": "113,000", "Treasury Shares Number": "152.579"}, "10/31/2019": {"Duration": "10/31/2019", "Total Assets": "651,604,000", "Total Liabilities Net Minority Interest": "613,024,000", "Total Equity Gross Minority Interest": "38,580,000", "Total Capitalization": "81,973,000", "Preferred Stock Equity": "2,825,000", "Common Stock Equity": "35,569,000", "Net Tangible Assets": "30,976,000", "Invested Capital": "79,148,000", "Tangible Book Value": "28,151,000", "Total Debt": "43,579,000", "Net Debt": "26,220,000", "Share Issued": "445,342", "Ordinary Shares Number": "445,326", "Preferred Shares Number": "113,000", "Treasury Shares Number": "15.931"}, "10/31/2018": {"Duration": "10/31/2018", "Total Assets": "597,099,000", "Total Liabilities Net Minority Interest": "561,983,000", "Total Equity Gross Minority Interest": "35,116,000", "Total Capitalization": "81,630,000", "Preferred Stock Equity": "2,250,000", "Common Stock Equity": "32,693,000", "Net Tangible Assets": "27,434,000", "Invested Capital": "79,380,000", "Tangible Book Value": "25,184,000", "Total Debt": "46,687,000", "Net Debt": "28,996,000", "Share Issued": "442,829", "Ordinary Shares Number": "442,826", "Preferred Shares Number": "90,000", "Treasury Shares Number": "3.019"}}, "cf": {"TTM": {"Duration": "TTM", "Operating Cash Flow": "58,397,000", "Investing Cash Flow": "-17,964,000", "Financing Cash Flow": "-2,116,000", "End Cash Position": "43,071,000", "Income Tax Paid Supplemental Data": "-433,000", "Interest Paid Supplemental Data": "5,274,000", "Capital Expenditure": "-318,000", "Issuance of Capital Stock": "902,000", "Issuance of Debt": "-", "Repayment of Debt": "-1,347,000", "Repurchase of Capital Stock": "-85,000", "Free Cash Flow": "58,079,000"}, "10/31/2020": {"Duration": "10/31/2020", "Operating Cash Flow": "60,295,000", "Investing Cash Flow": "-19,408,000", "Financing Cash Flow": "-1,221,000", "End Cash Position": "43,531,000", "Income Tax Paid Supplemental Data": "39,000", "Interest Paid Supplemental Data": "6,716,000", "Capital Expenditure": "-309,000", "Issuance of Capital Stock": "924,000", "Issuance of Debt": "1,000,000", "Repayment of Debt": "-340,000", "Repurchase of Capital Stock": "-234,000", "Free Cash Flow": "59,986,000"}, "10/31/2019": {"Duration": "10/31/2019", "Operating Cash Flow": "18,635,000", "Investing Cash Flow": "-17,889,000", "Financing Cash Flow": "-1,290,000", "End Cash Position": "3,840,000", "Income Tax Paid Supplemental Data": "1,549,000", "Interest Paid Supplemental Data": "10,008,000", "Capital Expenditure": "-272,000", "Issuance of Capital Stock": "726,000", "Issuance of Debt": "1,500,000", "Repayment of Debt": "-1,001,000", "Repurchase of Capital Stock": "-109,000", "Free Cash Flow": "18,363,000"}, "10/31/2018": {"Duration": "10/31/2018", "Operating Cash Flow": "9,867,000", "Investing Cash Flow": "-7,987,000", "Financing Cash Flow": "-993,000", "End Cash Position": "4,380,000", "Income Tax Paid Supplemental Data": "1,654,000", "Interest Paid Supplemental Data": "7,235,000", "Capital Expenditure": "-255,000", "Issuance of Capital Stock": "637,000", "Issuance of Debt": "1,534,000", "Repayment of Debt": "-638,000", "Repurchase of Capital Stock": "-417,000", "Free Cash Flow": "9,612,000"}}}}, {"STL": {"quote": {"03/26/2021": {"value": "23.94", "Market Cap": "4.631B", "Beta (5Y Monthly)": "1.72", "PE Ratio (TTM)": "21.38", "EPS (TTM)": "1.12", "Earnings Date": "Apr 26, 2021 - Apr 30, 2021", "Forward Dividend & Yield": "0.28 (1.17%)", "Ex-Dividend Date": "Jan 29, 2021", "1y Target Est": "24.54"}}, "fin": {"TTM": {"Duration": "TTM", "Total Revenue": "990,634", "Credit Losses Provision": "-252,386", "Non Interest Expense": "449,807", "Special Income Charges": "-32,773", "Pretax Income": "255,668", "Tax Provision": "29,899", "Net Income Common Stockholders": "217,886", "Diluted NI Available to Com Stockholders": "217,886", "Basic EPS": "-", "Diluted EPS": "-", "Basic Average Shares": "-", "Diluted Average Shares": "-", "INTEREST_INCOME_AFTER_PROVISION_FOR_LOAN_LOSS": "612,535", "Net Income from Continuing & Discontinued Operation": "225,769", "Normalized Income": "254,708", "Reconciled Depreciation": "36,290", "Net Income from Continuing Operation Net Minority Interest": "225,769", "Total Unusual Items Excluding Goodwill": "-32,773", "Total Unusual Items": "-32,773", "Tax Rate for Calcs": "0", "Tax Effect of Unusual Items": "-3,834"}, "12/31/2020": {"Duration": "12/31/2020", "Total Revenue": "990,634", "Credit Losses Provision": "-252,386", "Non Interest Expense": "449,807", "Special Income Charges": "-32,773", "Pretax Income": "255,668", "Tax Provision": "29,899", "Net Income Common Stockholders": "217,886", "Diluted NI Available to Com Stockholders": "217,886", "Basic EPS": "-", "Diluted EPS": "-", "Basic Average Shares": "-", "Diluted Average Shares": "-", "INTEREST_INCOME_AFTER_PROVISION_FOR_LOAN_LOSS": "612,535", "Net Income from Continuing & Discontinued Operation": "225,769", "Normalized Income": "254,708", "Reconciled Depreciation": "36,290", "Net Income from Continuing Operation Net Minority Interest": "225,769", "Total Unusual Items Excluding Goodwill": "-32,773", "Total Unusual Items": "-32,773", "Tax Rate for Calcs": "0", "Tax Effect of Unusual Items": "-3,834"}, "12/31/2019": {"Duration": "12/31/2019", "Total Revenue": "1,032,045", "Credit Losses Provision": "-45,985", "Non Interest Expense": "435,082", "Special Income Charges": "-11,012", "Pretax Income": "539,966", "Tax Provision": "112,925", "Net Income Common Stockholders": "419,108", "Diluted NI Available to Com Stockholders": "419,108", "Basic EPS": "2.04", "Diluted EPS": "2.03", "Basic Average Shares": "205,680", "Diluted Average Shares": "206,132", "INTEREST_INCOME_AFTER_PROVISION_FOR_LOAN_LOSS": "872,938", "Net Income from Continuing & Discontinued Operation": "427,041", "Normalized Income": "435,751", "Reconciled Depreciation": "39,107", "Net Income from Continuing Operation Net Minority Interest": "427,041", "Total Unusual Items Excluding Goodwill": "-11,012", "Total Unusual Items": "-11,012", "Tax Rate for Calcs": "0", "Tax Effect of Unusual Items": "-2,302"}, "12/31/2018": {"Duration": "12/31/2018", "Total Revenue": "1,058,800", "Credit Losses Provision": "-46,000", "Non Interest Expense": "445,410", "Special Income Charges": "-1,160", "Pretax Income": "566,230", "Tax Provision": "118,976", "Net Income Common Stockholders": "439,276", "Diluted NI Available to Com Stockholders": "439,276", "Basic EPS": "1.96", "Diluted EPS": "1.95", "Basic Average Shares": "224,299", "Diluted Average Shares": "224,817", "INTEREST_INCOME_AFTER_PROVISION_FOR_LOAN_LOSS": "921,403", "Net Income from Continuing & Discontinued Operation": "447,254", "Normalized Income": "448,170", "Reconciled Depreciation": "43,995", "Net Income from Continuing Operation Net Minority Interest": "447,254", "Total Unusual Items Excluding Goodwill": "-1,160", "Total Unusual Items": "-1,160", "Tax Rate for Calcs": "0", "Tax Effect of Unusual Items": "-243.6"}}, "bs": {"12/31/2020": {"Duration": "12/31/2020", "Total Assets": "29,820,138", "Total Liabilities Net Minority Interest": "25,229,624", "Total Equity Gross Minority Interest": "4,590,514", "Total Capitalization": "5,608,127", "Preferred Stock Equity": "136,689", "Common Stock Equity": "4,453,825", "Capital Lease Obligations": "113,405", "Net Tangible Assets": "2,813,468", "Invested Capital": "5,471,438", "Tangible Book Value": "2,676,779", "Total Debt": "1,131,018", "Net Debt": "630,133", "Share Issued": "229,873", "Ordinary Shares Number": "192,923", "Preferred Shares Number": "5,400", "Treasury Shares Number": "36,950"}, "12/31/2019": {"Duration": "12/31/2019", "Total Assets": "30,586,497", "Total Liabilities Net Minority Interest": "26,056,384", "Total Equity Gross Minority Interest": "4,530,113", "Total Capitalization": "7,393,393", "Preferred Stock Equity": "137,581", "Common Stock Equity": "4,392,532", "Capital Lease Obligations": "118,986", "Net Tangible Assets": "2,736,267", "Invested Capital": "7,255,812", "Tangible Book Value": "2,598,686", "Total Debt": "2,982,266", "Net Debt": "2,534,129", "Share Issued": "229,873", "Ordinary Shares Number": "198,455", "Preferred Shares Number": "5,400", "Treasury Shares Number": "31,418"}, "12/31/2018": {"Duration": "12/31/2018", "Total Assets": "31,383,307", "Total Liabilities Net Minority Interest": "26,954,454", "Total Equity Gross Minority Interest": "4,428,853", "Total Capitalization": "9,621,698", "Preferred Stock Equity": "138,423", "Common Stock Equity": "4,290,430", "Capital Lease Obligations": "-", "Net Tangible Assets": "2,686,275", "Invested Capital": "9,483,275", "Tangible Book Value": "2,547,852", "Total Debt": "5,192,845", "Net Debt": "4,754,735", "Share Issued": "229,873", "Ordinary Shares Number": "216,228", "Preferred Shares Number": "5,400", "Treasury Shares Number": "13,645"}}, "cf": {"TTM": {"Duration": "TTM", "Operating Cash Flow": "391,838", "Investing Cash Flow": "618,411", "Financing Cash Flow": "-1,034,398", "End Cash Position": "305,002", "Income Tax Paid Supplemental Data": "17,359", "Interest Paid Supplemental Data": "158,663", "Capital Expenditure": "-20,058", "Issuance of Capital Stock": "-", "Issuance of Debt": "1,518,350", "Repayment of Debt": "-3,269,723", "Repurchase of Capital Stock": "-111,597", "Free Cash Flow": "371,780"}, "12/31/2020": {"Duration": "12/31/2020", "Operating Cash Flow": "391,838", "Investing Cash Flow": "618,411", "Financing Cash Flow": "-1,034,398", "End Cash Position": "305,002", "Income Tax Paid Supplemental Data": "17,359", "Interest Paid Supplemental Data": "158,663", "Capital Expenditure": "-20,058", "Issuance of Capital Stock": "-", "Issuance of Debt": "1,518,350", "Repayment of Debt": "-3,269,723", "Repurchase of Capital Stock": "-111,597", "Free Cash Flow": "371,780"}, "12/31/2019": {"Duration": "12/31/2019", "Operating Cash Flow": "438,069", "Investing Cash Flow": "1,032,750", "Financing Cash Flow": "-1,579,778", "End Cash Position": "329,151", "Income Tax Paid Supplemental Data": "62,368", "Interest Paid Supplemental Data": "284,575", "Capital Expenditure": "-23,705", "Issuance of Capital Stock": "-", "Issuance of Debt": "2,622,281", "Repayment of Debt": "-4,156,954", "Repurchase of Capital Stock": "-382,883", "Free Cash Flow": "414,364"}, "12/31/2018": {"Duration": "12/31/2018", "Operating Cash Flow": "394,775", "Investing Cash Flow": "-1,062,559", "Financing Cash Flow": "625,988", "End Cash Position": "438,110", "Income Tax Paid Supplemental Data": "32,365", "Interest Paid Supplemental Data": "236,807", "Capital Expenditure": "-24,015", "Issuance of Capital Stock": "0", "Issuance of Debt": "4,016,176", "Repayment of Debt": "-3,531,455", "Repurchase of Capital Stock": "-159,903", "Free Cash Flow": "370,760"}}}}, {"BNS": {"quote": {"03/26/2021": {"value": "63.24", "Market Cap": "76.853B", "Beta (5Y Monthly)": "0.90", "PE Ratio (TTM)": "14.87", "EPS (TTM)": "4.25", "Earnings Date": "Feb 06, 2017 - Feb 10, 2017", "Forward Dividend & Yield": "2.85 (4.58%)", "Ex-Dividend Date": "Apr 05, 2021", "1y Target Est": "71.51"}}, "fin": {"TTM": {"Duration": "TTM", "Total Revenue": "31,059,000", "Credit Losses Provision": "-5,922,000", "Non Interest Expense": "16,646,000", "Income from Associates & Other Participating Interests": "208,000", "Pretax Income": "8,699,000", "Tax Provision": "1,774,000", "Net Income Common Stockholders": "6,585,000", "Average Dilution Earnings": "20,000", "Diluted NI Available to Com Stockholders": "6,605,000", "Basic EPS": "-", "Diluted EPS": "-", "Basic Average Shares": "-", "Diluted Average Shares": "-", "INTEREST_INCOME_AFTER_PROVISION_FOR_LOAN_LOSS": "11,357,000", "Net Income from Continuing & Discontinued Operation": "6,799,000", "Normalized Income": "6,799,000", "Total Money Market Investments": "485,000", "Reconciled Depreciation": "1,527,000", "Net Income from Continuing Operation Net Minority Interest": "6,799,000", "Tax Rate for Calcs": "0", "Tax Effect of Unusual Items": "0"}, "10/31/2020": {"Duration": "10/31/2020", "Total Revenue": "31,094,000", "Credit Losses Provision": "-6,084,000", "Non Interest Expense": "16,856,000", "Income from Associates & Other Participating Interests": "242,000", "Pretax Income": "8,396,000", "Tax Provision": "1,543,000", "Net Income Common Stockholders": "6,582,000", "Average Dilution Earnings": "6,000", "Diluted NI Available to Com Stockholders": "6,588,000", "Basic EPS": "5.43", "Diluted EPS": "5.30", "Basic Average Shares": "1,212,000", "Diluted Average Shares": "1,243,000", "INTEREST_INCOME_AFTER_PROVISION_FOR_LOAN_LOSS": "11,236,000", "Net Income from Continuing & Discontinued Operation": "6,778,000", "Normalized Income": "6,778,000", "Total Money Market Investments": "700,000", "Reconciled Depreciation": "1,546,000", "Net Income from Continuing Operation Net Minority Interest": "6,778,000", "Tax Rate for Calcs": "0", "Tax Effect of Unusual Items": "0"}, "10/31/2019": {"Duration": "10/31/2019", "Total Revenue": "30,384,000", "Credit Losses Provision": "-3,027,000", "Non Interest Expense": "16,737,000", "Income from Associates & Other Participating Interests": "650,000", "Pretax Income": "11,270,000", "Tax Provision": "2,472,000", "Net Income Common Stockholders": "8,208,000", "Average Dilution Earnings": "142,000", "Diluted NI Available to Com Stockholders": "8,350,000", "Basic EPS": "6.72", "Diluted EPS": "6.68", "Basic Average Shares": "1,222,000", "Diluted Average Shares": "1,251,000", "INTEREST_INCOME_AFTER_PROVISION_FOR_LOAN_LOSS": "14,150,000", "Net Income from Continuing & Discontinued Operation": "8,390,000", "Normalized Income": "8,390,000", "Total Money Market Investments": "1,430,000", "Reconciled Depreciation": "1,053,000", "Net Income from Continuing Operation Net Minority Interest": "8,390,000", "Tax Rate for Calcs": "0", "Tax Effect of Unusual Items": "0"}, "10/31/2018": {"Duration": "10/31/2018", "Total Revenue": "28,216,000", "Credit Losses Provision": "-2,611,000", "Non Interest Expense": "15,058,000", "Income from Associates & Other Participating Interests": "559,000", "Pretax Income": "11,106,000", "Tax Provision": "2,382,000", "Net Income Common Stockholders": "8,361,000", "Average Dilution Earnings": "16,000", "Diluted NI Available to Com Stockholders": "8,377,000", "Basic EPS": "6.90", "Diluted EPS": "6.82", "Basic Average Shares": "1,213,000", "Diluted Average Shares": "1,229,000", "INTEREST_INCOME_AFTER_PROVISION_FOR_LOAN_LOSS": "13,580,000", "Net Income from Continuing & Discontinued Operation": "8,548,000", "Normalized Income": "8,548,000", "Total Money Market Investments": "1,305,000", "Reconciled Depreciation": "848,000", "Net Income from Continuing Operation Net Minority Interest": "8,548,000", "Tax Rate for Calcs": "0", "Tax Effect of Unusual Items": "0"}}, "bs": {"10/31/2020": {"Duration": "10/31/2020", "Total Assets": "1,136,466,000", "Total Liabilities Net Minority Interest": "1,065,963,000", "Total Equity Gross Minority Interest": "70,503,000", "Total Capitalization": "94,431,000", "Preferred Stock Equity": "5,308,000", "Common Stock Equity": "62,819,000", "Capital Lease Obligations": "3,475,000", "Net Tangible Assets": "51,112,000", "Invested Capital": "89,123,000", "Tangible Book Value": "45,804,000", "Total Debt": "29,779,000", "Share Issued": "1,211,479", "Ordinary Shares Number": "1,211,479", "Preferred Shares Number": "82,346"}, "10/31/2019": {"Duration": "10/31/2019", "Total Assets": "1,086,161,000", "Total Liabilities Net Minority Interest": "1,015,969,000", "Total Equity Gross Minority Interest": "70,192,000", "Total Capitalization": "87,009,000", "Preferred Stock Equity": "3,884,000", "Common Stock Equity": "63,638,000", "Capital Lease Obligations": "-", "Net Tangible Assets": "50,057,000", "Invested Capital": "83,125,000", "Tangible Book Value": "46,173,000", "Total Debt": "19,487,000", "Share Issued": "1,216,132", "Ordinary Shares Number": "1,216,132", "Preferred Shares Number": "92,946"}, "10/31/2018": {"Duration": "10/31/2018", "Total Assets": "998,493,000", "Total Liabilities Net Minority Interest": "930,813,000", "Total Equity Gross Minority Interest": "67,680,000", "Total Capitalization": "79,114,000", "Preferred Stock Equity": "4,184,000", "Common Stock Equity": "61,044,000", "Capital Lease Obligations": "-", "Net Tangible Assets": "47,509,000", "Invested Capital": "74,930,000", "Tangible Book Value": "43,325,000", "Total Debt": "13,886,000", "Share Issued": "1,227,028", "Ordinary Shares Number": "1,227,028", "Preferred Shares Number": "104,946"}}, "cf": {"TTM": {"Duration": "TTM", "Operating Cash Flow": "46,084,000", "Investing Cash Flow": "-45,372,000", "Financing Cash Flow": "-1,203,000", "End Cash Position": "9,742,000", "Capital Expenditure": "-721,000", "Issuance of Capital Stock": "1,768,000", "Issuance of Debt": "-", "Repayment of Debt": "-1,105,000", "Repurchase of Capital Stock": "-411,000", "Free Cash Flow": "45,363,000"}, "10/31/2020": {"Duration": "10/31/2020", "Operating Cash Flow": "56,664,000", "Investing Cash Flow": "-56,459,000", "Financing Cash Flow": "143,000", "End Cash Position": "11,123,000", "Capital Expenditure": "-771,000", "Issuance of Capital Stock": "1,748,000", "Issuance of Debt": "0", "Repayment of Debt": "-354,000", "Repurchase of Capital Stock": "-679,000", "Free Cash Flow": "55,893,000"}, "10/31/2019": {"Duration": "10/31/2019", "Operating Cash Flow": "-12,025,000", "Investing Cash Flow": "15,218,000", "Financing Cash Flow": "-1,288,000", "End Cash Position": "10,904,000", "Capital Expenditure": "-186,000", "Issuance of Capital Stock": "255,000", "Issuance of Debt": "3,250,000", "Repayment of Debt": "-1,771,000", "Repurchase of Capital Stock": "-1,375,000", "Free Cash Flow": "-12,211,000"}, "10/31/2018": {"Duration": "10/31/2018", "Operating Cash Flow": "17,811,000", "Investing Cash Flow": "-13,725,000", "Financing Cash Flow": "-2,870,000", "End Cash Position": "8,997,000", "Capital Expenditure": "-416,000", "Issuance of Capital Stock": "2,130,000", "Issuance of Debt": "0", "Repayment of Debt": "-233,000", "Repurchase of Capital Stock": "-1,327,000", "Free Cash Flow": "17,395,000"}}}}, {"IBN": {"quote": {"03/26/2021": {"value": "16.24", "Market Cap": "55.432B", "Beta (5Y Monthly)": "1.10", "PE Ratio (TTM)": "26.80", "EPS (TTM)": "0.61", "Earnings Date": "N/A", "Forward Dividend & Yield": "N/A (N/A)", "Ex-Dividend Date": "Jul 23, 2019", "1y Target Est": "21.43"}}, "fin": {"TTM": {"Duration": "TTM", "Total Revenue": "1,141,074,259", "Non Interest Expense": "1,004,752,429", "Special Income Charges": "-", "Pretax Income": "136,323,280", "Tax Provision": "-", "Net Income Common Stockholders": "147,494,778", "Average Dilution Earnings": "-", "Diluted NI Available to Com Stockholders": "147,494,778", "Basic EPS": "-", "Diluted EPS": "-", "Basic Average Shares": "-", "Diluted Average Shares": "-", "Rent Expense Supplemental": "-", "INTEREST_INCOME_AFTER_PROVISION_FOR_LOAN_LOSS": "448,746,608", "Net Income from Continuing & Discontinued Operation": "147,494,778", "Normalized Income": "147,494,778", "Total Money Market Investments": "17,889,814", "Reconciled Depreciation": "-", "Net Income from Continuing Operation Net Minority Interest": "147,494,778", "Total Unusual Items Excluding Goodwill": "-", "Total Unusual Items": "-", "Tax Rate for Calcs": "0", "Tax Effect of Unusual Items": "0"}, "3/31/2020": {"Duration": "3/31/2020", "Total Revenue": "1,051,204,359", "Non Interest Expense": "938,951,129", "Special Income Charges": "1,450", "Pretax Income": "112,254,680", "Tax Provision": "73,631,400", "Net Income Common Stockholders": "95,663,078", "Average Dilution Earnings": "-", "Diluted NI Available to Com Stockholders": "95,663,078", "Basic EPS": "29.62", "Diluted EPS": "29.10", "Basic Average Shares": "3,229,679", "Diluted Average Shares": "3,287,392", "Rent Expense Supplemental": "15,505,773", "INTEREST_INCOME_AFTER_PROVISION_FOR_LOAN_LOSS": "401,702,508", "Net Income from Continuing & Discontinued Operation": "95,663,078", "Normalized Income": "95,662,202", "Total Money Market Investments": "9,074,114", "Reconciled Depreciation": "13,696,381", "Net Income from Continuing Operation Net Minority Interest": "95,663,078", "Total Unusual Items Excluding Goodwill": "1,450", "Total Unusual Items": "1,450", "Tax Rate for Calcs": "0", "Tax Effect of Unusual Items": "574.2"}, "3/31/2019": {"Duration": "3/31/2019", "Total Revenue": "921,311,591", "Non Interest Expense": "864,397,973", "Special Income Charges": "-22,012", "Pretax Income": "56,891,606", "Tax Provision": "17,191,000", "Net Income Common Stockholders": "42,542,387", "Average Dilution Earnings": "-", "Diluted NI Available to Com Stockholders": "42,474,900", "Basic EPS": "13.22", "Diluted EPS": "13.06", "Basic Average Shares": "3,218,033", "Diluted Average Shares": "3,257,458", "Rent Expense Supplemental": "14,347,677", "INTEREST_INCOME_AFTER_PROVISION_FOR_LOAN_LOSS": "328,041,126", "Net Income from Continuing & Discontinued Operation": "42,542,387", "Normalized Income": "42,559,292", "Total Money Market Investments": "9,271,072", "Reconciled Depreciation": "10,453,730", "Net Income from Continuing Operation Net Minority Interest": "42,542,387", "Total Unusual Items Excluding Goodwill": "-22,012", "Total Unusual Items": "-22,012", "Tax Rate for Calcs": "0", "Tax Effect of Unusual Items": "-5,107"}, "3/31/2018": {"Duration": "3/31/2018", "Total Revenue": "847,041,520", "Non Interest Expense": "756,075,100", "Special Income Charges": "29,027", "Pretax Income": "90,995,447", "Tax Provision": "18,789,200", "Net Income Common Stockholders": "77,121,865", "Average Dilution Earnings": "-65", "Diluted NI Available to Com Stockholders": "77,121,800", "Basic EPS": "24.04", "Diluted EPS": "23.78", "Basic Average Shares": "3,208,066", "Diluted Average Shares": "3,243,141", "Rent Expense Supplemental": "13,090,545", "INTEREST_INCOME_AFTER_PROVISION_FOR_LOAN_LOSS": "279,003,037", "Net Income from Continuing & Discontinued Operation": "77,121,865", "Normalized Income": "77,097,802", "Total Money Market Investments": "8,104,078", "Reconciled Depreciation": "10,390,761", "Net Income from Continuing Operation Net Minority Interest": "77,121,865", "Total Unusual Items Excluding Goodwill": "29,027", "Total Unusual Items": "29,027", "Tax Rate for Calcs": "0", "Tax Effect of Unusual Items": "4,964"}}, "bs": {"3/31/2020": {"Duration": "3/31/2020", "Total Assets": "13,772,922,323", "Total Liabilities Net Minority Interest": "12,475,374,055", "Total Equity Gross Minority Interest": "1,297,548,268", "Total Capitalization": "3,192,176,758", "Common Stock Equity": "1,229,600,572", "Net Tangible Assets": "1,229,600,572", "Invested Capital": "3,224,548,956", "Tangible Book Value": "1,229,600,572", "Total Debt": "1,994,948,384", "Net Debt": "397,464,133", "Share Issued": "6,472,765", "Ordinary Shares Number": "6,472,765"}, "3/31/2019": {"Duration": "3/31/2019", "Total Assets": "12,387,938,907", "Total Liabilities Net Minority Interest": "11,179,599,481", "Total Equity Gross Minority Interest": "1,208,339,426", "Total Capitalization": "3,149,622,011", "Common Stock Equity": "1,142,534,068", "Net Tangible Assets": "1,142,534,068", "Invested Capital": "3,168,717,351", "Tangible Book Value": "1,142,534,068", "Total Debt": "2,026,183,283", "Net Debt": "842,506,832", "Share Issued": "6,446,240", "Ordinary Shares Number": "6,446,240"}, "3/31/2018": {"Duration": "3/31/2018", "Total Assets": "11,242,810,402", "Total Liabilities Net Minority Interest": "10,076,431,571", "Total Equity Gross Minority Interest": "1,166,378,831", "Total Capitalization": "3,243,362,824", "Common Stock Equity": "1,106,296,971", "Net Tangible Assets": "1,106,296,971", "Invested Capital": "3,256,264,293", "Tangible Book Value": "1,106,296,971", "Total Debt": "2,149,967,322", "Net Debt": "972,700,799", "Share Issued": "6,427,991", "Ordinary Shares Number": "6,427,991"}}, "cf": {"TTM": {"Duration": "TTM", "Operating Cash Flow": "-", "Investing Cash Flow": "-", "Financing Cash Flow": "-", "End Cash Position": "-", "Capital Expenditure": "-", "Issuance of Capital Stock": "-", "Issuance of Debt": "-", "Repayment of Debt": "-", "Free Cash Flow": "-"}, "3/31/2020": {"Duration": "3/31/2020", "Operating Cash Flow": "795,647,466", "Investing Cash Flow": "-423,084,279", "Financing Cash Flow": "29,921,833", "End Cash Position": "1,278,529,217", "Capital Expenditure": "-18,734,522", "Issuance of Capital Stock": "5,493,213", "Issuance of Debt": "366,114,451", "Repayment of Debt": "-520,006,249", "Free Cash Flow": "776,912,944"}, "3/31/2019": {"Duration": "3/31/2019", "Operating Cash Flow": "486,710,527", "Investing Cash Flow": "-301,472,151", "Financing Cash Flow": "-199,974,343", "End Cash Position": "873,908,953", "Capital Expenditure": "-11,481,488", "Issuance of Capital Stock": "3,486,300", "Issuance of Debt": "262,388,237", "Repayment of Debt": "-304,162,713", "Free Cash Flow": "475,229,039"}, "3/31/2018": {"Duration": "3/31/2018", "Operating Cash Flow": "193,829,323", "Investing Cash Flow": "-505,734,537", "Financing Cash Flow": "396,759,749", "End Cash Position": "889,991,333", "Capital Expenditure": "-10,421,438", "Issuance of Capital Stock": "3,939,495", "Issuance of Debt": "430,554,398", "Repayment of Debt": "-404,339,556", "Free Cash Flow": "183,407,885"}}}}, {"BAP": {"quote": {"03/26/2021": {"value": "139.23", "Market Cap": "11.105B", "Beta (5Y Monthly)": "0.98", "PE Ratio (TTM)": "12.10", "EPS (TTM)": "11.51", "Earnings Date": "May 06, 2021", "Forward Dividend & Yield": "8.80 (6.38%)", "Ex-Dividend Date": "Apr 09, 2020", "1y Target Est": "171.75"}}, "fin": {"TTM": {"Duration": "TTM", "Total Revenue": "13,546,982", "Credit Losses Provision": "-5,920,508", "Non Interest Expense": "6,989,174", "Income from Associates & Other Participating Interests": "12,653", "Special Income Charges": "-425,792", "Pretax Income": "224,161", "Tax Provision": "-109,977", "Net Income Common Stockholders": "346,894", "Diluted NI Available to Com Stockholders": "346,894", "Basic EPS": "-", "Diluted EPS": "-", "Basic Average Shares": "-", "Diluted Average Shares": "-", "Rent Expense Supplemental": "64,439", "INTEREST_INCOME_AFTER_PROVISION_FOR_LOAN_LOSS": "2,625,231", "Net Income from Continuing & Discontinued Operation": "346,894", "Normalized Income": "647,077", "Total Money Market Investments": "74,813", "Reconciled Depreciation": "669,915", "Net Income from Continuing Operation Net Minority Interest": "346,894", "Total Unusual Items Excluding Goodwill": "-425,792", "Total Unusual Items": "-425,792", "Tax Rate for Calcs": "0", "Tax Effect of Unusual Items": "-125,609"}, "12/31/2020": {"Duration": "12/31/2020", "Total Revenue": "13,546,982", "Credit Losses Provision": "-5,920,508", "Non Interest Expense": "6,989,174", "Income from Associates & Other Participating Interests": "12,653", "Special Income Charges": "-425,792", "Pretax Income": "224,161", "Tax Provision": "-109,977", "Net Income Common Stockholders": "346,894", "Diluted NI Available to Com Stockholders": "346,894", "Basic EPS": "-", "Diluted EPS": "-", "Basic Average Shares": "-", "Diluted Average Shares": "-", "Rent Expense Supplemental": "64,439", "INTEREST_INCOME_AFTER_PROVISION_FOR_LOAN_LOSS": "2,625,231", "Net Income from Continuing & Discontinued Operation": "346,894", "Normalized Income": "647,077", "Total Money Market Investments": "74,813", "Reconciled Depreciation": "669,915", "Net Income from Continuing Operation Net Minority Interest": "346,894", "Total Unusual Items Excluding Goodwill": "-425,792", "Total Unusual Items": "-425,792", "Tax Rate for Calcs": "0", "Tax Effect of Unusual Items": "-125,609"}, "12/31/2019": {"Duration": "12/31/2019", "Total Revenue": "14,743,144", "Credit Losses Provision": "-1,870,077", "Non Interest Expense": "6,596,271", "Income from Associates & Other Participating Interests": "57,208", "Special Income Charges": "-358,596", "Pretax Income": "5,975,408", "Tax Provision": "1,623,077", "Net Income Common Stockholders": "4,265,304", "Diluted NI Available to Com Stockholders": "4,265,304", "Basic EPS": "53.66", "Diluted EPS": "53.53", "Basic Average Shares": "79,489", "Diluted Average Shares": "79,684", "Rent Expense Supplemental": "93,768", "INTEREST_INCOME_AFTER_PROVISION_FOR_LOAN_LOSS": "7,195,461", "Net Income from Continuing & Discontinued Operation": "4,265,304", "Normalized Income": "4,509,361", "Total Money Market Investments": "320,713", "Reconciled Depreciation": "639,066", "Net Income from Continuing Operation Net Minority Interest": "4,265,304", "Total Unusual Items Excluding Goodwill": "-334,967", "Total Unusual Items": "-334,967", "Tax Rate for Calcs": "0", "Tax Effect of Unusual Items": "-90,910"}, "12/31/2018": {"Duration": "12/31/2018", "Total Revenue": "13,487,045", "Credit Losses Provision": "-1,585,331", "Non Interest Expense": "6,253,374", "Income from Associates & Other Participating Interests": "-14,526", "Special Income Charges": "-41,600", "Pretax Income": "5,592,214", "Tax Provision": "1,520,909", "Net Income Common Stockholders": "3,983,865", "Diluted NI Available to Com Stockholders": "3,983,865", "Basic EPS": "50.13", "Diluted EPS": "49.99", "Basic Average Shares": "79,477", "Diluted Average Shares": "79,686", "Rent Expense Supplemental": "262,939", "INTEREST_INCOME_AFTER_PROVISION_FOR_LOAN_LOSS": "6,879,384", "Net Income from Continuing & Discontinued Operation": "3,983,865", "Normalized Income": "4,014,150", "Total Money Market Investments": "159,381", "Reconciled Depreciation": "436,527", "Net Income from Continuing Operation Net Minority Interest": "3,983,865", "Total Unusual Items Excluding Goodwill": "-41,600", "Total Unusual Items": "-41,600", "Tax Rate for Calcs": "0", "Tax Effect of Unusual Items": "-11,315"}}, "bs": {"12/31/2020": {"Duration": "12/31/2020", "Total Assets": "237,438,508", "Total Liabilities Net Minority Interest": "211,992,861", "Total Equity Gross Minority Interest": "25,445,647", "Total Capitalization": "47,243,534", "Common Stock Equity": "24,945,870", "Capital Lease Obligations": "750,578", "Net Tangible Assets": "22,306,573", "Invested Capital": "47,243,534", "Tangible Book Value": "22,306,573", "Total Debt": "22,297,664", "Net Debt": "-", "Share Issued": "94,382", "Ordinary Shares Number": "79,467", "Treasury Shares Number": "14,915"}, "12/31/2019": {"Duration": "12/31/2019", "Total Assets": "187,876,691", "Total Liabilities Net Minority Interest": "161,130,381", "Total Equity Gross Minority Interest": "26,746,310", "Total Capitalization": "49,845,543", "Common Stock Equity": "26,237,960", "Capital Lease Obligations": "847,504", "Net Tangible Assets": "23,685,686", "Invested Capital": "49,845,543", "Tangible Book Value": "23,685,686", "Total Debt": "24,455,087", "Net Debt": "-", "Share Issued": "94,382", "Ordinary Shares Number": "79,761", "Treasury Shares Number": "14,621"}, "12/31/2018": {"Duration": "12/31/2018", "Total Assets": "177,263,201", "Total Liabilities Net Minority Interest": "152,997,125", "Total Equity Gross Minority Interest": "24,266,076", "Total Capitalization": "47,149,504", "Common Stock Equity": "23,839,243", "Capital Lease Obligations": "-", "Net Tangible Assets": "21,783,541", "Invested Capital": "47,149,504", "Tangible Book Value": "21,783,541", "Total Debt": "23,310,261", "Net Debt": "1,170,091", "Share Issued": "94,382", "Ordinary Shares Number": "79,499", "Treasury Shares Number": "14,883"}}, "cf": {"TTM": {"Duration": "TTM", "Operating Cash Flow": "12,686,823", "Investing Cash Flow": "-1,873,356", "Financing Cash Flow": "-2,088,460", "End Cash Position": "36,733,767", "Interest Paid Supplemental Data": "2,959,525", "Capital Expenditure": "-633,361", "Repayment of Debt": "-163,392", "Repurchase of Capital Stock": "-151,899", "Free Cash Flow": "12,053,462"}, "12/31/2020": {"Duration": "12/31/2020", "Operating Cash Flow": "12,686,823", "Investing Cash Flow": "-1,873,356", "Financing Cash Flow": "-2,088,460", "End Cash Position": "36,733,767", "Interest Paid Supplemental Data": "2,959,525", "Capital Expenditure": "-633,361", "Repayment of Debt": "-163,392", "Repurchase of Capital Stock": "-151,899", "Free Cash Flow": "12,053,462"}, "12/31/2019": {"Duration": "12/31/2019", "Operating Cash Flow": "6,933,711", "Investing Cash Flow": "726,207", "Financing Cash Flow": "-3,551,805", "End Cash Position": "25,974,042", "Interest Paid Supplemental Data": "3,193,536", "Capital Expenditure": "-506,733", "Repayment of Debt": "-1,124,850", "Repurchase of Capital Stock": "-103,225", "Free Cash Flow": "6,426,978"}, "12/31/2018": {"Duration": "12/31/2018", "Operating Cash Flow": "-121,962", "Investing Cash Flow": "-234,086", "Financing Cash Flow": "-1,400,312", "End Cash Position": "22,160,803", "Interest Paid Supplemental Data": "3,034,140", "Capital Expenditure": "-601,248", "Repayment of Debt": "-", "Repurchase of Capital Stock": "-95,413", "Free Cash Flow": "-723,210"}}}}, {"GWB": {"quote": {"03/26/2021": {"value": "30.83", "Market Cap": "1.699B", "Beta (5Y Monthly)": "1.30", "PE Ratio (TTM)": "N/A", "EPS (TTM)": "-12.35", "Earnings Date": "Apr 28, 2021 - May 03, 2021", "Forward Dividend & Yield": "0.04 (0.14%)", "Ex-Dividend Date": "Feb 11, 2021", "1y Target Est": "28.33"}}, "fin": {"TTM": {"Duration": "TTM", "Total Revenue": "420,592", "Credit Losses Provision": "-122,188", "Non Interest Expense": "265,535", "Special Income Charges": "-", "Pretax Income": "-709,483", "Tax Provision": "-26,720", "Net Income Common Stockholders": "-682,763", "Diluted NI Available to Com Stockholders": "-682,763", "Basic EPS": "-", "Diluted EPS": "-", "Basic Average Shares": "-", "Diluted Average Shares": "-", "INTEREST_INCOME_AFTER_PROVISION_FOR_LOAN_LOSS": "297,469", "Net Income from Continuing & Discontinued Operation": "-682,763", "Normalized Income": "-682,763", "Total Money Market Investments": "930", "Reconciled Depreciation": "27,185", "Net Income from Continuing Operation Net Minority Interest": "-682,763", "Total Unusual Items Excluding Goodwill": "-", "Total Unusual Items": "-", "Tax Rate for Calcs": "0", "Tax Effect of Unusual Items": "0"}, "9/30/2020": {"Duration": "9/30/2020", "Total Revenue": "419,442", "Credit Losses Provision": "-118,392", "Non Interest Expense": "265,016", "Special Income Charges": "-742,352", "Pretax Income": "-706,318", "Tax Provision": "-25,510", "Net Income Common Stockholders": "-680,808", "Diluted NI Available to Com Stockholders": "-680,808", "Basic EPS": "-12.38", "Diluted EPS": "-12.38", "Basic Average Shares": "55,014", "Diluted Average Shares": "55,612", "INTEREST_INCOME_AFTER_PROVISION_FOR_LOAN_LOSS": "301,033", "Net Income from Continuing & Discontinued Operation": "-680,808", "Normalized Income": "34,819", "Total Money Market Investments": "1,383", "Reconciled Depreciation": "26,354", "Net Income from Continuing Operation Net Minority Interest": "-680,808", "Total Unusual Items Excluding Goodwill": "-742,352", "Total Unusual Items": "-742,352", "Tax Rate for Calcs": "0", "Tax Effect of Unusual Items": "-26,725"}, "9/30/2019": {"Duration": "9/30/2019", "Total Revenue": "481,440", "Credit Losses Provision": "-40,947", "Non Interest Expense": "224,898", "Special Income Charges": "0", "Pretax Income": "215,595", "Tax Provision": "48,230", "Net Income Common Stockholders": "167,365", "Diluted NI Available to Com Stockholders": "167,365", "Basic EPS": "2.97", "Diluted EPS": "2.92", "Basic Average Shares": "56,284", "Diluted Average Shares": "57,257", "INTEREST_INCOME_AFTER_PROVISION_FOR_LOAN_LOSS": "379,761", "Net Income from Continuing & Discontinued Operation": "167,365", "Normalized Income": "167,365", "Total Money Market Investments": "2,472", "Reconciled Depreciation": "13,655", "Net Income from Continuing Operation Net Minority Interest": "167,365", "Total Unusual Items Excluding Goodwill": "0", "Total Unusual Items": "0", "Tax Rate for Calcs": "0", "Tax Effect of Unusual Items": "0"}, "9/30/2018": {"Duration": "9/30/2018", "Total Revenue": "481,446", "Credit Losses Provision": "-17,986", "Non Interest Expense": "231,425", "Special Income Charges": "0", "Pretax Income": "232,035", "Tax Provision": "74,119", "Net Income Common Stockholders": "157,916", "Diluted NI Available to Com Stockholders": "157,916", "Basic EPS": "2.68", "Diluted EPS": "2.67", "Basic Average Shares": "58,917", "Diluted Average Shares": "59,132", "INTEREST_INCOME_AFTER_PROVISION_FOR_LOAN_LOSS": "389,851", "Net Income from Continuing & Discontinued Operation": "157,916", "Normalized Income": "157,916", "Total Money Market Investments": "1,376", "Reconciled Depreciation": "13,093", "Net Income from Continuing Operation Net Minority Interest": "157,916", "Total Unusual Items Excluding Goodwill": "0", "Total Unusual Items": "0", "Tax Rate for Calcs": "0", "Tax Effect of Unusual Items": "0"}}, "bs": {"9/30/2020": {"Duration": "9/30/2020", "Total Assets": "12,604,439", "Total Liabilities Net Minority Interest": "11,441,506", "Total Equity Gross Minority Interest": "1,162,933", "Total Capitalization": "1,466,765", "Common Stock Equity": "1,162,933", "Net Tangible Assets": "1,162,933", "Invested Capital": "1,466,765", "Tangible Book Value": "1,162,933", "Total Debt": "303,832", "Net Debt": "-", "Share Issued": "55,014", "Ordinary Shares Number": "55,014"}, "9/30/2019": {"Duration": "9/30/2019", "Total Assets": "12,788,301", "Total Liabilities Net Minority Interest": "10,888,052", "Total Equity Gross Minority Interest": "1,900,249", "Total Capitalization": "2,348,885", "Common Stock Equity": "1,900,249", "Net Tangible Assets": "1,161,226", "Invested Capital": "2,348,885", "Tangible Book Value": "1,161,226", "Total Debt": "448,636", "Net Debt": "205,162", "Share Issued": "56,284", "Ordinary Shares Number": "56,284"}, "9/30/2018": {"Duration": "9/30/2018", "Total Assets": "12,116,808", "Total Liabilities Net Minority Interest": "10,276,257", "Total Equity Gross Minority Interest": "1,840,551", "Total Capitalization": "2,224,019", "Common Stock Equity": "1,840,551", "Net Tangible Assets": "1,101,528", "Invested Capital": "2,224,019", "Tangible Book Value": "1,101,528", "Total Debt": "383,468", "Net Debt": "84,772", "Share Issued": "58,917", "Ordinary Shares Number": "58,917"}}, "cf": {"TTM": {"Duration": "TTM", "Operating Cash Flow": "92,605", "Investing Cash Flow": "-55,587", "Financing Cash Flow": "777,357", "End Cash Position": "1,061,796", "Income Tax Paid Supplemental Data": "-", "Interest Paid Supplemental Data": "66,933", "Capital Expenditure": "-6,185", "Issuance of Debt": "505,000", "Repayment of Debt": "-960,000", "Repurchase of Capital Stock": "-", "Free Cash Flow": "86,420"}, "9/30/2020": {"Duration": "9/30/2020", "Operating Cash Flow": "82,464", "Investing Cash Flow": "-369,391", "Financing Cash Flow": "476,340", "End Cash Position": "432,887", "Income Tax Paid Supplemental Data": "29,405", "Interest Paid Supplemental Data": "85,151", "Capital Expenditure": "-6,108", "Issuance of Debt": "755,000", "Repayment of Debt": "-900,000", "Repurchase of Capital Stock": "-39,983", "Free Cash Flow": "76,356"}, "9/30/2019": {"Duration": "9/30/2019", "Operating Cash Flow": "191,659", "Investing Cash Flow": "-698,468", "Financing Cash Flow": "451,587", "End Cash Position": "243,474", "Income Tax Paid Supplemental Data": "46,884", "Interest Paid Supplemental Data": "114,891", "Capital Expenditure": "-15,643", "Issuance of Debt": "810,000", "Repayment of Debt": "-745,000", "Repurchase of Capital Stock": "-94,351", "Free Cash Flow": "176,016"}, "9/30/2018": {"Duration": "9/30/2018", "Operating Cash Flow": "182,429", "Investing Cash Flow": "-533,311", "Financing Cash Flow": "289,182", "End Cash Position": "298,696", "Income Tax Paid Supplemental Data": "50,020", "Interest Paid Supplemental Data": "69,633", "Capital Expenditure": "-13,878", "Issuance of Debt": "150,000", "Repayment of Debt": "-518,200", "Repurchase of Capital Stock": "0", "Free Cash Flow": "168,551"}}}}, {"UBOH": {"quote": {"03/26/2021": {"value": "26.98", "Market Cap": "88.462M", "Beta (5Y Monthly)": "0.82", "PE Ratio (TTM)": "6.49", "EPS (TTM)": "4.16", "Earnings Date": "Jan 21, 2021", "Forward Dividend & Yield": "0.64 (2.46%)", "Ex-Dividend Date": "Feb 25, 2021", "1y Target Est": "N/A"}}, "fin": {"TTM": {"Duration": "TTM", "Total Revenue": "60,042", "Credit Losses Provision": "-6,200", "Non Interest Expense": "37,165", "Pretax Income": "16,677", "Tax Provision": "2,922", "Net Income Common Stockholders": "13,755", "Diluted NI Available to Com Stockholders": "13,755", "Basic EPS": "-", "Diluted EPS": "-", "Basic Average Shares": "-", "Diluted Average Shares": "-", "INTEREST_INCOME_AFTER_PROVISION_FOR_LOAN_LOSS": "26,842", "Net Income from Continuing & Discontinued Operation": "13,755", "Normalized Income": "13,755", "Reconciled Depreciation": "1,499", "Net Income from Continuing Operation Net Minority Interest": "13,755", "Tax Rate for Calcs": "0", "Tax Effect of Unusual Items": "0"}, "12/31/2020": {"Duration": "12/31/2020", "Total Revenue": "57,262", "Credit Losses Provision": "-6,200", "Non Interest Expense": "34,385", "Pretax Income": "16,677", "Tax Provision": "2,922", "Net Income Common Stockholders": "13,755", "Diluted NI Available to Com Stockholders": "13,755", "Basic EPS": "-", "Diluted EPS": "-", "Basic Average Shares": "-", "Diluted Average Shares": "-", "INTEREST_INCOME_AFTER_PROVISION_FOR_LOAN_LOSS": "26,842", "Net Income from Continuing & Discontinued Operation": "13,755", "Normalized Income": "13,755", "Reconciled Depreciation": "1,499", "Net Income from Continuing Operation Net Minority Interest": "13,755", "Tax Rate for Calcs": "0", "Tax Effect of Unusual Items": "0"}, "12/31/2019": {"Duration": "12/31/2019", "Total Revenue": "41,825", "Credit Losses Provision": "-550", "Non Interest Expense": "28,999", "Pretax Income": "12,276", "Tax Provision": "1,615", "Net Income Common Stockholders": "10,661", "Diluted NI Available to Com Stockholders": "10,661", "Basic EPS": "3.26", "Diluted EPS": "3.26", "Basic Average Shares": "3,271", "Diluted Average Shares": "3,271", "INTEREST_INCOME_AFTER_PROVISION_FOR_LOAN_LOSS": "28,345", "Net Income from Continuing & Discontinued Operation": "10,661", "Normalized Income": "10,661", "Reconciled Depreciation": "1,240", "Net Income from Continuing Operation Net Minority Interest": "10,661", "Tax Rate for Calcs": "0", "Tax Effect of Unusual Items": "0"}, "12/31/2018": {"Duration": "12/31/2018", "Total Revenue": "36,051", "Credit Losses Provision": "-450", "Non Interest Expense": "25,852", "Pretax Income": "9,749", "Tax Provision": "1,529", "Net Income Common Stockholders": "8,220", "Diluted NI Available to Com Stockholders": "8,220", "Basic EPS": "2.51", "Diluted EPS": "2.51", "Basic Average Shares": "3,269", "Diluted Average Shares": "3,269", "INTEREST_INCOME_AFTER_PROVISION_FOR_LOAN_LOSS": "27,757", "Net Income from Continuing & Discontinued Operation": "8,220", "Normalized Income": "8,220", "Reconciled Depreciation": "1,052", "Net Income from Continuing Operation Net Minority Interest": "8,220", "Tax Rate for Calcs": "0", "Tax Effect of Unusual Items": "0"}}, "bs": {"12/31/2020": {"Duration": "12/31/2020", "Total Assets": "978,532", "Total Liabilities Net Minority Interest": "866,933", "Total Equity Gross Minority Interest": "111,599", "Total Capitalization": "132,291", "Common Stock Equity": "111,599", "Net Tangible Assets": "82,340", "Invested Capital": "132,291", "Tangible Book Value": "82,340", "Total Debt": "20,692", "Net Debt": "-", "Share Issued": "3,761", "Ordinary Shares Number": "3,272", "Treasury Shares Number": "488.573"}, "12/31/2019": {"Duration": "12/31/2019", "Total Assets": "880,014", "Total Liabilities Net Minority Interest": "785,233", "Total Equity Gross Minority Interest": "94,781", "Total Capitalization": "166,439", "Common Stock Equity": "94,781", "Net Tangible Assets": "65,371", "Invested Capital": "166,439", "Tangible Book Value": "65,371", "Total Debt": "71,658", "Net Debt": "45,246", "Share Issued": "3,761", "Ordinary Shares Number": "3,268", "Treasury Shares Number": "492.462"}, "12/31/2018": {"Duration": "12/31/2018", "Total Assets": "830,300", "Total Liabilities Net Minority Interest": "749,356", "Total Equity Gross Minority Interest": "80,944", "Total Capitalization": "159,261", "Common Stock Equity": "80,944", "Net Tangible Assets": "51,375", "Invested Capital": "159,261", "Tangible Book Value": "51,375", "Total Debt": "78,317", "Net Debt": "61,842", "Share Issued": "3,761", "Ordinary Shares Number": "3,269", "Treasury Shares Number": "491.199"}}, "cf": {"TTM": {"Duration": "TTM", "Operating Cash Flow": "17,217", "Investing Cash Flow": "-65,131", "Financing Cash Flow": "78,536", "End Cash Position": "57,034", "Income Tax Paid Supplemental Data": "4,050", "Interest Paid Supplemental Data": "7,299", "Capital Expenditure": "-1,580", "Issuance of Capital Stock": "95", "Issuance of Debt": "0", "Repayment of Debt": "-51,000", "Repurchase of Capital Stock": "0", "Free Cash Flow": "15,637"}, "12/31/2020": {"Duration": "12/31/2020", "Operating Cash Flow": "17,217", "Investing Cash Flow": "-65,131", "Financing Cash Flow": "78,536", "End Cash Position": "57,034", "Income Tax Paid Supplemental Data": "4,050", "Interest Paid Supplemental Data": "7,299", "Capital Expenditure": "-1,580", "Issuance of Capital Stock": "95", "Issuance of Debt": "0", "Repayment of Debt": "-51,000", "Repurchase of Capital Stock": "0", "Free Cash Flow": "15,637"}, "12/31/2019": {"Duration": "12/31/2019", "Operating Cash Flow": "3,623", "Investing Cash Flow": "-26,076", "Financing Cash Flow": "32,390", "End Cash Position": "26,412", "Income Tax Paid Supplemental Data": "700", "Interest Paid Supplemental Data": "8,986", "Capital Expenditure": "-753", "Issuance of Capital Stock": "71", "Issuance of Debt": "0", "Repayment of Debt": "-6,693", "Repurchase of Capital Stock": "-95", "Free Cash Flow": "2,870"}, "12/31/2018": {"Duration": "12/31/2018", "Operating Cash Flow": "5,149", "Investing Cash Flow": "-58,442", "Financing Cash Flow": "42,494", "End Cash Position": "16,475", "Income Tax Paid Supplemental Data": "3,259", "Interest Paid Supplemental Data": "6,131", "Capital Expenditure": "-525", "Issuance of Capital Stock": "39", "Issuance of Debt": "30,693", "Repayment of Debt": "-22,398", "Repurchase of Capital Stock": "0", "Free Cash Flow": "4,624"}}}}, {"BSAC": {"quote": {"03/26/2021": {"value": "24.49", "Market Cap": "11.538B", "Beta (5Y Monthly)": "0.56", "PE Ratio (TTM)": "12.24", "EPS (TTM)": "2.00", "Earnings Date": "N/A", "Forward Dividend & Yield": "0.88 (3.58%)", "Ex-Dividend Date": "Nov 19, 2020", "1y Target Est": "21.77"}}, "fin": {"TTM": {"Duration": "TTM", "Total Revenue": "2,041,114,000", "Credit Losses Provision": "-478,264,000", "Non Interest Expense": "844,227,000", "Income from Associates & Other Participating Interests": "1,388,000", "Special Income Charges": "-24,766,000", "Other Non Operating Income Expenses": "-", "Pretax Income": "695,263,000", "Tax Provision": "142,533,000", "Net Income Common Stockholders": "547,614,000", "Diluted NI Available to Com Stockholders": "547,614,000", "Basic EPS": "-", "Diluted EPS": "-", "Basic Average Shares": "-", "Diluted Average Shares": "-", "Rent Expense Supplemental": "1,625,000", "INTEREST_INCOME_AFTER_PROVISION_FOR_LOAN_LOSS": "1,115,584,000", "Net Income from Continuing & Discontinued Operation": "547,614,000", "Normalized Income": "562,585,440", "Total Money Market Investments": "-", "Reconciled Depreciation": "109,426,000", "Net Income from Continuing Operation Net Minority Interest": "547,614,000", "Total Unusual Items Excluding Goodwill": "-18,832,000", "Total Unusual Items": "-18,832,000", "Tax Rate for Calcs": "0", "Tax Effect of Unusual Items": "-3,860,560"}, "12/31/2020": {"Duration": "12/31/2020", "Total Revenue": "2,041,114,000", "Credit Losses Provision": "-478,264,000", "Non Interest Expense": "844,227,000", "Income from Associates & Other Participating Interests": "1,388,000", "Special Income Charges": "-24,766,000", "Other Non Operating Income Expenses": "-", "Pretax Income": "695,263,000", "Tax Provision": "142,533,000", "Net Income Common Stockholders": "547,614,000", "Diluted NI Available to Com Stockholders": "547,614,000", "Basic EPS": "-", "Diluted EPS": "-", "Basic Average Shares": "-", "Diluted Average Shares": "-", "Rent Expense Supplemental": "1,625,000", "INTEREST_INCOME_AFTER_PROVISION_FOR_LOAN_LOSS": "1,115,584,000", "Net Income from Continuing & Discontinued Operation": "547,614,000", "Normalized Income": "562,585,440", "Total Money Market Investments": "-", "Reconciled Depreciation": "109,426,000", "Net Income from Continuing Operation Net Minority Interest": "547,614,000", "Total Unusual Items Excluding Goodwill": "-18,832,000", "Total Unusual Items": "-18,832,000", "Tax Rate for Calcs": "0", "Tax Effect of Unusual Items": "-3,860,560"}, "12/31/2019": {"Duration": "12/31/2019", "Total Revenue": "1,909,489,000", "Credit Losses Provision": "-323,311,000", "Non Interest Expense": "795,438,000", "Income from Associates & Other Participating Interests": "1,146,000", "Special Income Charges": "2,802,000", "Other Non Operating Income Expenses": "-", "Pretax Income": "794,688,000", "Tax Provision": "175,074,000", "Net Income Common Stockholders": "619,091,000", "Diluted NI Available to Com Stockholders": "619,091,000", "Basic EPS": "1.31k", "Diluted EPS": "1.31k", "Basic Average Shares": "471,115", "Diluted Average Shares": "471,115", "Rent Expense Supplemental": "4,177,000", "INTEREST_INCOME_AFTER_PROVISION_FOR_LOAN_LOSS": "1,093,653,000", "Net Income from Continuing & Discontinued Operation": "619,091,000", "Normalized Income": "610,830,825", "Total Money Market Investments": "-", "Reconciled Depreciation": "106,092,000", "Net Income from Continuing Operation Net Minority Interest": "617,392,000", "Total Unusual Items Excluding Goodwill": "8,415,000", "Total Unusual Items": "8,415,000", "Tax Rate for Calcs": "0", "Tax Effect of Unusual Items": "1,853,825"}, "12/31/2018": {"Duration": "12/31/2018", "Total Revenue": "1,824,188,000", "Credit Losses Provision": "-317,408,000", "Non Interest Expense": "747,489,000", "Income from Associates & Other Participating Interests": "5,095,000", "Special Income Charges": "2,451,000", "Other Non Operating Income Expenses": "-", "Pretax Income": "766,837,000", "Tax Provision": "167,144,000", "Net Income Common Stockholders": "595,333,000", "Diluted NI Available to Com Stockholders": "595,333,000", "Basic EPS": "1.26k", "Diluted EPS": "1.26k", "Basic Average Shares": "471,115", "Diluted Average Shares": "471,115", "Rent Expense Supplemental": "-", "INTEREST_INCOME_AFTER_PROVISION_FOR_LOAN_LOSS": "1,096,960,000", "Net Income from Continuing & Discontinued Operation": "595,333,000", "Normalized Income": "587,867,072", "Total Money Market Investments": "-", "Reconciled Depreciation": "79,280,000", "Net Income from Continuing Operation Net Minority Interest": "595,333,000", "Total Unusual Items Excluding Goodwill": "9,557,000", "Total Unusual Items": "9,557,000", "Tax Rate for Calcs": "0", "Tax Effect of Unusual Items": "2,091,072"}}, "bs": {"12/31/2020": {"Duration": "12/31/2020", "Total Assets": "55,703,223,000", "Total Liabilities Net Minority Interest": "51,998,449,000", "Total Equity Gross Minority Interest": "3,704,774,000", "Total Capitalization": "18,165,371,000", "Common Stock Equity": "3,620,091,000", "Capital Lease Obligations": "149,585,000", "Net Tangible Assets": "3,537,554,000", "Invested Capital": "18,165,371,000", "Tangible Book Value": "3,537,554,000", "Total Debt": "14,694,865,000", "Net Debt": "10,679,905,000", "Share Issued": "188,446,127", "Ordinary Shares Number": "188,446,127"}, "12/31/2019": {"Duration": "12/31/2019", "Total Assets": "50,574,714,000", "Total Liabilities Net Minority Interest": "47,096,211,000", "Total Equity Gross Minority Interest": "3,478,503,000", "Total Capitalization": "16,837,751,000", "Common Stock Equity": "3,398,870,000", "Capital Lease Obligations": "158,494,000", "Net Tangible Assets": "3,325,481,000", "Invested Capital": "16,837,751,000", "Tangible Book Value": "3,325,481,000", "Total Debt": "13,597,375,000", "Net Debt": "9,214,003,000", "Share Issued": "188,446,127", "Ordinary Shares Number": "188,446,127"}, "12/31/2018": {"Duration": "12/31/2018", "Total Assets": "39,132,512,000", "Total Liabilities Net Minority Interest": "35,887,052,000", "Total Equity Gross Minority Interest": "3,245,460,000", "Total Capitalization": "13,153,963,000", "Common Stock Equity": "3,199,297,000", "Capital Lease Obligations": "163,043,000", "Net Tangible Assets": "3,132,374,000", "Invested Capital": "13,153,963,000", "Tangible Book Value": "3,132,374,000", "Total Debt": "9,954,666,000", "Net Debt": "7,364,714,000", "Share Issued": "188,446,127", "Ordinary Shares Number": "188,446,127"}}, "cf": {"TTM": {"Duration": "TTM", "Operating Cash Flow": "-819,993,000", "Investing Cash Flow": "-70,105,000", "Financing Cash Flow": "102,090,000", "End Cash Position": "2,894,620,000", "Capital Expenditure": "-85,783,000", "Issuance of Debt": "475,390,000", "Repayment of Debt": "-42,045,000", "Free Cash Flow": "-905,776,000"}, "12/31/2020": {"Duration": "12/31/2020", "Operating Cash Flow": "-819,993,000", "Investing Cash Flow": "-70,105,000", "Financing Cash Flow": "102,090,000", "End Cash Position": "2,894,620,000", "Capital Expenditure": "-85,783,000", "Issuance of Debt": "475,390,000", "Repayment of Debt": "-42,045,000", "Free Cash Flow": "-905,776,000"}, "12/31/2019": {"Duration": "12/31/2019", "Operating Cash Flow": "1,849,165,000", "Investing Cash Flow": "-135,369,000", "Financing Cash Flow": "-385,286,000", "End Cash Position": "3,711,334,000", "Capital Expenditure": "-83,829,000", "Issuance of Debt": "-", "Repayment of Debt": "-30,145,000", "Free Cash Flow": "1,765,336,000"}, "12/31/2018": {"Duration": "12/31/2018", "Operating Cash Flow": "1,022,522,000", "Investing Cash Flow": "-91,595,000", "Financing Cash Flow": "-423,611,000", "End Cash Position": "2,256,155,000", "Capital Expenditure": "-97,892,000", "Issuance of Debt": "-", "Repayment of Debt": "-", "Free Cash Flow": "924,630,000"}}}}, {"SFST": {"quote": {"03/26/2021": {"value": "47.60", "Market Cap": "371.142M", "Beta (5Y Monthly)": "1.08", "PE Ratio (TTM)": "20.34", "EPS (TTM)": "2.34", "Earnings Date": "Apr 26, 2021 - Apr 30, 2021", "Forward Dividend & Yield": "N/A (N/A)", "Ex-Dividend Date": "N/A", "1y Target Est": "51.17"}}, "fin": {"TTM": {"Duration": "TTM", "Total Revenue": "107,200", "Credit Losses Provision": "-29,600", "Non Interest Expense": "53,744", "Special Income Charges": "-37", "Pretax Income": "23,819", "Tax Provision": "5,491", "Net Income Common Stockholders": "18,328", "Diluted NI Available to Com Stockholders": "18,328", "Basic EPS": "-", "Diluted EPS": "-", "Basic Average Shares": "-", "Diluted Average Shares": "-", "INTEREST_INCOME_AFTER_PROVISION_FOR_LOAN_LOSS": "50,210", "Net Income from Continuing & Discontinued Operation": "18,328", "Normalized Income": "18,356", "Total Money Market Investments": "270", "Reconciled Depreciation": "2,190", "Net Income from Continuing Operation Net Minority Interest": "18,328", "Total Unusual Items Excluding Goodwill": "-37", "Total Unusual Items": "-37", "Tax Rate for Calcs": "0", "Tax Effect of Unusual Items": "-8.5296"}, "12/31/2020": {"Duration": "12/31/2020", "Total Revenue": "107,200", "Credit Losses Provision": "-29,600", "Non Interest Expense": "53,744", "Special Income Charges": "-37", "Pretax Income": "23,819", "Tax Provision": "5,491", "Net Income Common Stockholders": "18,328", "Diluted NI Available to Com Stockholders": "18,328", "Basic EPS": "-", "Diluted EPS": "-", "Basic Average Shares": "-", "Diluted Average Shares": "-", "INTEREST_INCOME_AFTER_PROVISION_FOR_LOAN_LOSS": "50,210", "Net Income from Continuing & Discontinued Operation": "18,328", "Normalized Income": "18,356", "Total Money Market Investments": "270", "Reconciled Depreciation": "2,190", "Net Income from Continuing Operation Net Minority Interest": "18,328", "Total Unusual Items Excluding Goodwill": "-37", "Total Unusual Items": "-37", "Tax Rate for Calcs": "0", "Tax Effect of Unusual Items": "-8.547"}, "12/31/2019": {"Duration": "12/31/2019", "Total Revenue": "83,748", "Credit Losses Provision": "-2,300", "Non Interest Expense": "44,473", "Special Income Charges": "-1,496", "Pretax Income": "35,479", "Tax Provision": "7,621", "Net Income Common Stockholders": "27,858", "Diluted NI Available to Com Stockholders": "27,858", "Basic EPS": "3.70", "Diluted EPS": "3.58", "Basic Average Shares": "7,528", "Diluted Average Shares": "7,773", "INTEREST_INCOME_AFTER_PROVISION_FOR_LOAN_LOSS": "64,969", "Net Income from Continuing & Discontinued Operation": "27,858", "Normalized Income": "29,032", "Total Money Market Investments": "1,622", "Reconciled Depreciation": "1,888", "Net Income from Continuing Operation Net Minority Interest": "27,858", "Total Unusual Items Excluding Goodwill": "-1,496", "Total Unusual Items": "-1,496", "Tax Rate for Calcs": "0", "Tax Effect of Unusual Items": "-321.64"}, "12/31/2018": {"Duration": "12/31/2018", "Total Revenue": "70,353", "Credit Losses Provision": "-1,900", "Non Interest Expense": "39,763", "Special Income Charges": "-", "Pretax Income": "28,690", "Tax Provision": "6,401", "Net Income Common Stockholders": "22,289", "Diluted NI Available to Com Stockholders": "22,289", "Basic EPS": "3.02", "Diluted EPS": "2.88", "Basic Average Shares": "7,384", "Diluted Average Shares": "7,737", "INTEREST_INCOME_AFTER_PROVISION_FOR_LOAN_LOSS": "58,252", "Net Income from Continuing & Discontinued Operation": "22,289", "Normalized Income": "22,289", "Total Money Market Investments": "1,138", "Reconciled Depreciation": "1,755", "Net Income from Continuing Operation Net Minority Interest": "22,289", "Total Unusual Items Excluding Goodwill": "-", "Total Unusual Items": "-", "Tax Rate for Calcs": "0", "Tax Effect of Unusual Items": "0"}}, "bs": {"12/31/2020": {"Duration": "12/31/2020", "Total Assets": "2,482,587", "Total Liabilities Net Minority Interest": "2,254,293", "Total Equity Gross Minority Interest": "228,294", "Total Capitalization": "289,292", "Common Stock Equity": "228,294", "Net Tangible Assets": "228,294", "Invested Capital": "289,292", "Tangible Book Value": "228,294", "Total Debt": "60,998", "Net Debt": "26,334", "Share Issued": "7,773", "Ordinary Shares Number": "7,773"}, "12/31/2019": {"Duration": "12/31/2019", "Total Assets": "2,267,195", "Total Liabilities Net Minority Interest": "2,061,335", "Total Equity Gross Minority Interest": "205,860", "Total Capitalization": "351,750", "Common Stock Equity": "205,860", "Net Tangible Assets": "205,860", "Invested Capital": "351,750", "Tangible Book Value": "205,860", "Total Debt": "145,890", "Net Debt": "107,330", "Share Issued": "7,673", "Ordinary Shares Number": "7,673"}, "12/31/2018": {"Duration": "12/31/2018", "Total Assets": "1,900,614", "Total Liabilities Net Minority Interest": "1,726,698", "Total Equity Gross Minority Interest": "173,916", "Total Capitalization": "237,319", "Common Stock Equity": "173,916", "Net Tangible Assets": "173,916", "Invested Capital": "237,319", "Tangible Book Value": "173,916", "Total Debt": "63,403", "Net Debt": "26,412", "Share Issued": "7,466", "Ordinary Shares Number": "7,466"}}, "cf": {"TTM": {"Duration": "TTM", "Operating Cash Flow": "20,619", "Investing Cash Flow": "-230,770", "Financing Cash Flow": "183,022", "End Cash Position": "100,687", "Income Tax Paid Supplemental Data": "2,741", "Interest Paid Supplemental Data": "16,312", "Capital Expenditure": "-7,276", "Issuance of Capital Stock": "-", "Issuance of Debt": "0", "Repayment of Debt": "-85,000", "Free Cash Flow": "13,343"}, "12/31/2020": {"Duration": "12/31/2020", "Operating Cash Flow": "20,619", "Investing Cash Flow": "-230,770", "Financing Cash Flow": "183,022", "End Cash Position": "100,687", "Income Tax Paid Supplemental Data": "2,741", "Interest Paid Supplemental Data": "16,312", "Capital Expenditure": "-7,276", "Issuance of Capital Stock": "-", "Issuance of Debt": "0", "Repayment of Debt": "-85,000", "Free Cash Flow": "13,343"}, "12/31/2019": {"Duration": "12/31/2019", "Operating Cash Flow": "18,282", "Investing Cash Flow": "-275,583", "Financing Cash Flow": "312,244", "End Cash Position": "127,816", "Income Tax Paid Supplemental Data": "7,883", "Interest Paid Supplemental Data": "25,156", "Capital Expenditure": "-8,431", "Issuance of Capital Stock": "0", "Issuance of Debt": "82,487", "Repayment of Debt": "-", "Free Cash Flow": "9,851"}, "12/31/2018": {"Duration": "12/31/2018", "Operating Cash Flow": "31,703", "Investing Cash Flow": "-301,708", "Financing Cash Flow": "250,713", "End Cash Position": "72,873", "Income Tax Paid Supplemental Data": "5,451", "Interest Paid Supplemental Data": "15,410", "Capital Expenditure": "-1,943", "Issuance of Capital Stock": "0", "Issuance of Debt": "-", "Repayment of Debt": "-17,200", "Free Cash Flow": "29,760"}}}}, {"OFG": {"quote": {"03/26/2021": {"value": "22.49", "Market Cap": "1.159B", "Beta (5Y Monthly)": "1.58", "PE Ratio (TTM)": "17.04", "EPS (TTM)": "1.32", "Earnings Date": "Apr 27, 2021 - May 03, 2021", "Forward Dividend & Yield": "0.32 (1.50%)", "Ex-Dividend Date": "Mar 30, 2021", "1y Target Est": "21.25"}}, "fin": {"TTM": {"Duration": "TTM", "Total Revenue": "476,294", "Credit Losses Provision": "-92,672", "Non Interest Expense": "274,191", "Special Income Charges": "-14,605", "Pretax Income": "94,826", "Tax Provision": "20,499", "Net Income Common Stockholders": "67,815", "Diluted NI Available to Com Stockholders": "67,815", "Basic EPS": "-", "Diluted EPS": "-", "Basic Average Shares": "-", "Diluted Average Shares": "-", "INTEREST_INCOME_AFTER_PROVISION_FOR_LOAN_LOSS": "315,760", "Net Income from Continuing & Discontinued Operation": "74,327", "Normalized Income": "91,862", "Reconciled Depreciation": "23,756", "Net Income from Continuing Operation Net Minority Interest": "74,327", "Total Unusual Items Excluding Goodwill": "-22,372", "Total Unusual Items": "-22,372", "Tax Rate for Calcs": "0", "Tax Effect of Unusual Items": "-4,837"}, "12/31/2020": {"Duration": "12/31/2020", "Total Revenue": "476,294", "Credit Losses Provision": "-92,672", "Non Interest Expense": "274,191", "Special Income Charges": "-14,605", "Pretax Income": "94,826", "Tax Provision": "20,499", "Net Income Common Stockholders": "67,815", "Diluted NI Available to Com Stockholders": "67,815", "Basic EPS": "-", "Diluted EPS": "-", "Basic Average Shares": "-", "Diluted Average Shares": "-", "INTEREST_INCOME_AFTER_PROVISION_FOR_LOAN_LOSS": "315,760", "Net Income from Continuing & Discontinued Operation": "74,327", "Normalized Income": "91,862", "Reconciled Depreciation": "23,756", "Net Income from Continuing Operation Net Minority Interest": "74,327", "Total Unusual Items Excluding Goodwill": "-22,372", "Total Unusual Items": "-22,372", "Tax Rate for Calcs": "0", "Tax Effect of Unusual Items": "-4,837"}, "12/31/2019": {"Duration": "12/31/2019", "Total Revenue": "367,383", "Credit Losses Provision": "-96,792", "Non Interest Expense": "171,595", "Special Income Charges": "-23,746", "Pretax Income": "75,250", "Tax Provision": "21,409", "Net Income Common Stockholders": "47,329", "Diluted NI Available to Com Stockholders": "47,329", "Basic EPS": "0.93", "Diluted EPS": "0.92", "Basic Average Shares": "51,335", "Diluted Average Shares": "51,719", "INTEREST_INCOME_AFTER_PROVISION_FOR_LOAN_LOSS": "226,001", "Net Income from Continuing & Discontinued Operation": "53,841", "Normalized Income": "79,055", "Reconciled Depreciation": "9,683", "Net Income from Continuing Operation Net Minority Interest": "53,841", "Total Unusual Items Excluding Goodwill": "-35,244", "Total Unusual Items": "-35,244", "Tax Rate for Calcs": "0", "Tax Effect of Unusual Items": "-10,030"}, "12/31/2018": {"Duration": "12/31/2018", "Total Revenue": "356,393", "Credit Losses Provision": "-56,108", "Non Interest Expense": "167,485", "Special Income Charges": "0", "Pretax Income": "132,800", "Tax Provision": "48,390", "Net Income Common Stockholders": "72,386", "Diluted NI Available to Com Stockholders": "72,386", "Basic EPS": "1.59", "Diluted EPS": "1.52", "Basic Average Shares": "45,400", "Diluted Average Shares": "51,349", "INTEREST_INCOME_AFTER_PROVISION_FOR_LOAN_LOSS": "259,786", "Net Income from Continuing & Discontinued Operation": "84,410", "Normalized Income": "87,373", "Reconciled Depreciation": "10,217", "Net Income from Continuing Operation Net Minority Interest": "84,410", "Total Unusual Items Excluding Goodwill": "-4,662", "Total Unusual Items": "-4,662", "Tax Rate for Calcs": "0", "Tax Effect of Unusual Items": "-1,699"}}, "bs": {"12/31/2020": {"Duration": "12/31/2020", "Total Assets": "9,826,011", "Total Liabilities Net Minority Interest": "8,740,036", "Total Equity Gross Minority Interest": "1,085,975", "Total Capitalization": "1,188,326", "Preferred Stock Equity": "92,000", "Common Stock Equity": "993,975", "Capital Lease Obligations": "32,566", "Net Tangible Assets": "906,715", "Invested Capital": "1,096,326", "Tangible Book Value": "814,715", "Total Debt": "134,917", "Share Issued": "59,885", "Ordinary Shares Number": "51,387", "Preferred Shares Number": "3,680", "Treasury Shares Number": "8,498"}, "12/31/2019": {"Duration": "12/31/2019", "Total Assets": "9,297,661", "Total Liabilities Net Minority Interest": "8,252,183", "Total Equity Gross Minority Interest": "1,045,478", "Total Capitalization": "1,160,765", "Preferred Stock Equity": "92,000", "Common Stock Equity": "953,478", "Capital Lease Obligations": "39,840", "Net Tangible Assets": "851,665", "Invested Capital": "1,068,765", "Tangible Book Value": "759,665", "Total Debt": "155,127", "Share Issued": "59,885", "Ordinary Shares Number": "51,399", "Preferred Shares Number": "3,680", "Treasury Shares Number": "8,486"}, "12/31/2018": {"Duration": "12/31/2018", "Total Assets": "6,583,352", "Total Liabilities Net Minority Interest": "5,583,475", "Total Equity Gross Minority Interest": "999,877", "Total Capitalization": "1,114,794", "Preferred Stock Equity": "92,000", "Common Stock Equity": "907,877", "Capital Lease Obligations": "-", "Net Tangible Assets": "899,723", "Invested Capital": "1,022,794", "Tangible Book Value": "807,723", "Total Debt": "114,917", "Share Issued": "59,885", "Ordinary Shares Number": "51,294", "Preferred Shares Number": "3,680", "Treasury Shares Number": "8,591"}}, "cf": {"TTM": {"Duration": "TTM", "Operating Cash Flow": "-88,621", "Investing Cash Flow": "881,082", "Financing Cash Flow": "510,359", "End Cash Position": "2,155,577", "Income Tax Paid Supplemental Data": "6,255", "Interest Paid Supplemental Data": "56,442", "Capital Expenditure": "-15,263", "Repurchase of Capital Stock": "-2,226", "Free Cash Flow": "-103,884"}, "12/31/2020": {"Duration": "12/31/2020", "Operating Cash Flow": "-88,621", "Investing Cash Flow": "881,082", "Financing Cash Flow": "510,359", "End Cash Position": "2,155,577", "Income Tax Paid Supplemental Data": "6,255", "Interest Paid Supplemental Data": "56,442", "Capital Expenditure": "-15,263", "Repurchase of Capital Stock": "-2,226", "Free Cash Flow": "-103,884"}, "12/31/2019": {"Duration": "12/31/2019", "Operating Cash Flow": "109,617", "Investing Cash Flow": "842,173", "Financing Cash Flow": "-549,096", "End Cash Position": "852,757", "Income Tax Paid Supplemental Data": "39,375", "Interest Paid Supplemental Data": "41,310", "Capital Expenditure": "-12,966", "Repurchase of Capital Stock": "-", "Free Cash Flow": "96,651"}, "12/31/2018": {"Duration": "12/31/2018", "Operating Cash Flow": "133,355", "Investing Cash Flow": "-488,767", "Financing Cash Flow": "317,242", "End Cash Position": "450,063", "Income Tax Paid Supplemental Data": "17,778", "Interest Paid Supplemental Data": "41,318", "Capital Expenditure": "-11,491", "Repurchase of Capital Stock": "-", "Free Cash Flow": "121,864"}}}}, {"FRC": {"quote": {"03/26/2021": {"value": "170.09", "Market Cap": "29.635B", "Beta (5Y Monthly)": "1.11", "PE Ratio (TTM)": "29.28", "EPS (TTM)": "5.81", "Earnings Date": "Apr 12, 2021 - Apr 16, 2021", "Forward Dividend & Yield": "0.80 (0.48%)", "Ex-Dividend Date": "Jan 27, 2021", "1y Target Est": "168.33"}}, "fin": {"TTM": {"Duration": "TTM", "Total Revenue": "3,855,551", "Credit Losses Provision": "-157,091", "Non Interest Expense": "2,364,495", "Pretax Income": "1,333,965", "Tax Provision": "269,814", "Net Income Common Stockholders": "1,005,426", "Diluted NI Available to Com Stockholders": "1,005,426", "Basic EPS": "-", "Diluted EPS": "-", "Basic Average Shares": "-", "Diluted Average Shares": "-", "INTEREST_INCOME_AFTER_PROVISION_FOR_LOAN_LOSS": "3,105,461", "Net Income from Continuing & Discontinued Operation": "1,064,151", "Normalized Income": "1,064,151", "Reconciled Depreciation": "166,079", "Net Income from Continuing Operation Net Minority Interest": "1,064,151", "Tax Rate for Calcs": "0", "Tax Effect of Unusual Items": "0"}, "12/31/2020": {"Duration": "12/31/2020", "Total Revenue": "3,855,551", "Credit Losses Provision": "-157,091", "Non Interest Expense": "2,364,495", "Pretax Income": "1,333,965", "Tax Provision": "269,814", "Net Income Common Stockholders": "1,005,426", "Diluted NI Available to Com Stockholders": "1,005,426", "Basic EPS": "5.85", "Diluted EPS": "5.81", "Basic Average Shares": "171,933", "Diluted Average Shares": "173,053", "INTEREST_INCOME_AFTER_PROVISION_FOR_LOAN_LOSS": "3,105,461", "Net Income from Continuing & Discontinued Operation": "1,064,151", "Normalized Income": "1,064,151", "Reconciled Depreciation": "166,079", "Net Income from Continuing Operation Net Minority Interest": "1,064,151", "Tax Rate for Calcs": "0", "Tax Effect of Unusual Items": "0"}, "12/31/2019": {"Duration": "12/31/2019", "Total Revenue": "3,253,989", "Credit Losses Provision": "-61,690", "Non Interest Expense": "2,059,063", "Pretax Income": "1,133,236", "Tax Provision": "202,907", "Net Income Common Stockholders": "881,259", "Diluted NI Available to Com Stockholders": "881,259", "Basic EPS": "5.25", "Diluted EPS": "5.20", "Basic Average Shares": "167,908", "Diluted Average Shares": "169,551", "INTEREST_INCOME_AFTER_PROVISION_FOR_LOAN_LOSS": "2,702,477", "Net Income from Continuing & Discontinued Operation": "930,329", "Normalized Income": "930,329", "Reconciled Depreciation": "137,639", "Net Income from Continuing Operation Net Minority Interest": "930,329", "Tax Rate for Calcs": "0", "Tax Effect of Unusual Items": "0"}, "12/31/2018": {"Duration": "12/31/2018", "Total Revenue": "2,967,465", "Credit Losses Provision": "-76,092", "Non Interest Expense": "1,839,631", "Pretax Income": "1,051,742", "Tax Provision": "197,914", "Net Income Common Stockholders": "796,103", "Diluted NI Available to Com Stockholders": "796,103", "Basic EPS": "4.89", "Diluted EPS": "4.81", "Basic Average Shares": "162,948", "Diluted Average Shares": "165,612", "INTEREST_INCOME_AFTER_PROVISION_FOR_LOAN_LOSS": "2,425,016", "Net Income from Continuing & Discontinued Operation": "853,828", "Normalized Income": "853,828", "Reconciled Depreciation": "114,363", "Net Income from Continuing Operation Net Minority Interest": "853,828", "Tax Rate for Calcs": "0", "Tax Effect of Unusual Items": "0"}}, "bs": {"12/31/2020": {"Duration": "12/31/2020", "Total Assets": "142,502,134", "Total Liabilities Net Minority Interest": "130,751,488", "Total Equity Gross Minority Interest": "11,750,646", "Total Capitalization": "25,280,104", "Preferred Stock Equity": "1,545,000", "Common Stock Equity": "10,205,646", "Net Tangible Assets": "11,497,136", "Invested Capital": "23,735,104", "Tangible Book Value": "9,952,136", "Total Debt": "13,529,458", "Net Debt": "8,434,704", "Share Issued": "174,124", "Ordinary Shares Number": "174,124", "Preferred Shares Number": "61,800"}, "12/31/2019": {"Duration": "12/31/2019", "Total Assets": "116,263,634", "Total Liabilities Net Minority Interest": "106,412,527", "Total Equity Gross Minority Interest": "9,851,107", "Total Capitalization": "23,326,711", "Preferred Stock Equity": "1,145,000", "Common Stock Equity": "8,706,107", "Net Tangible Assets": "9,574,118", "Invested Capital": "22,531,711", "Tangible Book Value": "8,429,118", "Total Debt": "13,825,604", "Net Debt": "12,126,047", "Share Issued": "168,621", "Ordinary Shares Number": "168,621", "Preferred Shares Number": "45,800"}, "12/31/2018": {"Duration": "12/31/2018", "Total Assets": "99,205,204", "Total Liabilities Net Minority Interest": "90,527,427", "Total Equity Gross Minority Interest": "8,677,777", "Total Capitalization": "19,051,684", "Preferred Stock Equity": "940,000", "Common Stock Equity": "7,737,777", "Net Tangible Assets": "8,349,333", "Invested Capital": "18,211,684", "Tangible Book Value": "7,409,333", "Total Debt": "10,473,907", "Net Debt": "7,662,748", "Share Issued": "164,902", "Ordinary Shares Number": "164,902", "Preferred Shares Number": "37,600"}}, "cf": {"TTM": {"Duration": "TTM", "Operating Cash Flow": "531,262", "Investing Cash Flow": "-21,854,817", "Financing Cash Flow": "24,718,752", "End Cash Position": "5,094,754", "Income Tax Paid Supplemental Data": "157,433", "Interest Paid Supplemental Data": "614,860", "Capital Expenditure": "-148,667", "Issuance of Capital Stock": "1,008,080", "Issuance of Debt": "6,955,000", "Repayment of Debt": "-6,900,000", "Repurchase of Capital Stock": "-100,000", "Free Cash Flow": "382,595"}, "12/31/2020": {"Duration": "12/31/2020", "Operating Cash Flow": "531,262", "Investing Cash Flow": "-21,854,817", "Financing Cash Flow": "24,718,752", "End Cash Position": "5,094,754", "Income Tax Paid Supplemental Data": "157,433", "Interest Paid Supplemental Data": "614,860", "Capital Expenditure": "-148,667", "Issuance of Capital Stock": "1,008,080", "Issuance of Debt": "6,955,000", "Repayment of Debt": "-6,900,000", "Repurchase of Capital Stock": "-100,000", "Free Cash Flow": "382,595"}, "12/31/2019": {"Duration": "12/31/2019", "Operating Cash Flow": "938,511", "Investing Cash Flow": "-17,034,752", "Financing Cash Flow": "14,984,639", "End Cash Position": "1,699,557", "Income Tax Paid Supplemental Data": "155,315", "Interest Paid Supplemental Data": "808,117", "Capital Expenditure": "-167,941", "Issuance of Capital Stock": "553,089", "Issuance of Debt": "7,050,000", "Repayment of Debt": "-3,950,000", "Repurchase of Capital Stock": "-190,000", "Free Cash Flow": "770,570"}, "12/31/2018": {"Duration": "12/31/2018", "Operating Cash Flow": "1,111,204", "Investing Cash Flow": "-11,062,019", "Financing Cash Flow": "10,464,953", "End Cash Position": "2,811,159", "Income Tax Paid Supplemental Data": "97,852", "Interest Paid Supplemental Data": "516,784", "Capital Expenditure": "-133,875", "Issuance of Capital Stock": "503,624", "Issuance of Debt": "3,300,000", "Repayment of Debt": "-2,900,000", "Repurchase of Capital Stock": "-350,000", "Free Cash Flow": "977,329"}}}}, {"WBKC": {"quote": {"03/26/2021": {"value": "", "Net Assets": "N/A", "Beta (5Y Monthly)": "N/A", "Yield": "N/A", "5y Average Return": "N/A", "Holdings Turnover": "N/A", "Last Dividend": "N/A", "Average for Category": "N/A", "Inception Date": "N/A"}}, "fin": {}, "bs": {}, "cf": {}}}, {"UNTY": {"quote": {"03/26/2021": {"value": "21.88", "Market Cap": "231.173M", "Beta (5Y Monthly)": "1.40", "PE Ratio (TTM)": "9.99", "EPS (TTM)": "2.19", "Earnings Date": "Apr 15, 2021 - Apr 19, 2021", "Forward Dividend & Yield": "0.32 (1.44%)", "Ex-Dividend Date": "Mar 11, 2021", "1y Target Est": "26.00"}}, "fin": {"TTM": {"Duration": "TTM", "Total Revenue": "76,759", "Credit Losses Provision": "-7,000", "Non Interest Expense": "38,640", "Special Income Charges": "0", "Pretax Income": "31,119", "Tax Provision": "7,475", "Net Income Common Stockholders": "23,644", "Diluted NI Available to Com Stockholders": "23,644", "Basic EPS": "-", "Diluted EPS": "-", "Basic Average Shares": "-", "Diluted Average Shares": "-", "INTEREST_INCOME_AFTER_PROVISION_FOR_LOAN_LOSS": "57,435", "Net Income from Continuing & Discontinued Operation": "23,644", "Normalized Income": "23,644", "Total Money Market Investments": "258", "Reconciled Depreciation": "-", "Net Income from Continuing Operation Net Minority Interest": "23,644", "Total Unusual Items Excluding Goodwill": "0", "Total Unusual Items": "0", "Tax Rate for Calcs": "0", "Tax Effect of Unusual Items": "0"}, "12/31/2020": {"Duration": "12/31/2020", "Total Revenue": "76,759", "Credit Losses Provision": "-7,000", "Non Interest Expense": "38,640", "Special Income Charges": "0", "Pretax Income": "31,119", "Tax Provision": "7,475", "Net Income Common Stockholders": "23,644", "Diluted NI Available to Com Stockholders": "23,644", "Basic EPS": "-", "Diluted EPS": "-", "Basic Average Shares": "-", "Diluted Average Shares": "-", "INTEREST_INCOME_AFTER_PROVISION_FOR_LOAN_LOSS": "57,435", "Net Income from Continuing & Discontinued Operation": "23,644", "Normalized Income": "23,644", "Total Money Market Investments": "258", "Reconciled Depreciation": "-", "Net Income from Continuing Operation Net Minority Interest": "23,644", "Total Unusual Items Excluding Goodwill": "0", "Total Unusual Items": "0", "Tax Rate for Calcs": "0", "Tax Effect of Unusual Items": "0"}, "12/31/2019": {"Duration": "12/31/2019", "Total Revenue": "66,053", "Credit Losses Provision": "-2,100", "Non Interest Expense": "34,404", "Special Income Charges": "766", "Pretax Income": "30,315", "Tax Provision": "6,662", "Net Income Common Stockholders": "23,653", "Diluted NI Available to Com Stockholders": "23,653", "Basic EPS": "2.18", "Diluted EPS": "2.14", "Basic Average Shares": "10,845", "Diluted Average Shares": "11,029", "INTEREST_INCOME_AFTER_PROVISION_FOR_LOAN_LOSS": "55,493", "Net Income from Continuing & Discontinued Operation": "23,653", "Normalized Income": "23,056", "Total Money Market Investments": "906", "Reconciled Depreciation": "1,619", "Net Income from Continuing Operation Net Minority Interest": "23,653", "Total Unusual Items Excluding Goodwill": "766", "Total Unusual Items": "766", "Tax Rate for Calcs": "0", "Tax Effect of Unusual Items": "168.52"}, "12/31/2018": {"Duration": "12/31/2018", "Total Revenue": "62,931", "Credit Losses Provision": "-2,050", "Non Interest Expense": "33,574", "Special Income Charges": "0", "Pretax Income": "27,307", "Tax Provision": "5,388", "Net Income Common Stockholders": "21,919", "Diluted NI Available to Com Stockholders": "21,919", "Basic EPS": "2.04", "Diluted EPS": "2.01", "Basic Average Shares": "10,726", "Diluted Average Shares": "10,916", "INTEREST_INCOME_AFTER_PROVISION_FOR_LOAN_LOSS": "51,697", "Net Income from Continuing & Discontinued Operation": "21,919", "Normalized Income": "21,919", "Total Money Market Investments": "773", "Reconciled Depreciation": "1,937", "Net Income from Continuing Operation Net Minority Interest": "21,919", "Total Unusual Items Excluding Goodwill": "0", "Total Unusual Items": "0", "Tax Rate for Calcs": "0", "Tax Effect of Unusual Items": "0"}}, "bs": {"12/31/2020": {"Duration": "12/31/2020", "Total Assets": "1,930,836", "Total Liabilities Net Minority Interest": "1,761,602", "Total Equity Gross Minority Interest": "169,234", "Total Capitalization": "419,544", "Common Stock Equity": "169,234", "Net Tangible Assets": "167,718", "Invested Capital": "419,544", "Tangible Book Value": "167,718", "Total Debt": "250,310", "Net Debt": "228,709", "Share Issued": "10,570", "Ordinary Shares Number": "10,570"}, "12/31/2019": {"Duration": "12/31/2019", "Total Assets": "1,718,942", "Total Liabilities Net Minority Interest": "1,558,233", "Total Equity Gross Minority Interest": "160,709", "Total Capitalization": "454,019", "Common Stock Equity": "160,709", "Net Tangible Assets": "159,193", "Invested Capital": "454,019", "Tangible Book Value": "159,193", "Total Debt": "293,310", "Net Debt": "272,204", "Share Issued": "10,881", "Ordinary Shares Number": "10,881"}, "12/31/2018": {"Duration": "12/31/2018", "Total Assets": "1,579,157", "Total Liabilities Net Minority Interest": "1,440,669", "Total Equity Gross Minority Interest": "138,488", "Total Capitalization": "358,798", "Common Stock Equity": "138,488", "Net Tangible Assets": "136,972", "Invested Capital": "358,798", "Tangible Book Value": "136,972", "Total Debt": "220,310", "Net Debt": "200,282", "Share Issued": "10,780", "Ordinary Shares Number": "10,780"}}, "cf": {"TTM": {"Duration": "TTM", "Operating Cash Flow": "-", "Investing Cash Flow": "-", "Financing Cash Flow": "-", "End Cash Position": "-", "Income Tax Paid Supplemental Data": "-", "Interest Paid Supplemental Data": "-", "Capital Expenditure": "-", "Issuance of Capital Stock": "-", "Issuance of Debt": "-", "Repayment of Debt": "-", "Free Cash Flow": "-"}, "12/31/2019": {"Duration": "12/31/2019", "Operating Cash Flow": "33,204", "Investing Cash Flow": "-133,115", "Financing Cash Flow": "112,412", "End Cash Position": "158,016", "Income Tax Paid Supplemental Data": "8,222", "Interest Paid Supplemental Data": "18,006", "Capital Expenditure": "-709", "Issuance of Capital Stock": "-", "Issuance of Debt": "283,000", "Repayment of Debt": "-210,000", "Free Cash Flow": "32,495"}, "12/31/2018": {"Duration": "12/31/2018", "Operating Cash Flow": "38,590", "Investing Cash Flow": "-140,653", "Financing Cash Flow": "97,324", "End Cash Position": "145,515", "Income Tax Paid Supplemental Data": "5,941", "Interest Paid Supplemental Data": "13,546", "Capital Expenditure": "-1,507", "Issuance of Capital Stock": "0", "Issuance of Debt": "210,000", "Repayment of Debt": "-275,000", "Free Cash Flow": "37,083"}}}}, {"NCBS": {"quote": {"03/26/2021": {"value": "85.99", "Market Cap": "858.996M", "Beta (5Y Monthly)": "0.77", "PE Ratio (TTM)": "15.09", "EPS (TTM)": "5.70", "Earnings Date": "Apr 19, 2021 - Apr 23, 2021", "Forward Dividend & Yield": "N/A (N/A)", "Ex-Dividend Date": "N/A", "1y Target Est": "77.00"}}, "fin": {"TTM": {"Duration": "TTM", "Total Revenue": "191,964", "Credit Losses Provision": "-10,300", "Non Interest Expense": "100,719", "Special Income Charges": "-1,270", "Pretax Income": "80,945", "Tax Provision": "20,476", "Net Income Common Stockholders": "60,122", "Diluted NI Available to Com Stockholders": "60,122", "Basic EPS": "-", "Diluted EPS": "-", "Basic Average Shares": "-", "Diluted Average Shares": "-", "INTEREST_INCOME_AFTER_PROVISION_FOR_LOAN_LOSS": "119,038", "Net Income from Continuing & Discontinued Operation": "60,122", "Normalized Income": "60,122", "Reconciled Depreciation": "3,567", "Net Income from Continuing Operation Net Minority Interest": "60,122", "Total Unusual Items Excluding Goodwill": "-1,113", "Total Unusual Items": "-1,113", "Tax Rate for Calcs": "0", "Tax Effect of Unusual Items": "0"}, "12/31/2020": {"Duration": "12/31/2020", "Total Revenue": "193,234", "Credit Losses Provision": "-10,300", "Non Interest Expense": "100,719", "Special Income Charges": "-1,270", "Pretax Income": "80,945", "Tax Provision": "20,476", "Net Income Common Stockholders": "60,122", "Diluted NI Available to Com Stockholders": "60,122", "Basic EPS": "-", "Diluted EPS": "-", "Basic Average Shares": "-", "Diluted Average Shares": "-", "INTEREST_INCOME_AFTER_PROVISION_FOR_LOAN_LOSS": "119,038", "Net Income from Continuing & Discontinued Operation": "60,122", "Normalized Income": "60,953", "Reconciled Depreciation": "10,685", "Net Income from Continuing Operation Net Minority Interest": "60,122", "Total Unusual Items Excluding Goodwill": "-1,113", "Total Unusual Items": "-1,113", "Tax Rate for Calcs": "0", "Tax Effect of Unusual Items": "-281.589"}, "12/31/2019": {"Duration": "12/31/2019", "Total Revenue": "169,895", "Credit Losses Provision": "-1,200", "Non Interest Expense": "96,799", "Special Income Charges": "-450", "Pretax Income": "71,446", "Tax Provision": "16,458", "Net Income Common Stockholders": "54,641", "Diluted NI Available to Com Stockholders": "54,641", "Basic EPS": "5.71", "Diluted EPS": "5.52", "Basic Average Shares": "9,562", "Diluted Average Shares": "9,900", "INTEREST_INCOME_AFTER_PROVISION_FOR_LOAN_LOSS": "114,878", "Net Income from Continuing & Discontinued Operation": "54,641", "Normalized Income": "55,055", "Reconciled Depreciation": "7,311", "Net Income from Continuing Operation Net Minority Interest": "54,641", "Total Unusual Items Excluding Goodwill": "-538", "Total Unusual Items": "-538", "Tax Rate for Calcs": "0", "Tax Effect of Unusual Items": "-123.74"}, "12/31/2018": {"Duration": "12/31/2018", "Total Revenue": "146,157", "Credit Losses Provision": "-1,600", "Non Interest Expense": "89,758", "Special Income Charges": "-", "Pretax Income": "54,799", "Tax Provision": "13,446", "Net Income Common Stockholders": "41,036", "Diluted NI Available to Com Stockholders": "41,036", "Basic EPS": "4.26", "Diluted EPS": "4.12", "Basic Average Shares": "9,640", "Diluted Average Shares": "9,956", "INTEREST_INCOME_AFTER_PROVISION_FOR_LOAN_LOSS": "105,048", "Net Income from Continuing & Discontinued Operation": "41,036", "Normalized Income": "41,036", "Reconciled Depreciation": "6,282", "Net Income from Continuing Operation Net Minority Interest": "41,036", "Total Unusual Items Excluding Goodwill": "1,169", "Total Unusual Items": "1,169", "Tax Rate for Calcs": "0", "Tax Effect of Unusual Items": "0"}}, "bs": {"12/31/2020": {"Duration": "12/31/2020", "Total Assets": "4,551,789", "Total Liabilities Net Minority Interest": "4,012,600", "Total Equity Gross Minority Interest": "539,189", "Total Capitalization": "593,058", "Common Stock Equity": "539,189", "Net Tangible Assets": "363,836", "Invested Capital": "593,058", "Tangible Book Value": "363,836", "Total Debt": "53,869", "Share Issued": "10,030", "Ordinary Shares Number": "10,011", "Treasury Shares Number": "18.925"}, "12/31/2019": {"Duration": "12/31/2019", "Total Assets": "3,577,260", "Total Liabilities Net Minority Interest": "3,060,270", "Total Equity Gross Minority Interest": "516,990", "Total Capitalization": "583,891", "Common Stock Equity": "516,262", "Net Tangible Assets": "350,295", "Invested Capital": "583,891", "Tangible Book Value": "350,295", "Total Debt": "67,629", "Share Issued": "10,610", "Ordinary Shares Number": "10,588", "Treasury Shares Number": "22.521"}, "12/31/2018": {"Duration": "12/31/2018", "Total Assets": "3,096,535", "Total Liabilities Net Minority Interest": "2,709,183", "Total Equity Gross Minority Interest": "387,352", "Total Capitalization": "463,914", "Common Stock Equity": "386,609", "Net Tangible Assets": "262,302", "Invested Capital": "463,914", "Tangible Book Value": "262,302", "Total Debt": "77,305", "Share Issued": "9,495", "Ordinary Shares Number": "9,495", "Treasury Shares Number": "29.512"}}, "cf": {"TTM": {"Duration": "TTM", "Operating Cash Flow": "78,899", "Investing Cash Flow": "-208,696", "Financing Cash Flow": "750,597", "End Cash Position": "802,859", "Income Tax Paid Supplemental Data": "21,969", "Interest Paid Supplemental Data": "23,485", "Capital Expenditure": "-10,791", "Issuance of Capital Stock": "2,055", "Issuance of Debt": "367,842", "Repayment of Debt": "-384,091", "Repurchase of Capital Stock": "-42,088", "Free Cash Flow": "68,108"}, "12/31/2020": {"Duration": "12/31/2020", "Operating Cash Flow": "78,899", "Investing Cash Flow": "-208,696", "Financing Cash Flow": "750,597", "End Cash Position": "802,859", "Income Tax Paid Supplemental Data": "21,969", "Interest Paid Supplemental Data": "23,485", "Capital Expenditure": "-10,791", "Issuance of Capital Stock": "2,055", "Issuance of Debt": "367,842", "Repayment of Debt": "-384,091", "Repurchase of Capital Stock": "-42,088", "Free Cash Flow": "68,108"}, "12/31/2019": {"Duration": "12/31/2019", "Operating Cash Flow": "58,137", "Investing Cash Flow": "-63,150", "Financing Cash Flow": "-62,454", "End Cash Position": "182,059", "Income Tax Paid Supplemental Data": "16,140", "Interest Paid Supplemental Data": "22,334", "Capital Expenditure": "-4,392", "Issuance of Capital Stock": "8,742", "Issuance of Debt": "0", "Repayment of Debt": "-91,470", "Repurchase of Capital Stock": "-28,460", "Free Cash Flow": "53,745"}, "12/31/2018": {"Duration": "12/31/2018", "Operating Cash Flow": "50,989", "Investing Cash Flow": "-77,072", "Financing Cash Flow": "120,676", "End Cash Position": "249,526", "Income Tax Paid Supplemental Data": "10,821", "Interest Paid Supplemental Data": "18,537", "Capital Expenditure": "-4,260", "Issuance of Capital Stock": "1,800", "Issuance of Debt": "0", "Repayment of Debt": "-1,253", "Repurchase of Capital Stock": "-22,749", "Free Cash Flow": "46,729"}}}}, {"STBZ": {"quote": {"03/26/2021": {"value": "", "Net Assets": "N/A", "Beta (5Y Monthly)": "N/A", "Yield": "N/A", "5y Average Return": "N/A", "Holdings Turnover": "N/A", "Last Dividend": "N/A", "Average for Category": "N/A", "Inception Date": "N/A"}}, "fin": {}, "bs": {}, "cf": {}}}, {"GNBC": {"quote": {"03/26/2021": {"value": "", "Net Assets": "N/A", "Beta (5Y Monthly)": "N/A", "Yield": "N/A", "5y Average Return": "N/A", "Holdings Turnover": "N/A", "Last Dividend": "N/A", "Average for Category": "N/A", "Inception Date": "N/A"}}, "fin": {}, "bs": {}, "cf": {}}}, {"SFBC": {"quote": {"03/26/2021": {"value": "42.21", "Market Cap": "109.451M", "Beta (5Y Monthly)": "1.05", "PE Ratio (TTM)": "12.27", "EPS (TTM)": "3.44", "Earnings Date": "Jan 28, 2021", "Forward Dividend & Yield": "0.68 (1.61%)", "Ex-Dividend Date": "Feb 09, 2021", "1y Target Est": "N/A"}}, "fin": {"TTM": {"Duration": "TTM", "Total Revenue": "36,788", "Credit Losses Provision": "-925", "Non Interest Expense": "24,535", "Other Non Operating Income Expenses": "-", "Pretax Income": "11,328", "Tax Provision": "2,391", "Net Income Common Stockholders": "8,937", "Diluted NI Available to Com Stockholders": "8,937", "Basic EPS": "-", "Diluted EPS": "-", "Basic Average Shares": "-", "Diluted Average Shares": "-", "INTEREST_INCOME_AFTER_PROVISION_FOR_LOAN_LOSS": "26,561", "Net Income from Continuing & Discontinued Operation": "8,937", "Normalized Income": "8,937", "Reconciled Depreciation": "-", "Net Income from Continuing Operation Net Minority Interest": "8,937", "Total Unusual Items Excluding Goodwill": "-", "Total Unusual Items": "-", "Tax Rate for Calcs": "0", "Tax Effect of Unusual Items": "0"}, "12/31/2020": {"Duration": "12/31/2020", "Total Revenue": "36,788", "Credit Losses Provision": "-925", "Non Interest Expense": "24,535", "Other Non Operating Income Expenses": "-", "Pretax Income": "11,328", "Tax Provision": "2,391", "Net Income Common Stockholders": "8,937", "Diluted NI Available to Com Stockholders": "8,937", "Basic EPS": "-", "Diluted EPS": "-", "Basic Average Shares": "-", "Diluted Average Shares": "-", "INTEREST_INCOME_AFTER_PROVISION_FOR_LOAN_LOSS": "26,561", "Net Income from Continuing & Discontinued Operation": "8,937", "Normalized Income": "8,937", "Reconciled Depreciation": "-", "Net Income from Continuing Operation Net Minority Interest": "8,937", "Total Unusual Items Excluding Goodwill": "-", "Total Unusual Items": "-", "Tax Rate for Calcs": "0", "Tax Effect of Unusual Items": "0"}, "12/31/2019": {"Duration": "12/31/2019", "Total Revenue": "31,750", "Credit Losses Provision": "125", "Non Interest Expense": "23,545", "Other Non Operating Income Expenses": "-760", "Pretax Income": "8,330", "Tax Provision": "1,651", "Net Income Common Stockholders": "6,679", "Diluted NI Available to Com Stockholders": "6,679", "Basic EPS": "2.64", "Diluted EPS": "2.58", "Basic Average Shares": "2,527", "Diluted Average Shares": "2,583", "INTEREST_INCOME_AFTER_PROVISION_FOR_LOAN_LOSS": "27,089", "Net Income from Continuing & Discontinued Operation": "6,679", "Normalized Income": "6,679", "Reconciled Depreciation": "931", "Net Income from Continuing Operation Net Minority Interest": "6,679", "Total Unusual Items Excluding Goodwill": "-35", "Total Unusual Items": "-35", "Tax Rate for Calcs": "0", "Tax Effect of Unusual Items": "0"}, "12/31/2018": {"Duration": "12/31/2018", "Total Revenue": "32,093", "Credit Losses Provision": "-525", "Non Interest Expense": "22,823", "Other Non Operating Income Expenses": "-", "Pretax Income": "8,745", "Tax Provision": "1,706", "Net Income Common Stockholders": "7,039", "Diluted NI Available to Com Stockholders": "7,039", "Basic EPS": "2.82", "Diluted EPS": "2.74", "Basic Average Shares": "2,498", "Diluted Average Shares": "2,567", "INTEREST_INCOME_AFTER_PROVISION_FOR_LOAN_LOSS": "27,062", "Net Income from Continuing & Discontinued Operation": "7,039", "Normalized Income": "7,039", "Reconciled Depreciation": "989", "Net Income from Continuing Operation Net Minority Interest": "7,039", "Total Unusual Items Excluding Goodwill": "-86", "Total Unusual Items": "-86", "Tax Rate for Calcs": "0", "Tax Effect of Unusual Items": "0"}}, "bs": {"12/31/2020": {"Duration": "12/31/2020", "Total Assets": "861,402", "Total Liabilities Net Minority Interest": "775,918", "Total Equity Gross Minority Interest": "85,484", "Total Capitalization": "97,076", "Common Stock Equity": "85,484", "Capital Lease Obligations": "7,134", "Net Tangible Assets": "81,704", "Invested Capital": "97,076", "Tangible Book Value": "81,704", "Total Debt": "18,726", "Net Debt": "-", "Share Issued": "2,593", "Ordinary Shares Number": "2,593"}, "12/31/2019": {"Duration": "12/31/2019", "Total Assets": "719,853", "Total Liabilities Net Minority Interest": "642,127", "Total Equity Gross Minority Interest": "77,726", "Total Capitalization": "85,226", "Common Stock Equity": "77,726", "Capital Lease Obligations": "8,010", "Net Tangible Assets": "74,487", "Invested Capital": "85,226", "Tangible Book Value": "74,487", "Total Debt": "15,510", "Net Debt": "-", "Share Issued": "2,567", "Ordinary Shares Number": "2,567"}, "12/31/2018": {"Duration": "12/31/2018", "Total Assets": "716,735", "Total Liabilities Net Minority Interest": "645,108", "Total Equity Gross Minority Interest": "71,627", "Total Capitalization": "155,627", "Common Stock Equity": "71,627", "Capital Lease Obligations": "-", "Net Tangible Assets": "68,213", "Invested Capital": "155,627", "Tangible Book Value": "68,213", "Total Debt": "84,000", "Net Debt": "22,190", "Share Issued": "2,544", "Ordinary Shares Number": "2,544"}}, "cf": {"TTM": {"Duration": "TTM", "Operating Cash Flow": "-", "Investing Cash Flow": "-", "Financing Cash Flow": "-", "End Cash Position": "-", "Income Tax Paid Supplemental Data": "-", "Interest Paid Supplemental Data": "-", "Capital Expenditure": "-", "Issuance of Debt": "-", "Repayment of Debt": "-", "Free Cash Flow": "-"}, "12/31/2019": {"Duration": "12/31/2019", "Operating Cash Flow": "11,063", "Investing Cash Flow": "-5,786", "Financing Cash Flow": "-11,317", "End Cash Position": "55,770", "Income Tax Paid Supplemental Data": "915", "Interest Paid Supplemental Data": "7,528", "Capital Expenditure": "-654", "Issuance of Debt": "166,800", "Repayment of Debt": "-243,300", "Free Cash Flow": "10,409"}, "12/31/2018": {"Duration": "12/31/2018", "Operating Cash Flow": "10,325", "Investing Cash Flow": "-71,499", "Financing Cash Flow": "62,304", "End Cash Position": "61,810", "Income Tax Paid Supplemental Data": "2,670", "Interest Paid Supplemental Data": "5,300", "Capital Expenditure": "-641", "Issuance of Debt": "262,000", "Repayment of Debt": "-237,000", "Free Cash Flow": "9,684"}}}}, {"MTGB": {"quote": {"03/26/2021": {"value": "", "Net Assets": "N/A", "Beta (5Y Monthly)": "N/A", "Yield": "N/A", "5y Average Return": "N/A", "Holdings Turnover": "N/A", "Last Dividend": "N/A", "Average for Category": "N/A", "Inception Date": "N/A"}}, "fin": {}, "bs": {}, "cf": {}}}, {"PVBC": {"quote": {"03/26/2021": {"value": "14.35", "Market Cap": "258.982M", "Beta (5Y Monthly)": "1.04", "PE Ratio (TTM)": "21.74", "EPS (TTM)": "0.66", "Earnings Date": "Jan 28, 2021", "Forward Dividend & Yield": "0.12 (0.85%)", "Ex-Dividend Date": "Feb 10, 2021", "1y Target Est": "11.25"}}, "fin": {"TTM": {"Duration": "TTM", "Total Revenue": "58,015", "Credit Losses Provision": "-5,597", "Non Interest Expense": "33,601", "Special Income Charges": "-2,207", "Pretax Income": "16,610", "Tax Provision": "4,625", "Net Income Common Stockholders": "11,985", "Diluted NI Available to Com Stockholders": "11,985", "Basic EPS": "-", "Diluted EPS": "-", "Basic Average Shares": "-", "Diluted Average Shares": "-", "INTEREST_INCOME_AFTER_PROVISION_FOR_LOAN_LOSS": "48,875", "Net Income from Continuing & Discontinued Operation": "11,985", "Normalized Income": "13,577", "Total Money Market Investments": "-", "Reconciled Depreciation": "959", "Net Income from Continuing Operation Net Minority Interest": "11,985", "Total Unusual Items Excluding Goodwill": "-2,207", "Total Unusual Items": "-2,207", "Tax Rate for Calcs": "0", "Tax Effect of Unusual Items": "-614.5319"}, "12/31/2020": {"Duration": "12/31/2020", "Total Revenue": "58,015", "Credit Losses Provision": "-5,597", "Non Interest Expense": "33,601", "Special Income Charges": "-2,207", "Pretax Income": "16,610", "Tax Provision": "4,625", "Net Income Common Stockholders": "11,985", "Diluted NI Available to Com Stockholders": "11,985", "Basic EPS": "-", "Diluted EPS": "-", "Basic Average Shares": "-", "Diluted Average Shares": "-", "INTEREST_INCOME_AFTER_PROVISION_FOR_LOAN_LOSS": "48,875", "Net Income from Continuing & Discontinued Operation": "11,985", "Normalized Income": "13,577", "Total Money Market Investments": "-", "Reconciled Depreciation": "959", "Net Income from Continuing Operation Net Minority Interest": "11,985", "Total Unusual Items Excluding Goodwill": "-2,207", "Total Unusual Items": "-2,207", "Tax Rate for Calcs": "0", "Tax Effect of Unusual Items": "-614.5319"}, "12/31/2019": {"Duration": "12/31/2019", "Total Revenue": "47,501", "Credit Losses Provision": "-5,326", "Non Interest Expense": "27,556", "Special Income Charges": "-", "Pretax Income": "14,619", "Tax Provision": "3,811", "Net Income Common Stockholders": "10,808", "Diluted NI Available to Com Stockholders": "10,808", "Basic EPS": "0.60", "Diluted EPS": "0.60", "Basic Average Shares": "17,958", "Diluted Average Shares": "18,067", "INTEREST_INCOME_AFTER_PROVISION_FOR_LOAN_LOSS": "38,064", "Net Income from Continuing & Discontinued Operation": "10,808", "Normalized Income": "10,808", "Total Money Market Investments": "296", "Reconciled Depreciation": "1,391", "Net Income from Continuing Operation Net Minority Interest": "10,808", "Total Unusual Items Excluding Goodwill": "-", "Total Unusual Items": "-", "Tax Rate for Calcs": "0", "Tax Effect of Unusual Items": "0"}, "12/31/2018": {"Duration": "12/31/2018", "Total Revenue": "41,305", "Credit Losses Provision": "-3,329", "Non Interest Expense": "25,414", "Special Income Charges": "-", "Pretax Income": "12,562", "Tax Provision": "3,237", "Net Income Common Stockholders": "9,325", "Diluted NI Available to Com Stockholders": "9,325", "Basic EPS": "1.01", "Diluted EPS": "1.00", "Basic Average Shares": "9,240", "Diluted Average Shares": "9,313", "INTEREST_INCOME_AFTER_PROVISION_FOR_LOAN_LOSS": "33,798", "Net Income from Continuing & Discontinued Operation": "9,325", "Normalized Income": "9,325", "Total Money Market Investments": "313", "Reconciled Depreciation": "721", "Net Income from Continuing Operation Net Minority Interest": "9,325", "Total Unusual Items Excluding Goodwill": "-", "Total Unusual Items": "-", "Tax Rate for Calcs": "0", "Tax Effect of Unusual Items": "0"}}, "bs": {"12/31/2020": {"Duration": "12/31/2020", "Total Assets": "1,505,781", "Total Liabilities Net Minority Interest": "1,269,925", "Total Equity Gross Minority Interest": "235,856", "Total Capitalization": "249,356", "Common Stock Equity": "235,856", "Capital Lease Obligations": "4,488", "Net Tangible Assets": "235,856", "Invested Capital": "249,356", "Tangible Book Value": "235,856", "Total Debt": "17,988", "Net Debt": "-", "Share Issued": "19,048", "Ordinary Shares Number": "19,048", "Treasury Shares Number": "-"}, "12/31/2019": {"Duration": "12/31/2019", "Total Assets": "1,121,788", "Total Liabilities Net Minority Interest": "890,855", "Total Equity Gross Minority Interest": "230,933", "Total Capitalization": "255,931", "Common Stock Equity": "230,933", "Capital Lease Obligations": "3,877", "Net Tangible Assets": "230,933", "Invested Capital": "255,931", "Tangible Book Value": "230,933", "Total Debt": "28,875", "Net Debt": "-", "Share Issued": "19,474", "Ordinary Shares Number": "19,474", "Treasury Shares Number": "0"}, "12/31/2018": {"Duration": "12/31/2018", "Total Assets": "974,079", "Total Liabilities Net Minority Interest": "848,495", "Total Equity Gross Minority Interest": "125,584", "Total Capitalization": "193,606", "Common Stock Equity": "125,584", "Capital Lease Obligations": "-", "Net Tangible Assets": "125,584", "Invested Capital": "193,606", "Tangible Book Value": "125,584", "Total Debt": "68,022", "Net Debt": "39,409", "Share Issued": "9,662", "Ordinary Shares Number": "9,626", "Treasury Shares Number": "36.462"}}, "cf": {"TTM": {"Duration": "TTM", "Operating Cash Flow": "-", "Investing Cash Flow": "-", "Financing Cash Flow": "-", "End Cash Position": "-", "Income Tax Paid Supplemental Data": "-", "Interest Paid Supplemental Data": "-", "Capital Expenditure": "-", "Issuance of Capital Stock": "-", "Issuance of Debt": "-", "Repayment of Debt": "-", "Repurchase of Capital Stock": "-", "Free Cash Flow": "-"}, "12/31/2019": {"Duration": "12/31/2019", "Operating Cash Flow": "17,508", "Investing Cash Flow": "-116,633", "Financing Cash Flow": "130,170", "End Cash Position": "59,658", "Income Tax Paid Supplemental Data": "5,008", "Interest Paid Supplemental Data": "8,148", "Capital Expenditure": "-6,245", "Issuance of Capital Stock": "91,578", "Issuance of Debt": "0", "Repayment of Debt": "-5,000", "Repurchase of Capital Stock": "0", "Free Cash Flow": "11,263"}, "12/31/2018": {"Duration": "12/31/2018", "Operating Cash Flow": "16,754", "Investing Cash Flow": "-94,835", "Financing Cash Flow": "59,005", "End Cash Position": "28,613", "Income Tax Paid Supplemental Data": "3,638", "Interest Paid Supplemental Data": "5,326", "Capital Expenditure": "-2,399", "Issuance of Capital Stock": "-", "Issuance of Debt": "10,000", "Repayment of Debt": "-", "Repurchase of Capital Stock": "-215", "Free Cash Flow": "14,355"}}}}, {"CECB": {"quote": {"03/26/2021": {"value": "", "Net Assets": "N/A", "Beta (5Y Monthly)": "N/A", "Yield": "N/A", "5y Average Return": "N/A", "Holdings Turnover": "N/A", "Last Dividend": "N/A", "Average for Category": "N/A", "Inception Date": "N/A"}}, "fin": {}, "bs": {}, "cf": {}}}, {"EGDW": {"quote": {"03/26/2021": {"value": "38.58", "Market Cap": "12.688M", "Beta (5Y Monthly)": "0.15", "PE Ratio (TTM)": "24.29", "EPS (TTM)": "1.59", "Earnings Date": "May 04, 2020", "Forward Dividend & Yield": "N/A (N/A)", "Ex-Dividend Date": "N/A", "1y Target Est": "N/A"}}, "fin": {}, "bs": {}, "cf": {}}}, {"C": {"quote": {"03/26/2021": {"value": "73.02", "Market Cap": "152.37B", "Beta (5Y Monthly)": "1.92", "PE Ratio (TTM)": "15.47", "EPS (TTM)": "4.72", "Earnings Date": "Apr 15, 2021", "Forward Dividend & Yield": "2.04 (2.84%)", "Ex-Dividend Date": "Jan 29, 2021", "1y Target Est": "80.94"}}, "fin": {"TTM": {"Duration": "TTM", "Total Revenue": "75,494,000", "Credit Losses Provision": "-17,375,000", "Non Interest Expense": "44,487,000", "Pretax Income": "13,632,000", "Tax Provision": "2,525,000", "Net Income Common Stockholders": "9,879,000", "Average Dilution Earnings": "30,000", "Diluted NI Available to Com Stockholders": "9,909,000", "Basic EPS": "-", "Diluted EPS": "-", "Basic Average Shares": "-", "Diluted Average Shares": "-", "INTEREST_INCOME_AFTER_PROVISION_FOR_LOAN_LOSS": "27,242,000", "Net Income from Continuing & Discontinued Operation": "11,047,000", "Normalized Income": "11,067,000", "Total Money Market Investments": "3,211,000", "Reconciled Depreciation": "3,937,000", "Net Income from Continuing Operation Net Minority Interest": "11,067,000", "Tax Rate for Calcs": "0", "Tax Effect of Unusual Items": "0"}, "12/31/2020": {"Duration": "12/31/2020", "Total Revenue": "75,494,000", "Credit Losses Provision": "-17,375,000", "Non Interest Expense": "44,487,000", "Pretax Income": "13,632,000", "Tax Provision": "2,525,000", "Net Income Common Stockholders": "9,879,000", "Average Dilution Earnings": "30,000", "Diluted NI Available to Com Stockholders": "9,909,000", "Basic EPS": "5.45", "Diluted EPS": "4.87", "Basic Average Shares": "2,085,800", "Diluted Average Shares": "2,099,000", "INTEREST_INCOME_AFTER_PROVISION_FOR_LOAN_LOSS": "27,242,000", "Net Income from Continuing & Discontinued Operation": "11,047,000", "Normalized Income": "11,067,000", "Total Money Market Investments": "3,211,000", "Reconciled Depreciation": "3,937,000", "Net Income from Continuing Operation Net Minority Interest": "11,067,000", "Tax Rate for Calcs": "0", "Tax Effect of Unusual Items": "0"}, "12/31/2019": {"Duration": "12/31/2019", "Total Revenue": "75,067,000", "Credit Losses Provision": "-8,310,000", "Non Interest Expense": "42,856,000", "Pretax Income": "23,901,000", "Tax Provision": "4,430,000", "Net Income Common Stockholders": "18,171,000", "Average Dilution Earnings": "33,000", "Diluted NI Available to Com Stockholders": "18,204,000", "Basic EPS": "8.63", "Diluted EPS": "8.04", "Basic Average Shares": "2,249,200", "Diluted Average Shares": "2,265,300", "INTEREST_INCOME_AFTER_PROVISION_FOR_LOAN_LOSS": "39,631,000", "Net Income from Continuing & Discontinued Operation": "19,401,000", "Normalized Income": "19,405,000", "Total Money Market Investments": "9,554,000", "Reconciled Depreciation": "3,905,000", "Net Income from Continuing Operation Net Minority Interest": "19,405,000", "Tax Rate for Calcs": "0", "Tax Effect of Unusual Items": "0"}, "12/31/2018": {"Duration": "12/31/2018", "Total Revenue": "74,036,000", "Credit Losses Provision": "-7,467,000", "Non Interest Expense": "43,124,000", "Pretax Income": "23,445,000", "Tax Provision": "5,357,000", "Net Income Common Stockholders": "16,672,000", "Average Dilution Earnings": "-", "Diluted NI Available to Com Stockholders": "16,672,000", "Basic EPS": "7.24", "Diluted EPS": "6.68", "Basic Average Shares": "2,493,300", "Diluted Average Shares": "2,494,800", "INTEREST_INCOME_AFTER_PROVISION_FOR_LOAN_LOSS": "40,008,000", "Net Income from Continuing & Discontinued Operation": "18,045,000", "Normalized Income": "18,053,000", "Total Money Market Investments": "7,695,000", "Reconciled Depreciation": "3,754,000", "Net Income from Continuing Operation Net Minority Interest": "18,053,000", "Tax Rate for Calcs": "0", "Tax Effect of Unusual Items": "0"}}, "bs": {"12/31/2020": {"Duration": "12/31/2020", "Total Assets": "2,260,090,000", "Total Liabilities Net Minority Interest": "2,059,890,000", "Total Equity Gross Minority Interest": "200,200,000", "Total Capitalization": "471,128,000", "Preferred Stock Equity": "19,480,000", "Common Stock Equity": "179,962,000", "Net Tangible Assets": "172,533,000", "Invested Capital": "481,162,000", "Tangible Book Value": "153,053,000", "Total Debt": "301,200,000", "Net Debt": "-", "Share Issued": "3,099,764", "Ordinary Shares Number": "2,082,089", "Preferred Shares Number": "-", "Treasury Shares Number": "1,017,674"}, "12/31/2019": {"Duration": "12/31/2019", "Total Assets": "1,951,158,000", "Total Liabilities Net Minority Interest": "1,757,212,000", "Total Equity Gross Minority Interest": "193,946,000", "Total Capitalization": "442,002,000", "Preferred Stock Equity": "17,980,000", "Common Stock Equity": "175,262,000", "Net Tangible Assets": "166,294,000", "Invested Capital": "469,071,000", "Tangible Book Value": "148,314,000", "Total Debt": "293,809,000", "Net Debt": "99,890,000", "Share Issued": "3,099,603", "Ordinary Shares Number": "2,114,123", "Preferred Shares Number": "-", "Treasury Shares Number": "985,480"}, "12/31/2018": {"Duration": "12/31/2018", "Total Assets": "1,917,383,000", "Total Liabilities Net Minority Interest": "1,720,309,000", "Total Equity Gross Minority Interest": "197,074,000", "Total Capitalization": "428,219,000", "Preferred Stock Equity": "18,460,000", "Common Stock Equity": "177,760,000", "Net Tangible Assets": "168,954,000", "Invested Capital": "442,105,000", "Tangible Book Value": "150,494,000", "Total Debt": "264,345,000", "Net Debt": "76,240,000", "Share Issued": "3,099,567", "Ordinary Shares Number": "2,368,467", "Preferred Shares Number": "159,900", "Treasury Shares Number": "731,100"}}, "cf": {"TTM": {"Duration": "TTM", "Operating Cash Flow": "-20,621,000", "Investing Cash Flow": "-95,312,000", "Financing Cash Flow": "233,595,000", "End Cash Position": "309,615,000", "Income Tax Paid Supplemental Data": "4,797,000", "Interest Paid Supplemental Data": "13,298,000", "Capital Expenditure": "-3,446,000", "Issuance of Capital Stock": "2,995,000", "Issuance of Debt": "76,458,000", "Repayment of Debt": "-63,402,000", "Repurchase of Capital Stock": "-4,425,000", "Free Cash Flow": "-24,067,000"}, "12/31/2020": {"Duration": "12/31/2020", "Operating Cash Flow": "-20,621,000", "Investing Cash Flow": "-95,312,000", "Financing Cash Flow": "233,595,000", "End Cash Position": "309,615,000", "Income Tax Paid Supplemental Data": "4,797,000", "Interest Paid Supplemental Data": "13,298,000", "Capital Expenditure": "-3,446,000", "Issuance of Capital Stock": "2,995,000", "Issuance of Debt": "76,458,000", "Repayment of Debt": "-63,402,000", "Repurchase of Capital Stock": "-4,425,000", "Free Cash Flow": "-24,067,000"}, "12/31/2019": {"Duration": "12/31/2019", "Operating Cash Flow": "-12,837,000", "Investing Cash Flow": "-23,374,000", "Financing Cash Flow": "42,933,000", "End Cash Position": "193,919,000", "Income Tax Paid Supplemental Data": "4,888,000", "Interest Paid Supplemental Data": "28,682,000", "Capital Expenditure": "-5,336,000", "Issuance of Capital Stock": "1,496,000", "Issuance of Debt": "59,134,000", "Repayment of Debt": "-51,029,000", "Repurchase of Capital Stock": "-19,551,000", "Free Cash Flow": "-18,173,000"}, "12/31/2018": {"Duration": "12/31/2018", "Operating Cash Flow": "36,952,000", "Investing Cash Flow": "-73,118,000", "Financing Cash Flow": "44,528,000", "End Cash Position": "188,105,000", "Income Tax Paid Supplemental Data": "4,313,000", "Interest Paid Supplemental Data": "22,963,000", "Capital Expenditure": "-3,774,000", "Issuance of Capital Stock": "-", "Issuance of Debt": "60,655,000", "Repayment of Debt": "-58,132,000", "Repurchase of Capital Stock": "-15,226,000", "Free Cash Flow": "33,178,000"}}}}, {"JPM": {"quote": {"03/26/2021": {"value": "155.09", "Market Cap": "473.259B", "Beta (5Y Monthly)": "1.20", "PE Ratio (TTM)": "17.47", "EPS (TTM)": "8.88", "Earnings Date": "Apr 14, 2021", "Forward Dividend & Yield": "3.60 (2.36%)", "Ex-Dividend Date": "Apr 05, 2021", "1y Target Est": "153.45"}}, "fin": {"TTM": {"Duration": "TTM", "Total Revenue": "119,543,000", "Credit Losses Provision": "-17,480,000", "Non Interest Expense": "66,656,000", "Pretax Income": "35,407,000", "Tax Provision": "6,276,000", "Net Income Common Stockholders": "27,410,000", "Diluted NI Available to Com Stockholders": "27,410,000", "Basic EPS": "-", "Diluted EPS": "-", "Basic Average Shares": "-", "Diluted Average Shares": "-", "INTEREST_INCOME_AFTER_PROVISION_FOR_LOAN_LOSS": "37,083,000", "Net Income from Continuing & Discontinued Operation": "29,131,000", "Normalized Income": "29,131,000", "Total Money Market Investments": "2,883,000", "Reconciled Depreciation": "8,614,000", "Net Income from Continuing Operation Net Minority Interest": "29,131,000", "Tax Rate for Calcs": "0", "Tax Effect of Unusual Items": "0"}, "12/31/2020": {"Duration": "12/31/2020", "Total Revenue": "119,543,000", "Credit Losses Provision": "-17,480,000", "Non Interest Expense": "66,656,000", "Pretax Income": "35,407,000", "Tax Provision": "6,276,000", "Net Income Common Stockholders": "27,410,000", "Diluted NI Available to Com Stockholders": "27,410,000", "Basic EPS": "-", "Diluted EPS": "-", "Basic Average Shares": "-", "Diluted Average Shares": "-", "INTEREST_INCOME_AFTER_PROVISION_FOR_LOAN_LOSS": "37,083,000", "Net Income from Continuing & Discontinued Operation": "29,131,000", "Normalized Income": "29,131,000", "Total Money Market Investments": "2,883,000", "Reconciled Depreciation": "8,614,000", "Net Income from Continuing Operation Net Minority Interest": "29,131,000", "Tax Rate for Calcs": "0", "Tax Effect of Unusual Items": "0"}, "12/31/2019": {"Duration": "12/31/2019", "Total Revenue": "115,627,000", "Credit Losses Provision": "-5,585,000", "Non Interest Expense": "65,497,000", "Pretax Income": "44,545,000", "Tax Provision": "8,114,000", "Net Income Common Stockholders": "34,642,000", "Diluted NI Available to Com Stockholders": "34,642,000", "Basic EPS": "10.75", "Diluted EPS": "10.72", "Basic Average Shares": "3,221,500", "Diluted Average Shares": "3,230,400", "INTEREST_INCOME_AFTER_PROVISION_FOR_LOAN_LOSS": "51,660,000", "Net Income from Continuing & Discontinued Operation": "36,431,000", "Normalized Income": "36,431,000", "Total Money Market Investments": "11,607,000", "Reconciled Depreciation": "8,368,000", "Net Income from Continuing Operation Net Minority Interest": "36,431,000", "Tax Rate for Calcs": "0", "Tax Effect of Unusual Items": "0"}, "12/31/2018": {"Duration": "12/31/2018", "Total Revenue": "109,029,000", "Credit Losses Provision": "-4,871,000", "Non Interest Expense": "63,394,000", "Pretax Income": "40,764,000", "Tax Provision": "8,290,000", "Net Income Common Stockholders": "30,709,000", "Diluted NI Available to Com Stockholders": "30,709,000", "Basic EPS": "9.04", "Diluted EPS": "9.00", "Basic Average Shares": "3,396,400", "Diluted Average Shares": "3,414,000", "INTEREST_INCOME_AFTER_PROVISION_FOR_LOAN_LOSS": "50,188,000", "Net Income from Continuing & Discontinued Operation": "32,474,000", "Normalized Income": "32,474,000", "Total Money Market Investments": "10,454,000", "Reconciled Depreciation": "7,791,000", "Net Income from Continuing Operation Net Minority Interest": "32,474,000", "Tax Rate for Calcs": "0", "Tax Effect of Unusual Items": "0"}}, "bs": {"12/31/2020": {"Duration": "12/31/2020", "Total Assets": "3,386,071,000", "Total Liabilities Net Minority Interest": "3,106,717,000", "Total Equity Gross Minority Interest": "279,354,000", "Total Capitalization": "660,597,000", "Preferred Stock Equity": "30,063,000", "Common Stock Equity": "249,291,000", "Net Tangible Assets": "225,926,000", "Invested Capital": "642,565,000", "Tangible Book Value": "195,863,000", "Total Debt": "393,274,000", "Net Debt": "-", "Share Issued": "4,104,934", "Ordinary Shares Number": "3,049,434", "Preferred Shares Number": "280,850", "Treasury Shares Number": "1,055,499"}, "12/31/2019": {"Duration": "12/31/2019", "Total Assets": "2,687,379,000", "Total Liabilities Net Minority Interest": "2,426,049,000", "Total Equity Gross Minority Interest": "261,330,000", "Total Capitalization": "628,397,000", "Preferred Stock Equity": "26,993,000", "Common Stock Equity": "234,337,000", "Net Tangible Assets": "207,989,000", "Invested Capital": "616,158,000", "Tangible Book Value": "180,996,000", "Total Debt": "381,821,000", "Net Debt": "118,190,000", "Share Issued": "4,104,934", "Ordinary Shares Number": "3,084,021", "Preferred Shares Number": "338,050", "Treasury Shares Number": "1,020,913"}, "12/31/2018": {"Duration": "12/31/2018", "Total Assets": "2,622,532,000", "Total Liabilities Net Minority Interest": "2,366,017,000", "Total Equity Gross Minority Interest": "256,515,000", "Total Capitalization": "641,550,000", "Preferred Stock Equity": "26,068,000", "Common Stock Equity": "230,447,000", "Net Tangible Assets": "202,166,000", "Invested Capital": "645,541,000", "Tangible Book Value": "176,098,000", "Total Debt": "415,094,000", "Net Debt": "136,301,000", "Share Issued": "4,104,934", "Ordinary Shares Number": "3,275,766", "Preferred Shares Number": "336,250", "Treasury Shares Number": "829,168"}}, "cf": {"TTM": {"Duration": "TTM", "Operating Cash Flow": "-79,910,000", "Investing Cash Flow": "-261,912,000", "Financing Cash Flow": "596,645,000", "End Cash Position": "527,609,000", "Income Tax Paid Supplemental Data": "7,661,000", "Interest Paid Supplemental Data": "13,077,000", "Issuance of Capital Stock": "4,500,000", "Issuance of Debt": "78,686,000", "Repayment of Debt": "-105,055,000", "Repurchase of Capital Stock": "-7,947,000", "Free Cash Flow": "-79,910,000"}, "12/31/2020": {"Duration": "12/31/2020", "Operating Cash Flow": "-79,910,000", "Investing Cash Flow": "-261,912,000", "Financing Cash Flow": "596,645,000", "End Cash Position": "527,609,000", "Income Tax Paid Supplemental Data": "7,661,000", "Interest Paid Supplemental Data": "13,077,000", "Issuance of Capital Stock": "4,500,000", "Issuance of Debt": "78,686,000", "Repayment of Debt": "-105,055,000", "Repurchase of Capital Stock": "-7,947,000", "Free Cash Flow": "-79,910,000"}, "12/31/2019": {"Duration": "12/31/2019", "Operating Cash Flow": "6,046,000", "Investing Cash Flow": "-54,013,000", "Financing Cash Flow": "32,987,000", "End Cash Position": "263,631,000", "Income Tax Paid Supplemental Data": "5,624,000", "Interest Paid Supplemental Data": "29,918,000", "Issuance of Capital Stock": "5,000,000", "Issuance of Debt": "61,085,000", "Repayment of Debt": "-69,610,000", "Repurchase of Capital Stock": "-28,076,000", "Free Cash Flow": "6,046,000"}, "12/31/2018": {"Duration": "12/31/2018", "Operating Cash Flow": "14,187,000", "Investing Cash Flow": "-197,993,000", "Financing Cash Flow": "34,158,000", "End Cash Position": "278,793,000", "Income Tax Paid Supplemental Data": "3,542,000", "Interest Paid Supplemental Data": "21,152,000", "Issuance of Capital Stock": "1,696,000", "Issuance of Debt": "71,662,000", "Repayment of Debt": "-76,313,000", "Repurchase of Capital Stock": "-21,679,000", "Free Cash Flow": "14,187,000"}}}}, {"WFC": {"quote": {"03/26/2021": {"value": "39.76", "Market Cap": "164.373B", "Beta (5Y Monthly)": "1.29", "PE Ratio (TTM)": "96.98", "EPS (TTM)": "0.41", "Earnings Date": "Apr 14, 2021", "Forward Dividend & Yield": "0.40 (1.02%)", "Ex-Dividend Date": "Feb 04, 2021", "1y Target Est": "40.35"}}, "fin": {"TTM": {"Duration": "TTM", "Total Revenue": "72,340,000", "Credit Losses Provision": "-14,129,000", "Non Interest Expense": "56,131,000", "Income from Associates & Other Participating Interests": "-", "Special Income Charges": "-1,499,000", "Other Non Operating Income Expenses": "-", "Pretax Income": "581,000", "Tax Provision": "-3,005,000", "Net Income Common Stockholders": "1,710,000", "Diluted NI Available to Com Stockholders": "1,710,000", "Basic EPS": "-", "Diluted EPS": "-", "Basic Average Shares": "-", "Diluted Average Shares": "-", "Rent Expense Supplemental": "1,022,000", "INTEREST_INCOME_AFTER_PROVISION_FOR_LOAN_LOSS": "25,706,000", "Net Income from Continuing & Discontinued Operation": "3,301,000", "Normalized Income": "4,395,270", "Reconciled Depreciation": "8,736,000", "Net Income from Continuing Operation Net Minority Interest": "3,301,000", "Total Unusual Items Excluding Goodwill": "-1,499,000", "Total Unusual Items": "-1,499,000", "Tax Rate for Calcs": "0", "Tax Effect of Unusual Items": "-404,730"}, "12/31/2020": {"Duration": "12/31/2020", "Total Revenue": "72,340,000", "Credit Losses Provision": "-14,129,000", "Non Interest Expense": "56,131,000", "Income from Associates & Other Participating Interests": "-", "Special Income Charges": "-1,499,000", "Other Non Operating Income Expenses": "-", "Pretax Income": "581,000", "Tax Provision": "-3,005,000", "Net Income Common Stockholders": "1,710,000", "Diluted NI Available to Com Stockholders": "1,710,000", "Basic EPS": "-", "Diluted EPS": "-", "Basic Average Shares": "-", "Diluted Average Shares": "-", "Rent Expense Supplemental": "1,022,000", "INTEREST_INCOME_AFTER_PROVISION_FOR_LOAN_LOSS": "25,706,000", "Net Income from Continuing & Discontinued Operation": "3,301,000", "Normalized Income": "4,395,270", "Reconciled Depreciation": "8,736,000", "Net Income from Continuing Operation Net Minority Interest": "3,301,000", "Total Unusual Items Excluding Goodwill": "-1,499,000", "Total Unusual Items": "-1,499,000", "Tax Rate for Calcs": "0", "Tax Effect of Unusual Items": "-404,730"}, "12/31/2019": {"Duration": "12/31/2019", "Total Revenue": "85,063,000", "Credit Losses Provision": "-2,687,000", "Non Interest Expense": "58,178,000", "Income from Associates & Other Participating Interests": "-", "Special Income Charges": "-", "Other Non Operating Income Expenses": "-4,321,000", "Pretax Income": "24,198,000", "Tax Provision": "4,157,000", "Net Income Common Stockholders": "17,938,000", "Diluted NI Available to Com Stockholders": "17,938,000", "Basic EPS": "4.08", "Diluted EPS": "4.05", "Basic Average Shares": "4,393,100", "Diluted Average Shares": "4,425,400", "Rent Expense Supplemental": "1,155,000", "INTEREST_INCOME_AFTER_PROVISION_FOR_LOAN_LOSS": "44,544,000", "Net Income from Continuing & Discontinued Operation": "19,549,000", "Normalized Income": "19,549,000", "Reconciled Depreciation": "7,075,000", "Net Income from Continuing Operation Net Minority Interest": "19,549,000", "Total Unusual Items Excluding Goodwill": "-", "Total Unusual Items": "-", "Tax Rate for Calcs": "0", "Tax Effect of Unusual Items": "0"}, "12/31/2018": {"Duration": "12/31/2018", "Total Revenue": "86,408,000", "Credit Losses Provision": "-1,744,000", "Non Interest Expense": "56,126,000", "Income from Associates & Other Participating Interests": "1,515,000", "Special Income Charges": "-", "Other Non Operating Income Expenses": "-", "Pretax Income": "28,538,000", "Tax Provision": "5,662,000", "Net Income Common Stockholders": "20,689,000", "Diluted NI Available to Com Stockholders": "20,689,000", "Basic EPS": "4.31", "Diluted EPS": "4.28", "Basic Average Shares": "4,799,700", "Diluted Average Shares": "4,838,400", "Rent Expense Supplemental": "-", "INTEREST_INCOME_AFTER_PROVISION_FOR_LOAN_LOSS": "48,251,000", "Net Income from Continuing & Discontinued Operation": "22,393,000", "Normalized Income": "22,393,000", "Reconciled Depreciation": "5,593,000", "Net Income from Continuing Operation Net Minority Interest": "22,393,000", "Total Unusual Items Excluding Goodwill": "-", "Total Unusual Items": "-", "Tax Rate for Calcs": "0", "Tax Effect of Unusual Items": "0"}}, "bs": {"12/31/2020": {"Duration": "12/31/2020", "Total Assets": "1,955,163,000", "Total Liabilities Net Minority Interest": "1,769,243,000", "Total Equity Gross Minority Interest": "185,920,000", "Total Capitalization": "397,809,000", "Preferred Stock Equity": "21,136,000", "Common Stock Equity": "163,751,000", "Capital Lease Obligations": "28,000", "Net Tangible Assets": "150,730,000", "Invested Capital": "389,310,000", "Tangible Book Value": "129,594,000", "Total Debt": "225,587,000", "Net Debt": "7,337,000", "Share Issued": "5,481,811", "Ordinary Shares Number": "4,144,012", "Preferred Shares Number": "381,765", "Treasury Shares Number": "1,337,800"}, "12/31/2019": {"Duration": "12/31/2019", "Total Assets": "1,927,555,000", "Total Liabilities Net Minority Interest": "1,739,571,000", "Total Equity Gross Minority Interest": "187,984,000", "Total Capitalization": "415,305,000", "Preferred Stock Equity": "21,549,000", "Common Stock Equity": "165,597,000", "Capital Lease Obligations": "32,000", "Net Tangible Assets": "147,386,000", "Invested Capital": "405,865,000", "Tangible Book Value": "125,837,000", "Total Debt": "240,300,000", "Net Debt": "99,018,000", "Share Issued": "5,481,811", "Ordinary Shares Number": "4,134,426", "Preferred Shares Number": "373,265", "Treasury Shares Number": "1,347,386"}, "12/31/2018": {"Duration": "12/31/2018", "Total Assets": "1,895,883,000", "Total Liabilities Net Minority Interest": "1,698,817,000", "Total Equity Gross Minority Interest": "197,066,000", "Total Capitalization": "425,174,000", "Preferred Stock Equity": "23,214,000", "Common Stock Equity": "172,952,000", "Capital Lease Obligations": "36,000", "Net Tangible Assets": "153,111,000", "Invested Capital": "415,317,000", "Tangible Book Value": "129,897,000", "Total Debt": "242,401,000", "Net Debt": "69,078,000", "Share Issued": "5,481,811", "Ordinary Shares Number": "4,581,254", "Preferred Shares Number": "373,322", "Treasury Shares Number": "900,558"}}, "cf": {"TTM": {"Duration": "TTM", "Operating Cash Flow": "2,051,000", "Investing Cash Flow": "122,554,000", "Financing Cash Flow": "-1,243,000", "End Cash Position": "264,612,000", "Income Tax Paid Supplemental Data": "1,175,000", "Interest Paid Supplemental Data": "8,414,000", "Issuance of Capital Stock": "3,687,000", "Issuance of Debt": "38,136,000", "Repayment of Debt": "-65,347,000", "Repurchase of Capital Stock": "-7,017,000", "Free Cash Flow": "2,051,000"}, "12/31/2020": {"Duration": "12/31/2020", "Operating Cash Flow": "2,051,000", "Investing Cash Flow": "122,554,000", "Financing Cash Flow": "-1,243,000", "End Cash Position": "264,612,000", "Income Tax Paid Supplemental Data": "1,175,000", "Interest Paid Supplemental Data": "8,414,000", "Issuance of Capital Stock": "3,687,000", "Issuance of Debt": "38,136,000", "Repayment of Debt": "-65,347,000", "Repurchase of Capital Stock": "-7,017,000", "Free Cash Flow": "2,051,000"}, "12/31/2019": {"Duration": "12/31/2019", "Operating Cash Flow": "6,730,000", "Investing Cash Flow": "-29,631,000", "Financing Cash Flow": "-9,136,000", "End Cash Position": "141,250,000", "Income Tax Paid Supplemental Data": "7,557,000", "Interest Paid Supplemental Data": "18,834,000", "Issuance of Capital Stock": "380,000", "Issuance of Debt": "53,381,000", "Repayment of Debt": "-60,996,000", "Repurchase of Capital Stock": "-26,083,000", "Free Cash Flow": "6,730,000"}, "12/31/2018": {"Duration": "12/31/2018", "Operating Cash Flow": "36,073,000", "Investing Cash Flow": "-7,754,000", "Financing Cash Flow": "-70,979,000", "End Cash Position": "173,287,000", "Income Tax Paid Supplemental Data": "1,977,000", "Interest Paid Supplemental Data": "14,366,000", "Issuance of Capital Stock": "632,000", "Issuance of Debt": "47,595,000", "Repayment of Debt": "-40,565,000", "Repurchase of Capital Stock": "-22,783,000", "Free Cash Flow": "36,073,000"}}}}, {"CMA": {"quote": {"03/26/2021": {"value": "70.97", "Market Cap": "9.9B", "Beta (5Y Monthly)": "1.65", "PE Ratio (TTM)": "21.70", "EPS (TTM)": "3.27", "Earnings Date": "Apr 20, 2021", "Forward Dividend & Yield": "2.72 (3.83%)", "Ex-Dividend Date": "Mar 12, 2021", "1y Target Est": "68.23"}}, "fin": {"TTM": {"Duration": "TTM", "Total Revenue": "2,912,000", "Credit Losses Provision": "-537,000", "Non Interest Expense": "1,784,000", "Special Income Charges": "0", "Pretax Income": "591,000", "Tax Provision": "117,000", "Net Income Common Stockholders": "459,000", "Diluted NI Available to Com Stockholders": "459,000", "Basic EPS": "-", "Diluted EPS": "-", "Basic Average Shares": "-", "Diluted Average Shares": "-", "INTEREST_INCOME_AFTER_PROVISION_FOR_LOAN_LOSS": "1,374,000", "Net Income from Continuing & Discontinued Operation": "474,000", "Normalized Income": "474,000", "Reconciled Depreciation": "108,000", "Net Income from Continuing Operation Net Minority Interest": "474,000", "Total Unusual Items Excluding Goodwill": "0", "Total Unusual Items": "0", "Tax Rate for Calcs": "0", "Tax Effect of Unusual Items": "0"}, "12/31/2020": {"Duration": "12/31/2020", "Total Revenue": "2,670,000", "Credit Losses Provision": "-537,000", "Non Interest Expense": "1,542,000", "Special Income Charges": "0", "Pretax Income": "591,000", "Tax Provision": "117,000", "Net Income Common Stockholders": "459,000", "Diluted NI Available to Com Stockholders": "459,000", "Basic EPS": "-", "Diluted EPS": "-", "Basic Average Shares": "-", "Diluted Average Shares": "-", "INTEREST_INCOME_AFTER_PROVISION_FOR_LOAN_LOSS": "1,374,000", "Net Income from Continuing & Discontinued Operation": "474,000", "Normalized Income": "474,000", "Reconciled Depreciation": "108,000", "Net Income from Continuing Operation Net Minority Interest": "474,000", "Total Unusual Items Excluding Goodwill": "0", "Total Unusual Items": "0", "Tax Rate for Calcs": "0", "Tax Effect of Unusual Items": "0"}, "12/31/2019": {"Duration": "12/31/2019", "Total Revenue": "3,079,000", "Credit Losses Provision": "-74,000", "Non Interest Expense": "1,479,000", "Special Income Charges": "6,000", "Pretax Income": "1,532,000", "Tax Provision": "334,000", "Net Income Common Stockholders": "1,191,000", "Diluted NI Available to Com Stockholders": "1,191,000", "Basic EPS": "7.95", "Diluted EPS": "7.87", "Basic Average Shares": "149,811", "Diluted Average Shares": "151,293", "INTEREST_INCOME_AFTER_PROVISION_FOR_LOAN_LOSS": "2,265,000", "Net Income from Continuing & Discontinued Operation": "1,198,000", "Normalized Income": "1,193,302", "Reconciled Depreciation": "114,000", "Net Income from Continuing Operation Net Minority Interest": "1,198,000", "Total Unusual Items Excluding Goodwill": "6,000", "Total Unusual Items": "6,000", "Tax Rate for Calcs": "0", "Tax Effect of Unusual Items": "1,302"}, "12/31/2018": {"Duration": "12/31/2018", "Total Revenue": "3,073,000", "Credit Losses Provision": "1,000", "Non Interest Expense": "1,486,000", "Special Income Charges": "-53,000", "Pretax Income": "1,535,000", "Tax Provision": "300,000", "Net Income Common Stockholders": "1,227,000", "Diluted NI Available to Com Stockholders": "1,227,000", "Basic EPS": "7.31", "Diluted EPS": "7.20", "Basic Average Shares": "167,852", "Diluted Average Shares": "170,500", "INTEREST_INCOME_AFTER_PROVISION_FOR_LOAN_LOSS": "2,353,000", "Net Income from Continuing & Discontinued Operation": "1,235,000", "Normalized Income": "1,277,665", "Reconciled Depreciation": "120,000", "Net Income from Continuing Operation Net Minority Interest": "1,235,000", "Total Unusual Items Excluding Goodwill": "-53,000", "Total Unusual Items": "-53,000", "Tax Rate for Calcs": "0", "Tax Effect of Unusual Items": "-10,335"}}, "bs": {"12/31/2020": {"Duration": "12/31/2020", "Total Assets": "88,129,000", "Total Liabilities Net Minority Interest": "80,079,000", "Total Equity Gross Minority Interest": "8,050,000", "Total Capitalization": "13,778,000", "Preferred Stock Equity": "394,000", "Common Stock Equity": "7,656,000", "Net Tangible Assets": "8,050,000", "Invested Capital": "13,384,000", "Tangible Book Value": "7,656,000", "Total Debt": "5,728,000", "Net Debt": "-", "Share Issued": "228,165", "Ordinary Shares Number": "139,167", "Treasury Shares Number": "88,997"}, "12/31/2019": {"Duration": "12/31/2019", "Total Assets": "73,402,000", "Total Liabilities Net Minority Interest": "66,075,000", "Total Equity Gross Minority Interest": "7,327,000", "Total Capitalization": "14,596,000", "Preferred Stock Equity": "-", "Common Stock Equity": "7,327,000", "Net Tangible Assets": "7,327,000", "Invested Capital": "14,667,000", "Tangible Book Value": "7,327,000", "Total Debt": "7,340,000", "Net Debt": "1,522,000", "Share Issued": "228,169", "Ordinary Shares Number": "142,100", "Treasury Shares Number": "86,069"}, "12/31/2018": {"Duration": "12/31/2018", "Total Assets": "70,818,000", "Total Liabilities Net Minority Interest": "63,311,000", "Total Equity Gross Minority Interest": "7,507,000", "Total Capitalization": "13,970,000", "Preferred Stock Equity": "-", "Common Stock Equity": "7,507,000", "Net Tangible Assets": "7,507,000", "Invested Capital": "14,014,000", "Tangible Book Value": "7,507,000", "Total Debt": "6,507,000", "Net Debt": "1,946,000", "Share Issued": "228,165", "Ordinary Shares Number": "160,084", "Treasury Shares Number": "68,081"}}, "cf": {"TTM": {"Duration": "TTM", "Operating Cash Flow": "928,000", "Investing Cash Flow": "-4,602,000", "Financing Cash Flow": "13,623,000", "End Cash Position": "15,767,000", "Income Tax Paid Supplemental Data": "141,000", "Interest Paid Supplemental Data": "203,000", "Capital Expenditure": "-79,000", "Issuance of Capital Stock": "398,000", "Issuance of Debt": "0", "Repayment of Debt": "-1,675,000", "Repurchase of Capital Stock": "-199,000", "Free Cash Flow": "849,000"}, "12/31/2020": {"Duration": "12/31/2020", "Operating Cash Flow": "928,000", "Investing Cash Flow": "-4,602,000", "Financing Cash Flow": "13,623,000", "End Cash Position": "15,767,000", "Income Tax Paid Supplemental Data": "141,000", "Interest Paid Supplemental Data": "203,000", "Capital Expenditure": "-79,000", "Issuance of Capital Stock": "398,000", "Issuance of Debt": "0", "Repayment of Debt": "-1,675,000", "Repurchase of Capital Stock": "-199,000", "Free Cash Flow": "849,000"}, "12/31/2019": {"Duration": "12/31/2019", "Operating Cash Flow": "1,090,000", "Investing Cash Flow": "-494,000", "Financing Cash Flow": "661,000", "End Cash Position": "5,818,000", "Income Tax Paid Supplemental Data": "266,000", "Interest Paid Supplemental Data": "462,000", "Capital Expenditure": "-86,000", "Issuance of Capital Stock": "18,000", "Issuance of Debt": "1,050,000", "Repayment of Debt": "-350,000", "Repurchase of Capital Stock": "-1,394,000", "Free Cash Flow": "1,004,000"}, "12/31/2018": {"Duration": "12/31/2018", "Operating Cash Flow": "1,616,000", "Investing Cash Flow": "-1,156,000", "Financing Cash Flow": "-1,744,000", "End Cash Position": "4,561,000", "Income Tax Paid Supplemental Data": "200,000", "Interest Paid Supplemental Data": "261,000", "Capital Expenditure": "-90,000", "Issuance of Capital Stock": "52,000", "Issuance of Debt": "1,850,000", "Repayment of Debt": "0", "Repurchase of Capital Stock": "-1,338,000", "Free Cash Flow": "1,526,000"}}}}, {"RNST": {"quote": {"03/26/2021": {"value": "43.09", "Market Cap": "2.423B", "Beta (5Y Monthly)": "1.30", "PE Ratio (TTM)": "29.11", "EPS (TTM)": "1.48", "Earnings Date": "Apr 26, 2021 - Apr 30, 2021", "Forward Dividend & Yield": "0.88 (2.04%)", "Ex-Dividend Date": "Mar 16, 2021", "1y Target Est": "36.36"}}, "fin": {"TTM": {"Duration": "TTM", "Total Revenue": "662,329", "Credit Losses Provision": "-86,850", "Non Interest Expense": "464,502", "Special Income Charges": "-7,486", "Pretax Income": "103,491", "Tax Provision": "19,840", "Net Income Common Stockholders": "83,651", "Diluted NI Available to Com Stockholders": "83,651", "Basic EPS": "-", "Diluted EPS": "-", "Basic Average Shares": "-", "Diluted Average Shares": "-", "INTEREST_INCOME_AFTER_PROVISION_FOR_LOAN_LOSS": "339,947", "Net Income from Continuing & Discontinued Operation": "83,651", "Normalized Income": "89,685", "Reconciled Depreciation": "34,633", "Net Income from Continuing Operation Net Minority Interest": "83,651", "Total Unusual Items Excluding Goodwill": "-7,486", "Total Unusual Items": "-7,486", "Tax Rate for Calcs": "0", "Tax Effect of Unusual Items": "-1,452"}, "12/31/2020": {"Duration": "12/31/2020", "Total Revenue": "662,329", "Credit Losses Provision": "-86,850", "Non Interest Expense": "464,502", "Special Income Charges": "-7,486", "Pretax Income": "103,491", "Tax Provision": "19,840", "Net Income Common Stockholders": "83,651", "Diluted NI Available to Com Stockholders": "83,651", "Basic EPS": "-", "Diluted EPS": "-", "Basic Average Shares": "-", "Diluted Average Shares": "-", "INTEREST_INCOME_AFTER_PROVISION_FOR_LOAN_LOSS": "339,947", "Net Income from Continuing & Discontinued Operation": "83,651", "Normalized Income": "89,685", "Reconciled Depreciation": "34,633", "Net Income from Continuing Operation Net Minority Interest": "83,651", "Total Unusual Items Excluding Goodwill": "-7,486", "Total Unusual Items": "-7,486", "Tax Rate for Calcs": "0", "Tax Effect of Unusual Items": "-1,452"}, "12/31/2019": {"Duration": "12/31/2019", "Total Revenue": "596,911", "Credit Losses Provision": "-7,050", "Non Interest Expense": "373,841", "Special Income Charges": "-333", "Pretax Income": "215,687", "Tax Provision": "48,091", "Net Income Common Stockholders": "167,596", "Diluted NI Available to Com Stockholders": "167,596", "Basic EPS": "2.89", "Diluted EPS": "2.88", "Basic Average Shares": "58,047", "Diluted Average Shares": "58,227", "INTEREST_INCOME_AFTER_PROVISION_FOR_LOAN_LOSS": "436,607", "Net Income from Continuing & Discontinued Operation": "167,596", "Normalized Income": "167,855", "Reconciled Depreciation": "8,185", "Net Income from Continuing Operation Net Minority Interest": "167,596", "Total Unusual Items Excluding Goodwill": "-333", "Total Unusual Items": "-333", "Tax Rate for Calcs": "0", "Tax Effect of Unusual Items": "-74.259"}, "12/31/2018": {"Duration": "12/31/2018", "Total Revenue": "540,486", "Credit Losses Provision": "-6,810", "Non Interest Expense": "330,783", "Special Income Charges": "-14,246", "Pretax Income": "188,647", "Tax Provision": "41,727", "Net Income Common Stockholders": "146,920", "Diluted NI Available to Com Stockholders": "146,920", "Basic EPS": "2.80", "Diluted EPS": "2.79", "Basic Average Shares": "52,492", "Diluted Average Shares": "52,627", "INTEREST_INCOME_AFTER_PROVISION_FOR_LOAN_LOSS": "389,715", "Net Income from Continuing & Discontinued Operation": "146,920", "Normalized Income": "158,015", "Reconciled Depreciation": "3,496", "Net Income from Continuing Operation Net Minority Interest": "146,920", "Total Unusual Items Excluding Goodwill": "-14,246", "Total Unusual Items": "-14,246", "Tax Rate for Calcs": "0", "Tax Effect of Unusual Items": "-3,151"}}, "bs": {"12/31/2020": {"Duration": "12/31/2020", "Total Assets": "14,929,612", "Total Liabilities Net Minority Interest": "12,796,879", "Total Equity Gross Minority Interest": "2,132,733", "Total Capitalization": "2,607,703", "Common Stock Equity": "2,132,733", "Net Tangible Assets": "1,099,917", "Invested Capital": "2,607,703", "Tangible Book Value": "1,099,917", "Total Debt": "474,970", "Net Debt": "-", "Share Issued": "59,297", "Ordinary Shares Number": "56,200", "Treasury Shares Number": "3,096"}, "12/31/2019": {"Duration": "12/31/2019", "Total Assets": "13,400,618", "Total Liabilities Net Minority Interest": "11,274,929", "Total Equity Gross Minority Interest": "2,125,689", "Total Capitalization": "2,502,196", "Common Stock Equity": "2,125,689", "Net Tangible Assets": "1,095,538", "Invested Capital": "2,982,196", "Tangible Book Value": "1,095,538", "Total Debt": "856,507", "Net Debt": "441,577", "Share Issued": "59,297", "Ordinary Shares Number": "56,855", "Treasury Shares Number": "2,442"}, "12/31/2018": {"Duration": "12/31/2018", "Total Assets": "12,934,878", "Total Liabilities Net Minority Interest": "10,890,965", "Total Equity Gross Minority Interest": "2,043,913", "Total Capitalization": "2,307,531", "Common Stock Equity": "2,043,913", "Net Tangible Assets": "1,017,890", "Invested Capital": "2,687,531", "Tangible Book Value": "1,017,890", "Total Debt": "643,618", "Net Debt": "74,507", "Share Issued": "59,297", "Ordinary Shares Number": "58,546", "Treasury Shares Number": "750.245"}}, "cf": {"TTM": {"Duration": "TTM", "Operating Cash Flow": "82,242", "Investing Cash Flow": "-1,265,548", "Financing Cash Flow": "1,401,579", "End Cash Position": "633,203", "Income Tax Paid Supplemental Data": "39,989", "Interest Paid Supplemental Data": "73,686", "Capital Expenditure": "-28,270", "Issuance of Capital Stock": "-", "Issuance of Debt": "98,266", "Repayment of Debt": "-171", "Repurchase of Capital Stock": "-24,569", "Free Cash Flow": "53,972"}, "12/31/2020": {"Duration": "12/31/2020", "Operating Cash Flow": "82,242", "Investing Cash Flow": "-1,265,548", "Financing Cash Flow": "1,401,579", "End Cash Position": "633,203", "Income Tax Paid Supplemental Data": "39,989", "Interest Paid Supplemental Data": "73,686", "Capital Expenditure": "-28,270", "Issuance of Capital Stock": "-", "Issuance of Debt": "98,266", "Repayment of Debt": "-171", "Repurchase of Capital Stock": "-24,569", "Free Cash Flow": "53,972"}, "12/31/2019": {"Duration": "12/31/2019", "Operating Cash Flow": "163,623", "Investing Cash Flow": "-505,910", "Financing Cash Flow": "188,106", "End Cash Position": "414,930", "Income Tax Paid Supplemental Data": "26,727", "Interest Paid Supplemental Data": "98,396", "Capital Expenditure": "-34,966", "Issuance of Capital Stock": "-", "Issuance of Debt": "150,000", "Repayment of Debt": "-35,359", "Repurchase of Capital Stock": "-62,944", "Free Cash Flow": "128,657"}, "12/31/2018": {"Duration": "12/31/2018", "Operating Cash Flow": "77,406", "Investing Cash Flow": "-498,581", "Financing Cash Flow": "708,833", "End Cash Position": "569,111", "Income Tax Paid Supplemental Data": "24,520", "Interest Paid Supplemental Data": "66,706", "Capital Expenditure": "-22,360", "Issuance of Capital Stock": "0", "Issuance of Debt": "0", "Repayment of Debt": "-849", "Repurchase of Capital Stock": "-7,062", "Free Cash Flow": "55,046"}}}}, {"SFNC": {"quote": {"03/26/2021": {"value": "30.94", "Market Cap": "3.344B", "Beta (5Y Monthly)": "0.95", "PE Ratio (TTM)": "13.39", "EPS (TTM)": "2.31", "Earnings Date": "Apr 20, 2021", "Forward Dividend & Yield": "0.72 (2.33%)", "Ex-Dividend Date": "Mar 12, 2021", "1y Target Est": "26.67"}}, "fin": {"TTM": {"Duration": "TTM", "Total Revenue": "869,302", "Credit Losses Provision": "-74,973", "Non Interest Expense": "470,004", "Special Income Charges": "-4,531", "Pretax Income": "319,794", "Tax Provision": "64,890", "Net Income Common Stockholders": "254,852", "Diluted NI Available to Com Stockholders": "254,852", "Basic EPS": "-", "Diluted EPS": "-", "Basic Average Shares": "-", "Diluted Average Shares": "-", "INTEREST_INCOME_AFTER_PROVISION_FOR_LOAN_LOSS": "564,761", "Net Income from Continuing & Discontinued Operation": "254,904", "Normalized Income": "258,515", "Total Money Market Investments": "4,383", "Reconciled Depreciation": "49,038", "Net Income from Continuing Operation Net Minority Interest": "254,904", "Total Unusual Items Excluding Goodwill": "-4,531", "Total Unusual Items": "-4,531", "Tax Rate for Calcs": "0", "Tax Effect of Unusual Items": "-919.793"}, "12/31/2020": {"Duration": "12/31/2020", "Total Revenue": "869,302", "Credit Losses Provision": "-74,973", "Non Interest Expense": "470,004", "Special Income Charges": "-4,531", "Pretax Income": "319,794", "Tax Provision": "64,890", "Net Income Common Stockholders": "254,852", "Diluted NI Available to Com Stockholders": "254,852", "Basic EPS": "-", "Diluted EPS": "-", "Basic Average Shares": "-", "Diluted Average Shares": "-", "INTEREST_INCOME_AFTER_PROVISION_FOR_LOAN_LOSS": "564,761", "Net Income from Continuing & Discontinued Operation": "254,904", "Normalized Income": "258,515", "Total Money Market Investments": "4,383", "Reconciled Depreciation": "49,038", "Net Income from Continuing Operation Net Minority Interest": "254,904", "Total Unusual Items Excluding Goodwill": "-4,531", "Total Unusual Items": "-4,531", "Tax Rate for Calcs": "0", "Tax Effect of Unusual Items": "-919.793"}, "12/31/2019": {"Duration": "12/31/2019", "Total Revenue": "790,621", "Credit Losses Provision": "-43,240", "Non Interest Expense": "408,570", "Special Income Charges": "-36,379", "Pretax Income": "302,432", "Tax Provision": "64,265", "Net Income Common Stockholders": "237,828", "Diluted NI Available to Com Stockholders": "237,828", "Basic EPS": "2.42", "Diluted EPS": "2.41", "Basic Average Shares": "113,629", "Diluted Average Shares": "113,629", "INTEREST_INCOME_AFTER_PROVISION_FOR_LOAN_LOSS": "562,035", "Net Income from Continuing & Discontinued Operation": "238,167", "Normalized Income": "266,834", "Total Money Market Investments": "7,486", "Reconciled Depreciation": "36,257", "Net Income from Continuing Operation Net Minority Interest": "238,167", "Total Unusual Items Excluding Goodwill": "-36,379", "Total Unusual Items": "-36,379", "Tax Rate for Calcs": "0", "Tax Effect of Unusual Items": "-7,712"}, "12/31/2018": {"Duration": "12/31/2018", "Total Revenue": "682,110", "Credit Losses Provision": "-38,148", "Non Interest Expense": "373,114", "Special Income Charges": "-4,777", "Pretax Income": "266,071", "Tax Provision": "50,358", "Net Income Common Stockholders": "215,713", "Diluted NI Available to Com Stockholders": "215,713", "Basic EPS": "2.34", "Diluted EPS": "2.32", "Basic Average Shares": "92,348", "Diluted Average Shares": "92,348", "INTEREST_INCOME_AFTER_PROVISION_FOR_LOAN_LOSS": "514,404", "Net Income from Continuing & Discontinued Operation": "215,713", "Normalized Income": "219,587", "Total Money Market Investments": "5,996", "Reconciled Depreciation": "28,412", "Net Income from Continuing Operation Net Minority Interest": "215,713", "Total Unusual Items Excluding Goodwill": "-4,777", "Total Unusual Items": "-4,777", "Tax Rate for Calcs": "0", "Tax Effect of Unusual Items": "-902.853"}}, "bs": {"12/31/2020": {"Duration": "12/31/2020", "Total Assets": "22,359,752", "Total Liabilities Net Minority Interest": "19,383,096", "Total Equity Gross Minority Interest": "2,976,656", "Total Capitalization": "4,701,597", "Preferred Stock Equity": "767", "Common Stock Equity": "2,975,889", "Net Tangible Assets": "1,790,241", "Invested Capital": "4,700,830", "Tangible Book Value": "1,789,474", "Total Debt": "1,724,941", "Net Debt": "-", "Share Issued": "108,078", "Ordinary Shares Number": "108,078"}, "12/31/2019": {"Duration": "12/31/2019", "Total Assets": "21,259,143", "Total Liabilities Net Minority Interest": "18,270,219", "Total Equity Gross Minority Interest": "2,988,924", "Total Capitalization": "4,674,783", "Preferred Stock Equity": "767", "Common Stock Equity": "2,988,157", "Net Tangible Assets": "1,806,064", "Invested Capital": "4,674,016", "Tangible Book Value": "1,805,297", "Total Debt": "1,685,859", "Net Debt": "684,682", "Share Issued": "113,629", "Ordinary Shares Number": "113,629"}, "12/31/2018": {"Duration": "12/31/2018", "Total Assets": "16,543,337", "Total Liabilities Net Minority Interest": "14,296,903", "Total Equity Gross Minority Interest": "2,246,434", "Total Capitalization": "3,945,834", "Preferred Stock Equity": "-", "Common Stock Equity": "2,246,434", "Net Tangible Assets": "1,309,413", "Invested Capital": "3,945,834", "Tangible Book Value": "1,309,413", "Total Debt": "1,699,400", "Net Debt": "861,008", "Share Issued": "92,348", "Ordinary Shares Number": "92,348"}}, "cf": {"TTM": {"Duration": "TTM", "Operating Cash Flow": "202,543", "Investing Cash Flow": "1,189,869", "Financing Cash Flow": "1,083,117", "End Cash Position": "3,472,152", "Capital Expenditure": "-13,272", "Issuance of Debt": "45,983", "Repayment of Debt": "-7,442", "Repurchase of Capital Stock": "-113,327", "Free Cash Flow": "189,271"}, "12/31/2020": {"Duration": "12/31/2020", "Operating Cash Flow": "202,543", "Investing Cash Flow": "1,189,869", "Financing Cash Flow": "1,083,117", "End Cash Position": "3,472,152", "Capital Expenditure": "-13,272", "Issuance of Debt": "45,983", "Repayment of Debt": "-7,442", "Repurchase of Capital Stock": "-113,327", "Free Cash Flow": "189,271"}, "12/31/2019": {"Duration": "12/31/2019", "Operating Cash Flow": "266,347", "Investing Cash Flow": "594,208", "Financing Cash Flow": "-697,390", "End Cash Position": "996,623", "Capital Expenditure": "-67,831", "Issuance of Debt": "25,500", "Repayment of Debt": "-240,806", "Repurchase of Capital Stock": "-52,128", "Free Cash Flow": "198,516"}, "12/31/2018": {"Duration": "12/31/2018", "Operating Cash Flow": "260,679", "Investing Cash Flow": "-1,428,821", "Financing Cash Flow": "1,403,558", "End Cash Position": "833,458", "Capital Expenditure": "-29,740", "Issuance of Debt": "326,355", "Repayment of Debt": "-148,564", "Repurchase of Capital Stock": "0", "Free Cash Flow": "230,939"}}}}, {"PNC": {"quote": {"03/26/2021": {"value": "179.68", "Market Cap": "76.188B", "Beta (5Y Monthly)": "1.37", "PE Ratio (TTM)": "10.59", "EPS (TTM)": "16.97", "Earnings Date": "Apr 16, 2021", "Forward Dividend & Yield": "4.60 (2.60%)", "Ex-Dividend Date": "Jan 15, 2021", "1y Target Est": "169.39"}}, "fin": {"TTM": {"Duration": "TTM", "Total Revenue": "16,901,000", "Credit Losses Provision": "-3,175,000", "Non Interest Expense": "10,297,000", "Pretax Income": "3,429,000", "Tax Provision": "426,000", "Net Income Common Stockholders": "7,249,000", "Average Dilution Earnings": "-8,000", "Diluted NI Available to Com Stockholders": "7,247,000", "Basic EPS": "-", "Diluted EPS": "-", "Basic Average Shares": "-", "Diluted Average Shares": "-", "INTEREST_INCOME_AFTER_PROVISION_FOR_LOAN_LOSS": "6,771,000", "Net Income from Continuing & Discontinued Operation": "7,517,000", "Normalized Income": "2,962,000", "Reconciled Depreciation": "1,497,000", "Net Income from Continuing Operation Net Minority Interest": "2,962,000", "Tax Rate for Calcs": "0", "Tax Effect of Unusual Items": "0"}, "12/31/2020": {"Duration": "12/31/2020", "Total Revenue": "16,901,000", "Credit Losses Provision": "-3,175,000", "Non Interest Expense": "10,297,000", "Pretax Income": "3,429,000", "Tax Provision": "426,000", "Net Income Common Stockholders": "7,249,000", "Average Dilution Earnings": "-2,000", "Diluted NI Available to Com Stockholders": "7,247,000", "Basic EPS": "16.99", "Diluted EPS": "16.96", "Basic Average Shares": "427,000", "Diluted Average Shares": "427,000", "INTEREST_INCOME_AFTER_PROVISION_FOR_LOAN_LOSS": "6,771,000", "Net Income from Continuing & Discontinued Operation": "7,517,000", "Normalized Income": "2,962,000", "Reconciled Depreciation": "1,497,000", "Net Income from Continuing Operation Net Minority Interest": "2,962,000", "Tax Rate for Calcs": "0", "Tax Effect of Unusual Items": "0"}, "12/31/2019": {"Duration": "12/31/2019", "Total Revenue": "17,827,000", "Credit Losses Provision": "-773,000", "Non Interest Expense": "10,574,000", "Pretax Income": "6,480,000", "Tax Provision": "1,062,000", "Net Income Common Stockholders": "5,108,000", "Average Dilution Earnings": "-10,000", "Diluted NI Available to Com Stockholders": "5,098,000", "Basic EPS": "11.43", "Diluted EPS": "11.39", "Basic Average Shares": "447,000", "Diluted Average Shares": "448,000", "INTEREST_INCOME_AFTER_PROVISION_FOR_LOAN_LOSS": "9,192,000", "Net Income from Continuing & Discontinued Operation": "5,369,000", "Normalized Income": "5,369,000", "Reconciled Depreciation": "1,315,000", "Net Income from Continuing Operation Net Minority Interest": "5,369,000", "Tax Rate for Calcs": "0", "Tax Effect of Unusual Items": "0"}, "12/31/2018": {"Duration": "12/31/2018", "Total Revenue": "17,132,000", "Credit Losses Provision": "-408,000", "Non Interest Expense": "10,296,000", "Pretax Income": "6,428,000", "Tax Provision": "1,082,000", "Net Income Common Stockholders": "5,040,000", "Average Dilution Earnings": "-9,000", "Diluted NI Available to Com Stockholders": "5,031,000", "Basic EPS": "10.79", "Diluted EPS": "10.71", "Basic Average Shares": "467,000", "Diluted Average Shares": "470,000", "INTEREST_INCOME_AFTER_PROVISION_FOR_LOAN_LOSS": "9,313,000", "Net Income from Continuing & Discontinued Operation": "5,301,000", "Normalized Income": "5,301,000", "Reconciled Depreciation": "1,129,000", "Net Income from Continuing Operation Net Minority Interest": "5,301,000", "Tax Rate for Calcs": "0", "Tax Effect of Unusual Items": "0"}}, "bs": {"12/31/2020": {"Duration": "12/31/2020", "Total Assets": "466,679,000", "Total Liabilities Net Minority Interest": "412,638,000", "Total Equity Gross Minority Interest": "54,041,000", "Total Capitalization": "91,205,000", "Common Stock Equity": "54,010,000", "Net Tangible Assets": "43,535,000", "Invested Capital": "91,205,000", "Tangible Book Value": "43,535,000", "Total Debt": "37,195,000", "Net Debt": "-", "Share Issued": "543,000", "Ordinary Shares Number": "424,000", "Preferred Shares Number": "60,001", "Treasury Shares Number": "119,000"}, "12/31/2019": {"Duration": "12/31/2019", "Total Assets": "410,295,000", "Total Liabilities Net Minority Interest": "360,952,000", "Total Equity Gross Minority Interest": "49,343,000", "Total Capitalization": "109,577,000", "Common Stock Equity": "49,314,000", "Net Tangible Assets": "38,437,000", "Invested Capital": "109,577,000", "Tangible Book Value": "38,437,000", "Total Debt": "60,263,000", "Net Debt": "31,789,000", "Share Issued": "542,000", "Ordinary Shares Number": "433,000", "Preferred Shares Number": "100,001", "Treasury Shares Number": "109,000"}, "12/31/2018": {"Duration": "12/31/2018", "Total Assets": "382,315,000", "Total Liabilities Net Minority Interest": "334,545,000", "Total Equity Gross Minority Interest": "47,770,000", "Total Capitalization": "105,147,000", "Common Stock Equity": "47,728,000", "Net Tangible Assets": "36,527,000", "Invested Capital": "105,147,000", "Tangible Book Value": "36,527,000", "Total Debt": "57,419,000", "Net Debt": "40,918,000", "Share Issued": "542,000", "Ordinary Shares Number": "457,000", "Preferred Shares Number": "100,001", "Treasury Shares Number": "85,000"}}, "cf": {"TTM": {"Duration": "TTM", "Operating Cash Flow": "4,659,000", "Investing Cash Flow": "-51,122,000", "Financing Cash Flow": "48,419,000", "End Cash Position": "7,017,000", "Income Tax Paid Supplemental Data": "3,410,000", "Interest Paid Supplemental Data": "1,292,000", "Issuance of Capital Stock": "65,000", "Issuance of Debt": "13,317,000", "Repayment of Debt": "-31,587,000", "Repurchase of Capital Stock": "-2,104,000", "Free Cash Flow": "4,659,000"}, "12/31/2020": {"Duration": "12/31/2020", "Operating Cash Flow": "4,659,000", "Investing Cash Flow": "-51,122,000", "Financing Cash Flow": "48,419,000", "End Cash Position": "7,017,000", "Income Tax Paid Supplemental Data": "3,410,000", "Interest Paid Supplemental Data": "1,292,000", "Issuance of Capital Stock": "65,000", "Issuance of Debt": "13,317,000", "Repayment of Debt": "-31,587,000", "Repurchase of Capital Stock": "-2,104,000", "Free Cash Flow": "4,659,000"}, "12/31/2019": {"Duration": "12/31/2019", "Operating Cash Flow": "7,363,000", "Investing Cash Flow": "-24,990,000", "Financing Cash Flow": "17,080,000", "End Cash Position": "5,061,000", "Income Tax Paid Supplemental Data": "430,000", "Interest Paid Supplemental Data": "3,742,000", "Issuance of Capital Stock": "90,000", "Issuance of Debt": "27,692,000", "Repayment of Debt": "-29,969,000", "Repurchase of Capital Stock": "-3,578,000", "Free Cash Flow": "7,363,000"}, "12/31/2018": {"Duration": "12/31/2018", "Operating Cash Flow": "7,840,000", "Investing Cash Flow": "-3,969,000", "Financing Cash Flow": "-3,512,000", "End Cash Position": "5,608,000", "Income Tax Paid Supplemental Data": "372,000", "Interest Paid Supplemental Data": "2,835,000", "Issuance of Capital Stock": "69,000", "Issuance of Debt": "16,001,000", "Repayment of Debt": "-17,934,000", "Repurchase of Capital Stock": "-2,877,000", "Free Cash Flow": "7,840,000"}}}}, {"MTU": {"quote": {"03/26/2021": {"value": "", "Net Assets": "N/A", "Beta (5Y Monthly)": "N/A", "Yield": "N/A", "5y Average Return": "N/A", "Holdings Turnover": "N/A", "Last Dividend": "N/A", "Average for Category": "N/A", "Inception Date": "N/A"}}, "fin": {}, "bs": {}, "cf": {}}}, {"TSC": {"quote": {"03/26/2021": {"value": "24.39", "Market Cap": "795.607M", "Beta (5Y Monthly)": "2.10", "PE Ratio (TTM)": "18.78", "EPS (TTM)": "1.30", "Earnings Date": "Apr 19, 2021 - Apr 23, 2021", "Forward Dividend & Yield": "N/A (N/A)", "Ex-Dividend Date": "N/A", "1y Target Est": "25.17"}}, "fin": {"TTM": {"Duration": "TTM", "Total Revenue": "195,149", "Credit Losses Provision": "-19,400", "Non Interest Expense": "123,103", "Special Income Charges": "0", "Pretax Income": "52,646", "Tax Provision": "7,412", "Net Income Common Stockholders": "37,361", "Average Dilution Earnings": "-41", "Diluted NI Available to Com Stockholders": "37,361", "Basic EPS": "-", "Diluted EPS": "-", "Basic Average Shares": "-", "Diluted Average Shares": "-", "INTEREST_INCOME_AFTER_PROVISION_FOR_LOAN_LOSS": "118,544", "Net Income from Continuing & Discontinued Operation": "45,234", "Normalized Income": "45,234", "Total Money Market Investments": "2,224", "Reconciled Depreciation": "4,209", "Net Income from Continuing Operation Net Minority Interest": "45,234", "Total Unusual Items Excluding Goodwill": "0", "Total Unusual Items": "0", "Tax Rate for Calcs": "0", "Tax Effect of Unusual Items": "0"}, "12/31/2020": {"Duration": "12/31/2020", "Total Revenue": "195,149", "Credit Losses Provision": "-19,400", "Non Interest Expense": "123,103", "Special Income Charges": "0", "Pretax Income": "52,646", "Tax Provision": "7,412", "Net Income Common Stockholders": "37,361", "Average Dilution Earnings": "-41", "Diluted NI Available to Com Stockholders": "37,361", "Basic EPS": "-", "Diluted EPS": "-", "Basic Average Shares": "-", "Diluted Average Shares": "-", "INTEREST_INCOME_AFTER_PROVISION_FOR_LOAN_LOSS": "118,544", "Net Income from Continuing & Discontinued Operation": "45,234", "Normalized Income": "45,234", "Total Money Market Investments": "2,224", "Reconciled Depreciation": "4,209", "Net Income from Continuing Operation Net Minority Interest": "45,234", "Total Unusual Items Excluding Goodwill": "0", "Total Unusual Items": "0", "Tax Rate for Calcs": "0", "Tax Effect of Unusual Items": "0"}, "12/31/2019": {"Duration": "12/31/2019", "Total Revenue": "179,839", "Credit Losses Provision": "968", "Non Interest Expense": "112,149", "Special Income Charges": "0", "Pretax Income": "68,658", "Tax Provision": "8,465", "Net Income Common Stockholders": "54,440", "Average Dilution Earnings": "-", "Diluted NI Available to Com Stockholders": "54,440", "Basic EPS": "1.95", "Diluted EPS": "1.89", "Basic Average Shares": "27,865", "Diluted Average Shares": "28,833", "INTEREST_INCOME_AFTER_PROVISION_FOR_LOAN_LOSS": "128,025", "Net Income from Continuing & Discontinued Operation": "60,193", "Normalized Income": "60,193", "Total Money Market Investments": "6,795", "Reconciled Depreciation": "3,646", "Net Income from Continuing Operation Net Minority Interest": "60,193", "Total Unusual Items Excluding Goodwill": "0", "Total Unusual Items": "0", "Tax Rate for Calcs": "0", "Tax Effect of Unusual Items": "0"}, "12/31/2018": {"Duration": "12/31/2018", "Total Revenue": "161,321", "Credit Losses Provision": "205", "Non Interest Expense": "101,375", "Special Income Charges": "218", "Pretax Income": "60,369", "Tax Provision": "5,945", "Net Income Common Stockholders": "52,304", "Average Dilution Earnings": "-", "Diluted NI Available to Com Stockholders": "52,304", "Basic EPS": "1.90", "Diluted EPS": "1.81", "Basic Average Shares": "27,584", "Diluted Average Shares": "28,833", "INTEREST_INCOME_AFTER_PROVISION_FOR_LOAN_LOSS": "113,609", "Net Income from Continuing & Discontinued Operation": "54,424", "Normalized Income": "54,227", "Total Money Market Investments": "3,754", "Reconciled Depreciation": "3,509", "Net Income from Continuing Operation Net Minority Interest": "54,424", "Total Unusual Items Excluding Goodwill": "218", "Total Unusual Items": "218", "Tax Rate for Calcs": "0", "Tax Effect of Unusual Items": "21.364"}}, "bs": {"12/31/2020": {"Duration": "12/31/2020", "Total Assets": "9,896,816", "Total Liabilities Net Minority Interest": "9,139,671", "Total Equity Gross Minority Interest": "757,145", "Total Capitalization": "1,152,638", "Preferred Stock Equity": "177,143", "Common Stock Equity": "580,002", "Capital Lease Obligations": "22,958", "Net Tangible Assets": "693,234", "Invested Capital": "980,495", "Tangible Book Value": "516,091", "Total Debt": "423,451", "Net Debt": "-", "Share Issued": "34,920", "Ordinary Shares Number": "32,620", "Preferred Shares Number": "4,830", "Treasury Shares Number": "2,299"}, "12/31/2019": {"Duration": "12/31/2019", "Total Assets": "7,765,810", "Total Liabilities Net Minority Interest": "7,144,529", "Total Equity Gross Minority Interest": "621,281", "Total Capitalization": "976,281", "Preferred Stock Equity": "116,079", "Common Stock Equity": "505,202", "Capital Lease Obligations": "23,644", "Net Tangible Assets": "555,427", "Invested Capital": "860,202", "Tangible Book Value": "439,348", "Total Debt": "378,644", "Net Debt": "-", "Share Issued": "31,482", "Ordinary Shares Number": "29,356", "Preferred Shares Number": "4,830", "Treasury Shares Number": "2,126"}, "12/31/2018": {"Duration": "12/31/2018", "Total Assets": "6,035,655", "Total Liabilities Net Minority Interest": "5,556,301", "Total Equity Gross Minority Interest": "479,354", "Total Capitalization": "879,270", "Preferred Stock Equity": "38,468", "Common Stock Equity": "440,886", "Capital Lease Obligations": "-", "Net Tangible Assets": "411,491", "Invested Capital": "845,052", "Tangible Book Value": "373,023", "Total Debt": "404,166", "Net Debt": "220,174", "Share Issued": "30,894", "Ordinary Shares Number": "28,879", "Preferred Shares Number": "1,610", "Treasury Shares Number": "2,015"}}, "cf": {"TTM": {"Duration": "TTM", "Operating Cash Flow": "85,407", "Investing Cash Flow": "-2,040,341", "Financing Cash Flow": "1,986,521", "End Cash Position": "435,442", "Income Tax Paid Supplemental Data": "693", "Interest Paid Supplemental Data": "81,572", "Capital Expenditure": "-5,067", "Issuance of Capital Stock": "100,002", "Issuance of Debt": "100,349", "Repayment of Debt": "-55,000", "Repurchase of Capital Stock": "-3,479", "Free Cash Flow": "80,340"}, "12/31/2020": {"Duration": "12/31/2020", "Operating Cash Flow": "85,407", "Investing Cash Flow": "-2,040,341", "Financing Cash Flow": "1,986,521", "End Cash Position": "435,442", "Income Tax Paid Supplemental Data": "693", "Interest Paid Supplemental Data": "81,572", "Capital Expenditure": "-5,067", "Issuance of Capital Stock": "100,002", "Issuance of Debt": "100,349", "Repayment of Debt": "-55,000", "Repurchase of Capital Stock": "-3,479", "Free Cash Flow": "80,340"}, "12/31/2019": {"Duration": "12/31/2019", "Operating Cash Flow": "68,193", "Investing Cash Flow": "-1,456,751", "Financing Cash Flow": "1,602,428", "End Cash Position": "403,855", "Income Tax Paid Supplemental Data": "-", "Interest Paid Supplemental Data": "135,021", "Capital Expenditure": "-6,080", "Issuance of Capital Stock": "77,611", "Issuance of Debt": "-", "Repayment of Debt": "-45,000", "Repurchase of Capital Stock": "-2,312", "Free Cash Flow": "62,113"}, "12/31/2018": {"Duration": "12/31/2018", "Operating Cash Flow": "82,698", "Investing Cash Flow": "-1,210,029", "Financing Cash Flow": "1,161,163", "End Cash Position": "189,985", "Income Tax Paid Supplemental Data": "-", "Interest Paid Supplemental Data": "83,474", "Capital Expenditure": "-1,782", "Issuance of Capital Stock": "38,468", "Issuance of Debt": "70,000", "Repayment of Debt": "-", "Repurchase of Capital Stock": "-6,807", "Free Cash Flow": "80,916"}}}}, {"OAKV": {"quote": {"03/26/2021": {"value": "9.45", "Market Cap": "27.162M", "Beta (5Y Monthly)": "0.41", "PE Ratio (TTM)": "N/A", "EPS (TTM)": "-0.27", "Earnings Date": "N/A", "Forward Dividend & Yield": "0.04 (0.44%)", "Ex-Dividend Date": "Feb 05, 2021", "1y Target Est": "N/A"}}, "fin": {}, "bs": {}, "cf": {}}}, {"CBKM": {"quote": {"03/26/2021": {"value": "19.59", "Market Cap": "59.32M", "Beta (5Y Monthly)": "0.64", "PE Ratio (TTM)": "7.88", "EPS (TTM)": "2.49", "Earnings Date": "Jan 20, 2021", "Forward Dividend & Yield": "0.60 (3.06%)", "Ex-Dividend Date": "Feb 19, 2021", "1y Target Est": "N/A"}}, "fin": {"TTM": {"Duration": "TTM", "Total Revenue": "29,098", "Credit Losses Provision": "-1,925", "Non Interest Expense": "18,194", "Pretax Income": "8,979", "Tax Provision": "1,487", "Net Income Common Stockholders": "7,492", "Diluted NI Available to Com Stockholders": "7,492", "Basic EPS": "-", "Diluted EPS": "-", "Basic Average Shares": "-", "Diluted Average Shares": "-", "INTEREST_INCOME_AFTER_PROVISION_FOR_LOAN_LOSS": "23,634", "Net Income from Continuing & Discontinued Operation": "7,492", "Normalized Income": "7,492", "Total Money Market Investments": "204", "Reconciled Depreciation": "28", "Net Income from Continuing Operation Net Minority Interest": "7,492", "Total Unusual Items Excluding Goodwill": "-", "Total Unusual Items": "-", "Tax Rate for Calcs": "0", "Tax Effect of Unusual Items": "0"}, "6/30/2020": {"Duration": "6/30/2020", "Total Revenue": "25,282", "Credit Losses Provision": "-1,980", "Non Interest Expense": "16,863", "Pretax Income": "6,439", "Tax Provision": "912", "Net Income Common Stockholders": "5,527", "Diluted NI Available to Com Stockholders": "5,527", "Basic EPS": "1.92", "Diluted EPS": "1.92", "Basic Average Shares": "2,879", "Diluted Average Shares": "2,879", "INTEREST_INCOME_AFTER_PROVISION_FOR_LOAN_LOSS": "19,504", "Net Income from Continuing & Discontinued Operation": "5,527", "Normalized Income": "5,527", "Total Money Market Investments": "157", "Reconciled Depreciation": "1,058", "Net Income from Continuing Operation Net Minority Interest": "5,527", "Total Unusual Items Excluding Goodwill": "-", "Total Unusual Items": "-", "Tax Rate for Calcs": "0", "Tax Effect of Unusual Items": "0"}, "6/30/2019": {"Duration": "6/30/2019", "Total Revenue": "20,791", "Credit Losses Provision": "440", "Non Interest Expense": "14,652", "Pretax Income": "6,579", "Tax Provision": "1,013", "Net Income Common Stockholders": "5,566", "Diluted NI Available to Com Stockholders": "5,566", "Basic EPS": "2.04", "Diluted EPS": "2.04", "Basic Average Shares": "2,728", "Diluted Average Shares": "2,728", "INTEREST_INCOME_AFTER_PROVISION_FOR_LOAN_LOSS": "17,829", "Net Income from Continuing & Discontinued Operation": "5,566", "Normalized Income": "5,566", "Total Money Market Investments": "93", "Reconciled Depreciation": "797", "Net Income from Continuing Operation Net Minority Interest": "5,566", "Total Unusual Items Excluding Goodwill": "-", "Total Unusual Items": "-", "Tax Rate for Calcs": "0", "Tax Effect of Unusual Items": "0"}, "6/30/2018": {"Duration": "6/30/2018", "Total Revenue": "18,406", "Credit Losses Provision": "-310", "Non Interest Expense": "13,366", "Pretax Income": "4,730", "Tax Provision": "1,149", "Net Income Common Stockholders": "3,581", "Diluted NI Available to Com Stockholders": "3,581", "Basic EPS": "1.31", "Diluted EPS": "1.31", "Basic Average Shares": "2,734", "Diluted Average Shares": "2,734", "INTEREST_INCOME_AFTER_PROVISION_FOR_LOAN_LOSS": "15,576", "Net Income from Continuing & Discontinued Operation": "3,581", "Normalized Income": "3,583", "Total Money Market Investments": "151", "Reconciled Depreciation": "771", "Net Income from Continuing Operation Net Minority Interest": "3,581", "Total Unusual Items Excluding Goodwill": "-2", "Total Unusual Items": "-2", "Tax Rate for Calcs": "0", "Tax Effect of Unusual Items": "-0.486"}}, "bs": {"6/30/2020": {"Duration": "6/30/2020", "Total Assets": "740,820", "Total Liabilities Net Minority Interest": "677,580", "Total Equity Gross Minority Interest": "63,240", "Total Capitalization": "94,401", "Common Stock Equity": "63,240", "Net Tangible Assets": "62,148", "Invested Capital": "94,401", "Tangible Book Value": "62,148", "Total Debt": "31,161", "Net Debt": "11,097", "Share Issued": "3,124", "Ordinary Shares Number": "3,016", "Treasury Shares Number": "108.475"}, "6/30/2019": {"Duration": "6/30/2019", "Total Assets": "553,936", "Total Liabilities Net Minority Interest": "502,770", "Total Equity Gross Minority Interest": "51,166", "Total Capitalization": "73,866", "Common Stock Equity": "51,166", "Net Tangible Assets": "51,166", "Invested Capital": "73,866", "Tangible Book Value": "51,166", "Total Debt": "22,700", "Net Debt": "11,395", "Share Issued": "2,854", "Ordinary Shares Number": "2,734", "Treasury Shares Number": "120.288"}, "6/30/2018": {"Duration": "6/30/2018", "Total Assets": "502,619", "Total Liabilities Net Minority Interest": "458,858", "Total Equity Gross Minority Interest": "43,761", "Total Capitalization": "55,517", "Common Stock Equity": "43,761", "Net Tangible Assets": "43,761", "Invested Capital": "55,517", "Tangible Book Value": "43,761", "Total Debt": "11,756", "Net Debt": "1,168", "Share Issued": "2,854", "Ordinary Shares Number": "2,730", "Treasury Shares Number": "124.489"}}, "cf": {"TTM": {"Duration": "TTM", "Operating Cash Flow": "9,085", "Investing Cash Flow": "-112,592", "Financing Cash Flow": "98,524", "End Cash Position": "9,045", "Income Tax Paid Supplemental Data": "1,380", "Interest Paid Supplemental Data": "3,098", "Capital Expenditure": "-472", "Issuance of Debt": "14,300", "Repayment of Debt": "-21,008", "Free Cash Flow": "8,613"}, "6/30/2020": {"Duration": "6/30/2020", "Operating Cash Flow": "5,593", "Investing Cash Flow": "-113,050", "Financing Cash Flow": "107,655", "End Cash Position": "9,659", "Income Tax Paid Supplemental Data": "675", "Interest Paid Supplemental Data": "3,890", "Capital Expenditure": "-497", "Issuance of Debt": "22,500", "Repayment of Debt": "-14,530", "Free Cash Flow": "5,096"}, "6/30/2019": {"Duration": "6/30/2019", "Operating Cash Flow": "6,386", "Investing Cash Flow": "-46,750", "Financing Cash Flow": "42,053", "End Cash Position": "9,461", "Income Tax Paid Supplemental Data": "-", "Interest Paid Supplemental Data": "-", "Capital Expenditure": "-1,671", "Issuance of Debt": "13,000", "Repayment of Debt": "-2,056", "Free Cash Flow": "4,715"}, "6/30/2018": {"Duration": "6/30/2018", "Operating Cash Flow": "5,851", "Investing Cash Flow": "-50,949", "Financing Cash Flow": "42,958", "End Cash Position": "7,772", "Income Tax Paid Supplemental Data": "-", "Interest Paid Supplemental Data": "-", "Capital Expenditure": "-688", "Issuance of Debt": "2,700", "Repayment of Debt": "-3,264", "Free Cash Flow": "5,163"}}}}, {"STI": {"fin": {}, "bs": {}, "cf": {}}}, {"BLMT": {"fin": {}, "bs": {}, "cf": {}}}, {"FBNK": {"fin": {}, "bs": {}, "cf": {}}}, {"BHBK": {"fin": {}, "bs": {}, "cf": {}}}, {"HBK": {"fin": {}, "bs": {}, "cf": {}}}, {"PUB": {"fin": {}, "bs": {}, "cf": {}}}, {"OPB": {"fin": {}, "bs": {}, "cf": {}}}, {"FCBI": {"fin": {}, "bs": {}, "cf": {}}}, {"FSB": {"fin": {}, "bs": {}, "cf": {}}}]