[{"ANCX": {"quote": {"04/04/2021": {"value": "", "Net Assets": "N/A", "Beta (5Y Monthly)": "N/A", "Yield": "N/A", "5y Average Return": "N/A", "Holdings Turnover": "N/A", "Last Dividend": "N/A", "Average for Category": "N/A", "Inception Date": "N/A"}}, "fin": {}, "bs": {}, "cf": {}}}, {"AMNB": {"quote": {"04/04/2021": {"value": "33.65", "Market Cap": "368.989M", "Beta (5Y Monthly)": "1.12", "PE Ratio (TTM)": "12.33", "EPS (TTM)": "2.73", "Earnings Date": "Apr 21, 2021 - Apr 26, 2021", "Forward Dividend & Yield": "1.08 (3.21%)", "Ex-Dividend Date": "Mar 04, 2021", "1y Target Est": "30.67"}}, "fin": {"TTM": {"Duration": "TTM", "Total Revenue": "100,503", "Credit Losses Provision": "-8,916", "Non Interest Expense": "54,565", "Income from Associates & Other Participating Interests": "270", "Special Income Charges": "-110", "Pretax Income": "37,182", "Tax Provision": "7,137", "Net Income Common Stockholders": "30,045", "Diluted NI Available to Com Stockholders": "30,045", "Basic EPS": "-", "Diluted EPS": "-", "Basic Average Shares": "-", "Diluted Average Shares": "-", "INTEREST_INCOME_AFTER_PROVISION_FOR_LOAN_LOSS": "74,401", "Net Income from Continuing & Discontinued Operation": "30,045", "Normalized Income": "30,134", "Reconciled Depreciation": "1,637", "Net Income from Continuing Operation Net Minority Interest": "30,045", "Total Unusual Items Excluding Goodwill": "-110", "Total Unusual Items": "-110", "Tax Rate for Calcs": "0", "Tax Effect of Unusual Items": "-21.109"}, "12/31/2020": {"Duration": "12/31/2020", "Total Revenue": "100,503", "Credit Losses Provision": "-8,916", "Non Interest Expense": "54,565", "Income from Associates & Other Participating Interests": "270", "Special Income Charges": "-110", "Pretax Income": "37,182", "Tax Provision": "7,137", "Net Income Common Stockholders": "30,045", "Diluted NI Available to Com Stockholders": "30,045", "Basic EPS": "-", "Diluted EPS": "-", "Basic Average Shares": "-", "Diluted Average Shares": "-", "INTEREST_INCOME_AFTER_PROVISION_FOR_LOAN_LOSS": "74,401", "Net Income from Continuing & Discontinued Operation": "30,045", "Normalized Income": "30,134", "Reconciled Depreciation": "3,825", "Net Income from Continuing Operation Net Minority Interest": "30,045", "Total Unusual Items Excluding Goodwill": "-110", "Total Unusual Items": "-110", "Tax Rate for Calcs": "0", "Tax Effect of Unusual Items": "-21.12"}, "12/31/2019": {"Duration": "12/31/2019", "Total Revenue": "92,513", "Credit Losses Provision": "-456", "Non Interest Expense": "54,292", "Income from Associates & Other Participating Interests": "211", "Special Income Charges": "-12,209", "Pretax Income": "25,767", "Tax Provision": "4,861", "Net Income Common Stockholders": "20,906", "Diluted NI Available to Com Stockholders": "20,906", "Basic EPS": "1.99", "Diluted EPS": "1.98", "Basic Average Shares": "10,532", "Diluted Average Shares": "10,541", "INTEREST_INCOME_AFTER_PROVISION_FOR_LOAN_LOSS": "76,220", "Net Income from Continuing & Discontinued Operation": "20,906", "Normalized Income": "30,807", "Reconciled Depreciation": "3,462", "Net Income from Continuing Operation Net Minority Interest": "20,906", "Total Unusual Items Excluding Goodwill": "-12,209", "Total Unusual Items": "-12,209", "Tax Rate for Calcs": "0", "Tax Effect of Unusual Items": "-2,308"}, "12/31/2018": {"Duration": "12/31/2018", "Total Revenue": "71,671", "Credit Losses Provision": "103", "Non Interest Expense": "43,374", "Income from Associates & Other Participating Interests": "637", "Special Income Charges": "-812", "Pretax Income": "28,225", "Tax Provision": "5,646", "Net Income Common Stockholders": "22,579", "Diluted NI Available to Com Stockholders": "22,579", "Basic EPS": "2.60", "Diluted EPS": "2.59", "Basic Average Shares": "8,698", "Diluted Average Shares": "8,709", "INTEREST_INCOME_AFTER_PROVISION_FOR_LOAN_LOSS": "58,876", "Net Income from Continuing & Discontinued Operation": "22,579", "Normalized Income": "23,229", "Reconciled Depreciation": "2,040", "Net Income from Continuing Operation Net Minority Interest": "22,579", "Total Unusual Items Excluding Goodwill": "-812", "Total Unusual Items": "-812", "Tax Rate for Calcs": "0", "Tax Effect of Unusual Items": "-162.4"}}, "bs": {"12/31/2020": {"Duration": "12/31/2020", "Total Assets": "3,050,010", "Total Liabilities Net Minority Interest": "2,712,116", "Total Equity Gross Minority Interest": "337,894", "Total Capitalization": "373,524", "Common Stock Equity": "337,894", "Net Tangible Assets": "246,755", "Invested Capital": "373,524", "Tangible Book Value": "246,755", "Total Debt": "35,630", "Share Issued": "10,982", "Ordinary Shares Number": "10,982"}, "12/31/2019": {"Duration": "12/31/2019", "Total Assets": "2,478,550", "Total Liabilities Net Minority Interest": "2,158,292", "Total Equity Gross Minority Interest": "320,258", "Total Capitalization": "355,804", "Common Stock Equity": "320,258", "Net Tangible Assets": "228,528", "Invested Capital": "355,804", "Tangible Book Value": "228,528", "Total Debt": "35,546", "Share Issued": "11,072", "Ordinary Shares Number": "11,072"}, "12/31/2018": {"Duration": "12/31/2018", "Total Assets": "1,862,866", "Total Liabilities Net Minority Interest": "1,640,324", "Total Equity Gross Minority Interest": "222,542", "Total Capitalization": "250,469", "Common Stock Equity": "222,542", "Net Tangible Assets": "177,744", "Invested Capital": "250,469", "Tangible Book Value": "177,744", "Total Debt": "27,927", "Share Issued": "8,720", "Ordinary Shares Number": "8,720"}}, "cf": {"TTM": {"Duration": "TTM", "Operating Cash Flow": "23,676", "Investing Cash Flow": "-265,148", "Financing Cash Flow": "536,260", "End Cash Position": "374,370", "Capital Expenditure": "-2,694", "Repurchase of Capital Stock": "-4,981", "Free Cash Flow": "20,982"}, "12/31/2020": {"Duration": "12/31/2020", "Operating Cash Flow": "23,676", "Investing Cash Flow": "-265,148", "Financing Cash Flow": "536,260", "End Cash Position": "374,370", "Capital Expenditure": "-2,694", "Repurchase of Capital Stock": "-4,981", "Free Cash Flow": "20,982"}, "12/31/2019": {"Duration": "12/31/2019", "Operating Cash Flow": "32,680", "Investing Cash Flow": "-4,570", "Financing Cash Flow": "-12,783", "End Cash Position": "79,582", "Capital Expenditure": "-3,555", "Repurchase of Capital Stock": "-3,146", "Free Cash Flow": "29,125"}, "12/31/2018": {"Duration": "12/31/2018", "Operating Cash Flow": "27,502", "Investing Cash Flow": "-39,901", "Financing Cash Flow": "24,177", "End Cash Position": "64,255", "Capital Expenditure": "-2,723", "Repurchase of Capital Stock": "0", "Free Cash Flow": "24,779"}}}}, {"ABCB": {"quote": {"04/04/2021": {"value": "53.24", "Market Cap": "3.707B", "Beta (5Y Monthly)": "1.44", "PE Ratio (TTM)": "14.12", "EPS (TTM)": "3.77", "Earnings Date": "Apr 22, 2021", "Forward Dividend & Yield": "0.60 (1.13%)", "Ex-Dividend Date": "Mar 30, 2021", "1y Target Est": "53.93"}}, "fin": {"TTM": {"Duration": "TTM", "Total Revenue": "1,079,147", "Credit Losses Provision": "-145,380", "Non Interest Expense": "592,132", "Special Income Charges": "-1,391", "Pretax Income": "340,244", "Tax Provision": "78,256", "Net Income Common Stockholders": "261,988", "Diluted NI Available to Com Stockholders": "261,988", "Basic EPS": "-", "Diluted EPS": "-", "Basic Average Shares": "-", "Diluted Average Shares": "-", "INTEREST_INCOME_AFTER_PROVISION_FOR_LOAN_LOSS": "492,373", "Net Income from Continuing & Discontinued Operation": "261,988", "Normalized Income": "263,059", "Total Money Market Investments": "1,885", "Reconciled Depreciation": "55,111", "Net Income from Continuing Operation Net Minority Interest": "261,988", "Total Unusual Items Excluding Goodwill": "-1,391", "Total Unusual Items": "-1,391", "Tax Rate for Calcs": "0", "Tax Effect of Unusual Items": "-319.93"}, "12/31/2020": {"Duration": "12/31/2020", "Total Revenue": "1,079,147", "Credit Losses Provision": "-145,380", "Non Interest Expense": "592,132", "Special Income Charges": "-1,391", "Pretax Income": "340,244", "Tax Provision": "78,256", "Net Income Common Stockholders": "261,988", "Diluted NI Available to Com Stockholders": "261,988", "Basic EPS": "-", "Diluted EPS": "-", "Basic Average Shares": "-", "Diluted Average Shares": "-", "INTEREST_INCOME_AFTER_PROVISION_FOR_LOAN_LOSS": "492,373", "Net Income from Continuing & Discontinued Operation": "261,988", "Normalized Income": "263,059", "Total Money Market Investments": "1,885", "Reconciled Depreciation": "55,111", "Net Income from Continuing Operation Net Minority Interest": "261,988", "Total Unusual Items Excluding Goodwill": "-1,391", "Total Unusual Items": "-1,391", "Tax Rate for Calcs": "0", "Tax Effect of Unusual Items": "-319.93"}, "12/31/2019": {"Duration": "12/31/2019", "Total Revenue": "699,197", "Credit Losses Provision": "-19,758", "Non Interest Expense": "394,750", "Special Income Charges": "-73,105", "Pretax Income": "211,584", "Tax Provision": "50,143", "Net Income Common Stockholders": "161,441", "Diluted NI Available to Com Stockholders": "161,441", "Basic EPS": "2.76", "Diluted EPS": "2.75", "Basic Average Shares": "58,462", "Diluted Average Shares": "58,614", "INTEREST_INCOME_AFTER_PROVISION_FOR_LOAN_LOSS": "485,408", "Net Income from Continuing & Discontinued Operation": "161,441", "Normalized Income": "217,220", "Total Money Market Investments": "8,815", "Reconciled Depreciation": "41,097", "Net Income from Continuing Operation Net Minority Interest": "161,441", "Total Unusual Items Excluding Goodwill": "-73,105", "Total Unusual Items": "-73,105", "Tax Rate for Calcs": "0", "Tax Effect of Unusual Items": "-17,326"}, "12/31/2018": {"Duration": "12/31/2018", "Total Revenue": "457,788", "Credit Losses Provision": "-16,667", "Non Interest Expense": "269,132", "Special Income Charges": "-20,499", "Pretax Income": "151,490", "Tax Provision": "30,463", "Net Income Common Stockholders": "121,027", "Diluted NI Available to Com Stockholders": "121,027", "Basic EPS": "2.81", "Diluted EPS": "2.80", "Basic Average Shares": "43,142", "Diluted Average Shares": "43,248", "INTEREST_INCOME_AFTER_PROVISION_FOR_LOAN_LOSS": "326,725", "Net Income from Continuing & Discontinued Operation": "121,027", "Normalized Income": "137,406", "Total Money Market Investments": "5,211", "Reconciled Depreciation": "19,526", "Net Income from Continuing Operation Net Minority Interest": "121,027", "Total Unusual Items Excluding Goodwill": "-20,499", "Total Unusual Items": "-20,499", "Tax Rate for Calcs": "0", "Tax Effect of Unusual Items": "-4,120"}}, "bs": {"12/31/2020": {"Duration": "12/31/2020", "Total Assets": "20,438,638", "Total Liabilities Net Minority Interest": "17,791,550", "Total Equity Gross Minority Interest": "2,647,088", "Total Capitalization": "3,196,588", "Common Stock Equity": "2,647,088", "Net Tangible Assets": "1,647,109", "Invested Capital": "3,196,588", "Tangible Book Value": "1,647,109", "Total Debt": "549,500", "Net Debt": "345,902", "Share Issued": "71,754", "Ordinary Shares Number": "69,541", "Treasury Shares Number": "2,212"}, "12/31/2019": {"Duration": "12/31/2019", "Total Assets": "18,242,579", "Total Liabilities Net Minority Interest": "15,772,997", "Total Equity Gross Minority Interest": "2,469,582", "Total Capitalization": "3,995,851", "Common Stock Equity": "2,469,582", "Net Tangible Assets": "1,446,359", "Invested Capital": "3,995,851", "Tangible Book Value": "1,446,359", "Total Debt": "1,526,269", "Net Debt": "928,584", "Share Issued": "71,500", "Ordinary Shares Number": "69,504", "Treasury Shares Number": "1,996"}, "12/31/2018": {"Duration": "12/31/2018", "Total Assets": "11,443,515", "Total Liabilities Net Minority Interest": "9,987,168", "Total Equity Gross Minority Interest": "1,456,347", "Total Capitalization": "1,627,308", "Common Stock Equity": "1,456,347", "Net Tangible Assets": "894,224", "Invested Capital": "1,697,308", "Tangible Book Value": "894,224", "Total Debt": "240,961", "Net Debt": "58,113", "Share Issued": "49,015", "Ordinary Shares Number": "47,500", "Treasury Shares Number": "1,515"}}, "cf": {"TTM": {"Duration": "TTM", "Operating Cash Flow": "798,396", "Investing Cash Flow": "-1,200,726", "Financing Cash Flow": "1,897,787", "End Cash Position": "2,117,306", "Income Tax Paid Supplemental Data": "98,609", "Interest Paid Supplemental Data": "94,786", "Capital Expenditure": "-18,116", "Issuance of Capital Stock": "-", "Issuance of Debt": "7,202,981", "Repayment of Debt": "-8,181,646", "Repurchase of Capital Stock": "-7,995", "Free Cash Flow": "780,280"}, "12/31/2020": {"Duration": "12/31/2020", "Operating Cash Flow": "798,396", "Investing Cash Flow": "-1,200,726", "Financing Cash Flow": "1,897,787", "End Cash Position": "2,117,306", "Income Tax Paid Supplemental Data": "98,609", "Interest Paid Supplemental Data": "94,786", "Capital Expenditure": "-18,116", "Issuance of Capital Stock": "-", "Issuance of Debt": "7,202,981", "Repayment of Debt": "-8,181,646", "Repurchase of Capital Stock": "-7,995", "Free Cash Flow": "780,280"}, "12/31/2019": {"Duration": "12/31/2019", "Operating Cash Flow": "-940,211", "Investing Cash Flow": "-487,087", "Financing Cash Flow": "1,369,620", "End Cash Position": "621,849", "Income Tax Paid Supplemental Data": "35,865", "Interest Paid Supplemental Data": "125,373", "Capital Expenditure": "-11,581", "Issuance of Capital Stock": "0", "Issuance of Debt": "5,236,572", "Repayment of Debt": "-4,141,349", "Repurchase of Capital Stock": "-18,410", "Free Cash Flow": "-951,792"}, "12/31/2018": {"Duration": "12/31/2018", "Operating Cash Flow": "-108,803", "Investing Cash Flow": "-53,314", "Financing Cash Flow": "510,986", "End Cash Position": "679,527", "Income Tax Paid Supplemental Data": "20,026", "Interest Paid Supplemental Data": "67,523", "Capital Expenditure": "-10,009", "Issuance of Capital Stock": "0", "Issuance of Debt": "1,530,000", "Repayment of Debt": "-1,844,258", "Repurchase of Capital Stock": "-2,062", "Free Cash Flow": "-118,812"}}}}, {"ASBB": {"quote": {"04/04/2021": {"value": "", "Net Assets": "N/A", "Beta (5Y Monthly)": "N/A", "Yield": "N/A", "5y Average Return": "N/A", "Holdings Turnover": "N/A", "Last Dividend": "N/A", "Average for Category": "N/A", "Inception Date": "N/A"}}, "fin": {}, "bs": {}, "cf": {}}}, {"ABTO": {"quote": {"04/04/2021": {"value": "0.3600", "Market Cap": "1.067M", "Beta (5Y Monthly)": "0.36", "PE Ratio (TTM)": "N/A", "EPS (TTM)": "-1.2300", "Earnings Date": "Oct 28, 2020", "Forward Dividend & Yield": "0.01 (1.41%)", "Ex-Dividend Date": "Mar 09, 2021", "1y Target Est": "N/A"}}, "fin": {}, "bs": {}, "cf": {}}}, {"CZBS": {"quote": {"04/04/2021": {"value": "11.75", "Market Cap": "23.712M", "Beta (5Y Monthly)": "0.44", "PE Ratio (TTM)": "6.57", "EPS (TTM)": "1.79", "Earnings Date": "N/A", "Forward Dividend & Yield": "0.35 (2.99%)", "Ex-Dividend Date": "Apr 09, 2020", "1y Target Est": "N/A"}}, "fin": {}, "bs": {}, "cf": {}}}, {"GABA": {"quote": {"04/04/2021": {"value": "0.0001", "Market Cap": "339", "Beta (5Y Monthly)": "-3.47", "PE Ratio (TTM)": "N/A", "EPS (TTM)": "-0.1040", "Earnings Date": "N/A", "Forward Dividend & Yield": "N/A (N/A)", "Ex-Dividend Date": "N/A", "1y Target Est": "N/A"}}, "fin": {}, "bs": {}, "cf": {}}}, {"SONA": {"quote": {"04/04/2021": {"value": "15.09", "Market Cap": "368.777M", "Beta (5Y Monthly)": "N/A", "PE Ratio (TTM)": "15.72", "EPS (TTM)": "N/A", "Earnings Date": "Apr 26, 2021 - Apr 30, 2021", "Forward Dividend & Yield": "N/A (N/A)", "Ex-Dividend Date": "N/A", "1y Target Est": "14.83"}}, "fin": {"TTM": {"Duration": "TTM", "Total Revenue": "98,842", "Credit Losses Provision": "-12,950", "Non Interest Expense": "66,780", "Income from Associates & Other Participating Interests": "10,789", "Special Income Charges": "-", "Pretax Income": "29,901", "Tax Provision": "6,614", "Net Income Common Stockholders": "23,287", "Diluted NI Available to Com Stockholders": "23,287", "Basic EPS": "-", "Diluted EPS": "-", "Basic Average Shares": "-", "Diluted Average Shares": "-", "INTEREST_INCOME_AFTER_PROVISION_FOR_LOAN_LOSS": "78,690", "Net Income from Continuing & Discontinued Operation": "23,287", "Normalized Income": "24,035", "Total Money Market Investments": "-", "Reconciled Depreciation": "8,194", "Net Income from Continuing Operation Net Minority Interest": "23,287", "Total Unusual Items Excluding Goodwill": "-960", "Total Unusual Items": "-960", "Tax Rate for Calcs": "0", "Tax Effect of Unusual Items": "-212.3488"}, "12/31/2020": {"Duration": "12/31/2020", "Total Revenue": "98,842", "Credit Losses Provision": "-12,950", "Non Interest Expense": "66,780", "Income from Associates & Other Participating Interests": "10,789", "Special Income Charges": "-", "Pretax Income": "29,901", "Tax Provision": "6,614", "Net Income Common Stockholders": "23,287", "Diluted NI Available to Com Stockholders": "23,287", "Basic EPS": "-", "Diluted EPS": "-", "Basic Average Shares": "-", "Diluted Average Shares": "-", "INTEREST_INCOME_AFTER_PROVISION_FOR_LOAN_LOSS": "78,690", "Net Income from Continuing & Discontinued Operation": "23,287", "Normalized Income": "24,035", "Total Money Market Investments": "-", "Reconciled Depreciation": "8,194", "Net Income from Continuing Operation Net Minority Interest": "23,287", "Total Unusual Items Excluding Goodwill": "-960", "Total Unusual Items": "-960", "Tax Rate for Calcs": "0", "Tax Effect of Unusual Items": "-212.3488"}, "12/31/2019": {"Duration": "12/31/2019", "Total Revenue": "93,496", "Credit Losses Provision": "1,187", "Non Interest Expense": "56,630", "Income from Associates & Other Participating Interests": "1,191", "Special Income Charges": "0", "Pretax Income": "39,244", "Tax Provision": "6,077", "Net Income Common Stockholders": "33,167", "Diluted NI Available to Com Stockholders": "33,167", "Basic EPS": "1.38", "Diluted EPS": "1.36", "Basic Average Shares": "24,050", "Diluted Average Shares": "24,354", "INTEREST_INCOME_AFTER_PROVISION_FOR_LOAN_LOSS": "84,787", "Net Income from Continuing & Discontinued Operation": "33,167", "Normalized Income": "33,135", "Total Money Market Investments": "2", "Reconciled Depreciation": "8,178", "Net Income from Continuing Operation Net Minority Interest": "33,167", "Total Unusual Items Excluding Goodwill": "38", "Total Unusual Items": "38", "Tax Rate for Calcs": "0", "Tax Effect of Unusual Items": "5.8844"}, "12/31/2018": {"Duration": "12/31/2018", "Total Revenue": "99,189", "Credit Losses Provision": "-1,590", "Non Interest Expense": "53,400", "Income from Associates & Other Participating Interests": "-894", "Special Income Charges": "0", "Pretax Income": "43,305", "Tax Provision": "9,614", "Net Income Common Stockholders": "33,691", "Diluted NI Available to Com Stockholders": "33,691", "Basic EPS": "1.40", "Diluted EPS": "1.39", "Basic Average Shares": "24,025", "Diluted Average Shares": "24,273", "INTEREST_INCOME_AFTER_PROVISION_FOR_LOAN_LOSS": "89,476", "Net Income from Continuing & Discontinued Operation": "33,691", "Normalized Income": "33,971", "Total Money Market Investments": "52", "Reconciled Depreciation": "7,403", "Net Income from Continuing Operation Net Minority Interest": "33,691", "Total Unusual Items Excluding Goodwill": "-360", "Total Unusual Items": "-360", "Tax Rate for Calcs": "0", "Tax Effect of Unusual Items": "-79.9224"}}, "bs": {"12/31/2020": {"Duration": "12/31/2020", "Total Assets": "3,088,673", "Total Liabilities Net Minority Interest": "2,698,119", "Total Equity Gross Minority Interest": "390,554", "Total Capitalization": "605,883", "Common Stock Equity": "390,554", "Capital Lease Obligations": "8,238", "Net Tangible Assets": "282,774", "Invested Capital": "605,883", "Tangible Book Value": "282,774", "Total Debt": "223,567", "Net Debt": "19,144", "Share Issued": "24,369", "Ordinary Shares Number": "24,369"}, "12/31/2019": {"Duration": "12/31/2019", "Total Assets": "2,722,170", "Total Liabilities Net Minority Interest": "2,344,929", "Total Equity Gross Minority Interest": "377,241", "Total Capitalization": "433,924", "Common Stock Equity": "377,241", "Capital Lease Obligations": "8,469", "Net Tangible Assets": "268,096", "Invested Capital": "555,564", "Tangible Book Value": "268,096", "Total Debt": "186,792", "Net Debt": "146,395", "Share Issued": "24,182", "Ordinary Shares Number": "24,182"}, "12/31/2018": {"Duration": "12/31/2018", "Total Assets": "2,701,295", "Total Liabilities Net Minority Interest": "2,353,005", "Total Equity Gross Minority Interest": "348,290", "Total Capitalization": "404,963", "Common Stock Equity": "348,290", "Capital Lease Obligations": "-", "Net Tangible Assets": "237,727", "Invested Capital": "568,303", "Tangible Book Value": "237,727", "Total Debt": "220,013", "Net Debt": "192,197", "Share Issued": "24,052", "Ordinary Shares Number": "24,052"}}, "cf": {"TTM": {"Duration": "TTM", "Operating Cash Flow": "29,663", "Investing Cash Flow": "-204,273", "Financing Cash Flow": "338,867", "End Cash Position": "196,185", "Income Tax Paid Supplemental Data": "7,693", "Interest Paid Supplemental Data": "27,988", "Capital Expenditure": "-1,082", "Issuance of Debt": "58,600", "Repayment of Debt": "-18,458", "Repurchase of Capital Stock": "-135", "Free Cash Flow": "28,581"}, "12/31/2020": {"Duration": "12/31/2020", "Operating Cash Flow": "29,663", "Investing Cash Flow": "-204,273", "Financing Cash Flow": "338,867", "End Cash Position": "196,185", "Income Tax Paid Supplemental Data": "7,693", "Interest Paid Supplemental Data": "27,988", "Capital Expenditure": "-1,082", "Issuance of Debt": "58,600", "Repayment of Debt": "-18,458", "Repurchase of Capital Stock": "-135", "Free Cash Flow": "28,581"}, "12/31/2019": {"Duration": "12/31/2019", "Operating Cash Flow": "36,764", "Investing Cash Flow": "-5,018", "Financing Cash Flow": "-28,429", "End Cash Position": "31,928", "Income Tax Paid Supplemental Data": "4,897", "Interest Paid Supplemental Data": "36,002", "Capital Expenditure": "-1,101", "Issuance of Debt": "0", "Repayment of Debt": "-", "Repurchase of Capital Stock": "-", "Free Cash Flow": "35,663"}, "12/31/2018": {"Duration": "12/31/2018", "Operating Cash Flow": "41,440", "Investing Cash Flow": "-93,696", "Financing Cash Flow": "55,404", "End Cash Position": "28,611", "Income Tax Paid Supplemental Data": "6,672", "Interest Paid Supplemental Data": "26,129", "Capital Expenditure": "-1,973", "Issuance of Debt": "0", "Repayment of Debt": "-", "Repurchase of Capital Stock": "-", "Free Cash Flow": "39,467"}}}}, {"SASR": {"quote": {"04/04/2021": {"value": "43.50", "Market Cap": "2.063B", "Beta (5Y Monthly)": "1.13", "PE Ratio (TTM)": "19.95", "EPS (TTM)": "2.18", "Earnings Date": "Apr 21, 2021 - Apr 26, 2021", "Forward Dividend & Yield": "1.28 (2.94%)", "Ex-Dividend Date": "Feb 16, 2021", "1y Target Est": "42.75"}}, "fin": {"TTM": {"Duration": "TTM", "Total Revenue": "463,411", "Credit Losses Provision": "-87,245", "Non Interest Expense": "220,640", "Special Income Charges": "-31,102", "Pretax Income": "124,424", "Tax Provision": "27,471", "Net Income Common Stockholders": "96,170", "Diluted NI Available to Com Stockholders": "96,170", "Basic EPS": "-", "Diluted EPS": "-", "Basic Average Shares": "-", "Diluted Average Shares": "-", "INTEREST_INCOME_AFTER_PROVISION_FOR_LOAN_LOSS": "275,914", "Net Income from Continuing & Discontinued Operation": "96,953", "Normalized Income": "121,181", "Total Money Market Investments": "447", "Reconciled Depreciation": "19,873", "Net Income from Continuing Operation Net Minority Interest": "96,953", "Total Unusual Items Excluding Goodwill": "-31,102", "Total Unusual Items": "-31,102", "Tax Rate for Calcs": "0", "Tax Effect of Unusual Items": "-6,874"}, "12/31/2020": {"Duration": "12/31/2020", "Total Revenue": "463,411", "Credit Losses Provision": "-87,245", "Non Interest Expense": "220,640", "Special Income Charges": "-31,102", "Pretax Income": "124,424", "Tax Provision": "27,471", "Net Income Common Stockholders": "96,170", "Diluted NI Available to Com Stockholders": "96,170", "Basic EPS": "-", "Diluted EPS": "-", "Basic Average Shares": "-", "Diluted Average Shares": "-", "INTEREST_INCOME_AFTER_PROVISION_FOR_LOAN_LOSS": "275,914", "Net Income from Continuing & Discontinued Operation": "96,953", "Normalized Income": "121,181", "Total Money Market Investments": "447", "Reconciled Depreciation": "19,873", "Net Income from Continuing Operation Net Minority Interest": "96,953", "Total Unusual Items Excluding Goodwill": "-31,102", "Total Unusual Items": "-31,102", "Tax Rate for Calcs": "0", "Tax Effect of Unusual Items": "-6,874"}, "12/31/2019": {"Duration": "12/31/2019", "Total Revenue": "336,630", "Credit Losses Provision": "-4,684", "Non Interest Expense": "177,773", "Special Income Charges": "-1,312", "Pretax Income": "152,861", "Tax Provision": "36,428", "Net Income Common Stockholders": "116,433", "Diluted NI Available to Com Stockholders": "116,433", "Basic EPS": "3.25", "Diluted EPS": "3.25", "Basic Average Shares": "35,826", "Diluted Average Shares": "35,853", "INTEREST_INCOME_AFTER_PROVISION_FOR_LOAN_LOSS": "260,624", "Net Income from Continuing & Discontinued Operation": "116,433", "Normalized Income": "117,433", "Total Money Market Investments": "2,139", "Reconciled Depreciation": "13,398", "Net Income from Continuing Operation Net Minority Interest": "116,433", "Total Unusual Items Excluding Goodwill": "-1,312", "Total Unusual Items": "-1,312", "Tax Rate for Calcs": "0", "Tax Effect of Unusual Items": "-312.256"}, "12/31/2018": {"Duration": "12/31/2018", "Total Revenue": "321,494", "Credit Losses Provision": "-9,023", "Non Interest Expense": "168,017", "Special Income Charges": "-11,766", "Pretax Income": "132,688", "Tax Provision": "31,824", "Net Income Common Stockholders": "100,864", "Diluted NI Available to Com Stockholders": "100,864", "Basic EPS": "2.82", "Diluted EPS": "2.82", "Basic Average Shares": "35,767", "Diluted Average Shares": "35,767", "INTEREST_INCOME_AFTER_PROVISION_FOR_LOAN_LOSS": "251,422", "Net Income from Continuing & Discontinued Operation": "100,864", "Normalized Income": "109,806", "Total Money Market Investments": "1,335", "Reconciled Depreciation": "12,516", "Net Income from Continuing Operation Net Minority Interest": "100,864", "Total Unusual Items Excluding Goodwill": "-11,766", "Total Unusual Items": "-11,766", "Tax Rate for Calcs": "0", "Tax Effect of Unusual Items": "-2,824"}}, "bs": {"12/31/2020": {"Duration": "12/31/2020", "Total Assets": "12,798,429", "Total Liabilities Net Minority Interest": "11,328,474", "Total Equity Gross Minority Interest": "1,469,955", "Total Capitalization": "2,076,118", "Common Stock Equity": "1,469,955", "Net Tangible Assets": "1,067,211", "Invested Capital": "2,076,118", "Tangible Book Value": "1,067,211", "Total Debt": "606,163", "Net Debt": "309,451", "Share Issued": "47,057", "Ordinary Shares Number": "47,057"}, "12/31/2019": {"Duration": "12/31/2019", "Total Assets": "8,629,002", "Total Liabilities Net Minority Interest": "7,496,028", "Total Equity Gross Minority Interest": "1,132,974", "Total Capitalization": "1,856,157", "Common Stock Equity": "1,132,974", "Net Tangible Assets": "777,984", "Invested Capital": "1,856,157", "Tangible Book Value": "777,984", "Total Debt": "723,183", "Net Debt": "577,288", "Share Issued": "34,970", "Ordinary Shares Number": "34,970"}, "12/31/2018": {"Duration": "12/31/2018", "Total Assets": "8,243,272", "Total Liabilities Net Minority Interest": "7,175,369", "Total Equity Gross Minority Interest": "1,067,903", "Total Capitalization": "1,953,939", "Common Stock Equity": "1,067,903", "Net Tangible Assets": "710,966", "Invested Capital": "1,953,939", "Tangible Book Value": "710,966", "Total Debt": "886,036", "Net Debt": "785,164", "Share Issued": "35,531", "Ordinary Shares Number": "35,531"}}, "cf": {"TTM": {"Duration": "TTM", "Operating Cash Flow": "141,981", "Investing Cash Flow": "-1,200,196", "Financing Cash Flow": "1,209,115", "End Cash Position": "297,003", "Income Tax Paid Supplemental Data": "56,430", "Interest Paid Supplemental Data": "62,637", "Capital Expenditure": "-5,041", "Issuance of Capital Stock": "1,997", "Issuance of Debt": "400,000", "Repayment of Debt": "-713,427", "Repurchase of Capital Stock": "-25,702", "Free Cash Flow": "136,940"}, "12/31/2020": {"Duration": "12/31/2020", "Operating Cash Flow": "141,981", "Investing Cash Flow": "-1,200,196", "Financing Cash Flow": "1,209,115", "End Cash Position": "297,003", "Income Tax Paid Supplemental Data": "56,430", "Interest Paid Supplemental Data": "62,637", "Capital Expenditure": "-5,041", "Issuance of Capital Stock": "1,997", "Issuance of Debt": "400,000", "Repayment of Debt": "-713,427", "Repurchase of Capital Stock": "-25,702", "Free Cash Flow": "136,940"}, "12/31/2019": {"Duration": "12/31/2019", "Operating Cash Flow": "99,943", "Investing Cash Flow": "-241,276", "Financing Cash Flow": "185,955", "End Cash Position": "146,103", "Income Tax Paid Supplemental Data": "33,795", "Interest Paid Supplemental Data": "84,448", "Capital Expenditure": "-5,148", "Issuance of Capital Stock": "1,433", "Issuance of Debt": "2,298,000", "Repayment of Debt": "-2,457,834", "Repurchase of Capital Stock": "-24,284", "Free Cash Flow": "94,795"}, "12/31/2018": {"Duration": "12/31/2018", "Operating Cash Flow": "147,646", "Investing Cash Flow": "-505,004", "Financing Cash Flow": "346,339", "End Cash Position": "101,481", "Income Tax Paid Supplemental Data": "25,664", "Interest Paid Supplemental Data": "60,504", "Capital Expenditure": "-10,401", "Issuance of Capital Stock": "1,395", "Issuance of Debt": "5,477,000", "Repayment of Debt": "-5,633,579", "Repurchase of Capital Stock": "0", "Free Cash Flow": "137,245"}}}}, {"SBNY": {"quote": {"04/04/2021": {"value": "225.00", "Market Cap": "12.966B", "Beta (5Y Monthly)": "1.97", "PE Ratio (TTM)": "22.59", "EPS (TTM)": "9.96", "Earnings Date": "Apr 21, 2021 - Apr 26, 2021", "Forward Dividend & Yield": "2.24 (0.99%)", "Ex-Dividend Date": "Jan 29, 2021", "1y Target Est": "246.60"}}, "fin": {"TTM": {"Duration": "TTM", "Total Revenue": "1,594,340", "Credit Losses Provision": "-248,094", "Non Interest Expense": "614,054", "Pretax Income": "732,192", "Tax Provision": "203,833", "Net Income Common Stockholders": "528,359", "Diluted NI Available to Com Stockholders": "528,359", "Basic EPS": "-", "Diluted EPS": "-", "Basic Average Shares": "-", "Diluted Average Shares": "-", "INTEREST_INCOME_AFTER_PROVISION_FOR_LOAN_LOSS": "1,270,998", "Net Income from Continuing & Discontinued Operation": "528,359", "Normalized Income": "528,359", "Reconciled Depreciation": "20,684", "Net Income from Continuing Operation Net Minority Interest": "528,359", "Total Unusual Items Excluding Goodwill": "-", "Total Unusual Items": "-", "Tax Rate for Calcs": "0", "Tax Effect of Unusual Items": "0"}, "12/31/2020": {"Duration": "12/31/2020", "Total Revenue": "1,594,340", "Credit Losses Provision": "-248,094", "Non Interest Expense": "614,054", "Pretax Income": "732,192", "Tax Provision": "203,833", "Net Income Common Stockholders": "528,359", "Diluted NI Available to Com Stockholders": "528,359", "Basic EPS": "-", "Diluted EPS": "-", "Basic Average Shares": "-", "Diluted Average Shares": "-", "INTEREST_INCOME_AFTER_PROVISION_FOR_LOAN_LOSS": "1,270,998", "Net Income from Continuing & Discontinued Operation": "528,359", "Normalized Income": "528,359", "Reconciled Depreciation": "20,684", "Net Income from Continuing Operation Net Minority Interest": "528,359", "Total Unusual Items Excluding Goodwill": "-", "Total Unusual Items": "-", "Tax Rate for Calcs": "0", "Tax Effect of Unusual Items": "0"}, "12/31/2019": {"Duration": "12/31/2019", "Total Revenue": "1,339,541", "Credit Losses Provision": "-22,636", "Non Interest Expense": "529,269", "Pretax Income": "787,636", "Tax Provision": "198,710", "Net Income Common Stockholders": "587,013", "Diluted NI Available to Com Stockholders": "587,013", "Basic EPS": "10.92", "Diluted EPS": "10.87", "Basic Average Shares": "53,774", "Diluted Average Shares": "54,011", "INTEREST_INCOME_AFTER_PROVISION_FOR_LOAN_LOSS": "1,288,957", "Net Income from Continuing & Discontinued Operation": "588,926", "Normalized Income": "588,926", "Reconciled Depreciation": "20,147", "Net Income from Continuing Operation Net Minority Interest": "588,926", "Total Unusual Items Excluding Goodwill": "-", "Total Unusual Items": "-", "Tax Rate for Calcs": "0", "Tax Effect of Unusual Items": "0"}, "12/31/2018": {"Duration": "12/31/2018", "Total Revenue": "1,322,265", "Credit Losses Provision": "-162,524", "Non Interest Expense": "486,278", "Pretax Income": "673,463", "Tax Provision": "168,121", "Net Income Common Stockholders": "504,428", "Diluted NI Available to Com Stockholders": "504,428", "Basic EPS": "9.27", "Diluted EPS": "9.23", "Basic Average Shares": "54,406", "Diluted Average Shares": "54,666", "INTEREST_INCOME_AFTER_PROVISION_FOR_LOAN_LOSS": "1,136,463", "Net Income from Continuing & Discontinued Operation": "505,342", "Normalized Income": "505,342", "Reconciled Depreciation": "14,007", "Net Income from Continuing Operation Net Minority Interest": "505,342", "Total Unusual Items Excluding Goodwill": "-", "Total Unusual Items": "-", "Tax Rate for Calcs": "0", "Tax Effect of Unusual Items": "0"}}, "bs": {"12/31/2020": {"Duration": "12/31/2020", "Total Assets": "73,888,344", "Total Liabilities Net Minority Interest": "68,061,435", "Total Equity Gross Minority Interest": "5,826,909", "Total Capitalization": "9,494,742", "Preferred Stock Equity": "7", "Common Stock Equity": "5,826,902", "Capital Lease Obligations": "265,354", "Net Tangible Assets": "5,826,909", "Invested Capital": "9,494,735", "Tangible Book Value": "5,826,902", "Total Debt": "3,933,187", "Net Debt": "-", "Share Issued": "55,464", "Ordinary Shares Number": "53,565", "Treasury Shares Number": "1,899"}, "12/31/2019": {"Duration": "12/31/2019", "Total Assets": "50,616,434", "Total Liabilities Net Minority Interest": "45,846,611", "Total Equity Gross Minority Interest": "4,769,823", "Total Capitalization": "9,368,086", "Preferred Stock Equity": "-", "Common Stock Equity": "4,769,823", "Capital Lease Obligations": "242,587", "Net Tangible Assets": "4,769,823", "Invested Capital": "9,368,086", "Tangible Book Value": "4,769,823", "Total Debt": "4,840,850", "Net Debt": "3,808,431", "Share Issued": "55,428", "Ordinary Shares Number": "53,520", "Treasury Shares Number": "1,908"}, "12/31/2018": {"Duration": "12/31/2018", "Total Assets": "47,364,816", "Total Liabilities Net Minority Interest": "42,957,676", "Total Equity Gross Minority Interest": "4,407,140", "Total Capitalization": "9,635,314", "Preferred Stock Equity": "-", "Common Stock Equity": "4,407,140", "Capital Lease Obligations": "-", "Net Tangible Assets": "4,407,140", "Invested Capital": "9,635,314", "Tangible Book Value": "4,407,140", "Total Debt": "5,228,174", "Net Debt": "4,910,919", "Share Issued": "55,406", "Ordinary Shares Number": "55,039", "Treasury Shares Number": "366.098"}}, "cf": {"TTM": {"Duration": "TTM", "Operating Cash Flow": "904,363", "Investing Cash Flow": "-11,878,559", "Financing Cash Flow": "22,532,698", "End Cash Position": "12,348,331", "Income Tax Paid Supplemental Data": "237,668", "Interest Paid Supplemental Data": "425,604", "Capital Expenditure": "-35,042", "Issuance of Capital Stock": "708,018", "Issuance of Debt": "2,492,102", "Repayment of Debt": "-3,420,000", "Free Cash Flow": "869,321"}, "12/31/2020": {"Duration": "12/31/2020", "Operating Cash Flow": "904,363", "Investing Cash Flow": "-11,878,559", "Financing Cash Flow": "22,532,698", "End Cash Position": "12,348,331", "Income Tax Paid Supplemental Data": "237,668", "Interest Paid Supplemental Data": "425,604", "Capital Expenditure": "-35,042", "Issuance of Capital Stock": "708,018", "Issuance of Debt": "2,492,102", "Repayment of Debt": "-3,420,000", "Free Cash Flow": "869,321"}, "12/31/2019": {"Duration": "12/31/2019", "Operating Cash Flow": "778,424", "Investing Cash Flow": "-2,634,356", "Financing Cash Flow": "2,328,509", "End Cash Position": "789,832", "Income Tax Paid Supplemental Data": "206,965", "Interest Paid Supplemental Data": "601,534", "Capital Expenditure": "-32,937", "Issuance of Capital Stock": "-", "Issuance of Debt": "3,147,144", "Repayment of Debt": "-4,445,000", "Free Cash Flow": "745,487"}, "12/31/2018": {"Duration": "12/31/2018", "Operating Cash Flow": "651,563", "Investing Cash Flow": "-4,289,134", "Financing Cash Flow": "3,619,360", "End Cash Position": "317,255", "Income Tax Paid Supplemental Data": "107,527", "Interest Paid Supplemental Data": "402,717", "Capital Expenditure": "-11,487", "Issuance of Capital Stock": "-", "Issuance of Debt": "4,415,000", "Repayment of Debt": "-3,610,000", "Free Cash Flow": "640,076"}}}}, {"BKU": {"quote": {"04/04/2021": {"value": "44.47", "Market Cap": "4.13B", "Beta (5Y Monthly)": "1.40", "PE Ratio (TTM)": "21.60", "EPS (TTM)": "2.06", "Earnings Date": "Apr 27, 2021 - May 03, 2021", "Forward Dividend & Yield": "0.92 (2.07%)", "Ex-Dividend Date": "Apr 14, 2021", "1y Target Est": "45.63"}}, "fin": {"TTM": {"Duration": "TTM", "Total Revenue": "884,979", "Credit Losses Provision": "-178,431", "Non Interest Expense": "457,189", "Special Income Charges": "0", "Pretax Income": "249,359", "Tax Provision": "51,506", "Net Income Common Stockholders": "188,971", "Average Dilution Earnings": "-123", "Diluted NI Available to Com Stockholders": "188,848", "Basic EPS": "-", "Diluted EPS": "-", "Basic Average Shares": "-", "Diluted Average Shares": "-", "INTEREST_INCOME_AFTER_PROVISION_FOR_LOAN_LOSS": "573,327", "Net Income from Continuing & Discontinued Operation": "197,853", "Normalized Income": "197,853", "Reconciled Depreciation": "44,262", "Net Income from Continuing Operation Net Minority Interest": "197,853", "Total Unusual Items Excluding Goodwill": "0", "Total Unusual Items": "0", "Tax Rate for Calcs": "0", "Tax Effect of Unusual Items": "0"}, "12/31/2020": {"Duration": "12/31/2020", "Total Revenue": "884,979", "Credit Losses Provision": "-178,431", "Non Interest Expense": "457,189", "Special Income Charges": "0", "Pretax Income": "249,359", "Tax Provision": "51,506", "Net Income Common Stockholders": "188,971", "Average Dilution Earnings": "-123", "Diluted NI Available to Com Stockholders": "188,848", "Basic EPS": "-", "Diluted EPS": "-", "Basic Average Shares": "-", "Diluted Average Shares": "-", "INTEREST_INCOME_AFTER_PROVISION_FOR_LOAN_LOSS": "573,327", "Net Income from Continuing & Discontinued Operation": "197,853", "Normalized Income": "197,853", "Reconciled Depreciation": "44,262", "Net Income from Continuing Operation Net Minority Interest": "197,853", "Total Unusual Items Excluding Goodwill": "0", "Total Unusual Items": "0", "Tax Rate for Calcs": "0", "Tax Effect of Unusual Items": "0"}, "12/31/2019": {"Duration": "12/31/2019", "Total Revenue": "899,989", "Credit Losses Provision": "-8,904", "Non Interest Expense": "483,293", "Special Income Charges": "-3,796", "Pretax Income": "403,996", "Tax Provision": "90,898", "Net Income Common Stockholders": "299,727", "Average Dilution Earnings": "-175", "Diluted NI Available to Com Stockholders": "299,552", "Basic EPS": "3.14", "Diluted EPS": "3.13", "Basic Average Shares": "95,454", "Diluted Average Shares": "95,657", "INTEREST_INCOME_AFTER_PROVISION_FOR_LOAN_LOSS": "743,881", "Net Income from Continuing & Discontinued Operation": "313,098", "Normalized Income": "316,040", "Reconciled Depreciation": "35,106", "Net Income from Continuing Operation Net Minority Interest": "313,098", "Total Unusual Items Excluding Goodwill": "-3,796", "Total Unusual Items": "-3,796", "Tax Rate for Calcs": "0", "Tax Effect of Unusual Items": "-854.1"}, "12/31/2018": {"Duration": "12/31/2018", "Total Revenue": "1,182,115", "Credit Losses Provision": "-25,925", "Non Interest Expense": "740,540", "Special Income Charges": "-", "Pretax Income": "415,650", "Tax Provision": "90,784", "Net Income Common Stockholders": "311,819", "Average Dilution Earnings": "-195", "Diluted NI Available to Com Stockholders": "311,624", "Basic EPS": "3.01", "Diluted EPS": "2.99", "Basic Average Shares": "103,745", "Diluted Average Shares": "104,077", "INTEREST_INCOME_AFTER_PROVISION_FOR_LOAN_LOSS": "1,024,168", "Net Income from Continuing & Discontinued Operation": "324,866", "Normalized Income": "315,833", "Reconciled Depreciation": "-22,281", "Net Income from Continuing Operation Net Minority Interest": "324,866", "Total Unusual Items Excluding Goodwill": "11,551", "Total Unusual Items": "11,551", "Tax Rate for Calcs": "0", "Tax Effect of Unusual Items": "2,518"}}, "bs": {"12/31/2020": {"Duration": "12/31/2020", "Total Assets": "35,010,493", "Total Liabilities Net Minority Interest": "32,027,481", "Total Equity Gross Minority Interest": "2,983,012", "Total Capitalization": "6,795,943", "Common Stock Equity": "2,983,012", "Capital Lease Obligations": "32,563", "Net Tangible Assets": "2,905,375", "Invested Capital": "6,795,943", "Tangible Book Value": "2,905,375", "Total Debt": "3,845,494", "Net Debt": "3,415,215", "Share Issued": "93,068", "Ordinary Shares Number": "93,068"}, "12/31/2019": {"Duration": "12/31/2019", "Total Assets": "32,871,293", "Total Liabilities Net Minority Interest": "29,890,514", "Total Equity Gross Minority Interest": "2,980,779", "Total Capitalization": "7,856,370", "Common Stock Equity": "2,980,779", "Capital Lease Obligations": "34,248", "Net Tangible Assets": "2,903,105", "Invested Capital": "7,856,370", "Tangible Book Value": "2,903,105", "Total Debt": "4,909,839", "Net Debt": "4,660,918", "Share Issued": "95,128", "Ordinary Shares Number": "95,128"}, "12/31/2018": {"Duration": "12/31/2018", "Total Assets": "32,164,326", "Total Liabilities Net Minority Interest": "29,240,493", "Total Equity Gross Minority Interest": "2,923,833", "Total Capitalization": "8,114,223", "Common Stock Equity": "2,923,833", "Capital Lease Obligations": "8,359", "Net Tangible Assets": "2,846,115", "Invested Capital": "8,114,223", "Tangible Book Value": "2,846,115", "Total Debt": "5,198,749", "Net Debt": "4,808,317", "Share Issued": "99,141", "Ordinary Shares Number": "99,141"}}, "cf": {"TTM": {"Duration": "TTM", "Operating Cash Flow": "864,168", "Investing Cash Flow": "-2,620,715", "Financing Cash Flow": "1,939,590", "End Cash Position": "397,716", "Income Tax Paid Supplemental Data": "8,637", "Interest Paid Supplemental Data": "336,991", "Capital Expenditure": "-19,597", "Issuance of Debt": "4,150,858", "Repayment of Debt": "-5,217,000", "Repurchase of Capital Stock": "-100,972", "Free Cash Flow": "844,571"}, "12/31/2020": {"Duration": "12/31/2020", "Operating Cash Flow": "864,168", "Investing Cash Flow": "-2,620,715", "Financing Cash Flow": "1,939,590", "End Cash Position": "397,716", "Income Tax Paid Supplemental Data": "8,637", "Interest Paid Supplemental Data": "336,991", "Capital Expenditure": "-19,597", "Issuance of Debt": "4,150,858", "Repayment of Debt": "-5,217,000", "Repurchase of Capital Stock": "-100,972", "Free Cash Flow": "844,571"}, "12/31/2019": {"Duration": "12/31/2019", "Operating Cash Flow": "635,706", "Investing Cash Flow": "-1,075,496", "Financing Cash Flow": "272,390", "End Cash Position": "214,673", "Income Tax Paid Supplemental Data": "229", "Interest Paid Supplemental Data": "518,856", "Capital Expenditure": "-63,786", "Issuance of Debt": "4,512,000", "Repayment of Debt": "-4,827,000", "Repurchase of Capital Stock": "-154,030", "Free Cash Flow": "571,920"}, "12/31/2018": {"Duration": "12/31/2018", "Operating Cash Flow": "824,252", "Investing Cash Flow": "-2,041,531", "Financing Cash Flow": "1,404,770", "End Cash Position": "382,073", "Income Tax Paid Supplemental Data": "-", "Interest Paid Supplemental Data": "387,801", "Capital Expenditure": "-190,500", "Issuance of Debt": "4,647,000", "Repayment of Debt": "-4,622,000", "Repurchase of Capital Stock": "-299,972", "Free Cash Flow": "633,752"}}}}, {"SBCF": {"quote": {"04/04/2021": {"value": "36.52", "Market Cap": "2.018B", "Beta (5Y Monthly)": "1.38", "PE Ratio (TTM)": "25.36", "EPS (TTM)": "1.44", "Earnings Date": "Apr 26, 2021 - Apr 30, 2021", "Forward Dividend & Yield": "N/A (N/A)", "Ex-Dividend Date": "Mar 13, 2009", "1y Target Est": "38.50"}}, "fin": {"TTM": {"Duration": "TTM", "Total Revenue": "324,313", "Credit Losses Provision": "-38,364", "Non Interest Expense": "185,367", "Special Income Charges": "-", "Pretax Income": "100,582", "Tax Provision": "22,818", "Net Income Common Stockholders": "77,764", "Diluted NI Available to Com Stockholders": "77,764", "Basic EPS": "-", "Diluted EPS": "-", "Basic Average Shares": "-", "Diluted Average Shares": "-", "INTEREST_INCOME_AFTER_PROVISION_FOR_LOAN_LOSS": "224,379", "Net Income from Continuing & Discontinued Operation": "77,764", "Normalized Income": "77,764", "Total Money Market Investments": "2,497", "Reconciled Depreciation": "10,382", "Net Income from Continuing Operation Net Minority Interest": "77,764", "Total Unusual Items Excluding Goodwill": "-", "Total Unusual Items": "-", "Tax Rate for Calcs": "0", "Tax Effect of Unusual Items": "0"}, "12/31/2020": {"Duration": "12/31/2020", "Total Revenue": "324,313", "Credit Losses Provision": "-38,364", "Non Interest Expense": "185,367", "Special Income Charges": "-", "Pretax Income": "100,582", "Tax Provision": "22,818", "Net Income Common Stockholders": "77,764", "Diluted NI Available to Com Stockholders": "77,764", "Basic EPS": "-", "Diluted EPS": "-", "Basic Average Shares": "-", "Diluted Average Shares": "-", "INTEREST_INCOME_AFTER_PROVISION_FOR_LOAN_LOSS": "224,379", "Net Income from Continuing & Discontinued Operation": "77,764", "Normalized Income": "77,764", "Total Money Market Investments": "2,497", "Reconciled Depreciation": "10,382", "Net Income from Continuing Operation Net Minority Interest": "77,764", "Total Unusual Items Excluding Goodwill": "-", "Total Unusual Items": "-", "Tax Rate for Calcs": "0", "Tax Effect of Unusual Items": "0"}, "12/31/2019": {"Duration": "12/31/2019", "Total Revenue": "300,350", "Credit Losses Provision": "-10,999", "Non Interest Expense": "160,739", "Special Income Charges": "-", "Pretax Income": "128,612", "Tax Provision": "29,873", "Net Income Common Stockholders": "98,739", "Diluted NI Available to Com Stockholders": "98,739", "Basic EPS": "1.92", "Diluted EPS": "1.90", "Basic Average Shares": "51,449", "Diluted Average Shares": "52,029", "INTEREST_INCOME_AFTER_PROVISION_FOR_LOAN_LOSS": "232,619", "Net Income from Continuing & Discontinued Operation": "98,739", "Normalized Income": "98,739", "Total Money Market Investments": "3,379", "Reconciled Depreciation": "10,538", "Net Income from Continuing Operation Net Minority Interest": "98,739", "Total Unusual Items Excluding Goodwill": "-", "Total Unusual Items": "-", "Tax Rate for Calcs": "0", "Tax Effect of Unusual Items": "0"}, "12/31/2018": {"Duration": "12/31/2018", "Total Revenue": "261,537", "Credit Losses Provision": "-11,730", "Non Interest Expense": "162,273", "Special Income Charges": "0", "Pretax Income": "87,534", "Tax Provision": "20,259", "Net Income Common Stockholders": "67,275", "Diluted NI Available to Com Stockholders": "67,275", "Basic EPS": "1.40", "Diluted EPS": "1.38", "Basic Average Shares": "47,969", "Diluted Average Shares": "48,748", "INTEREST_INCOME_AFTER_PROVISION_FOR_LOAN_LOSS": "199,785", "Net Income from Continuing & Discontinued Operation": "67,275", "Normalized Income": "67,275", "Total Money Market Investments": "2,670", "Reconciled Depreciation": "6,353", "Net Income from Continuing Operation Net Minority Interest": "67,275", "Total Unusual Items Excluding Goodwill": "0", "Total Unusual Items": "0", "Tax Rate for Calcs": "0", "Tax Effect of Unusual Items": "0"}}, "bs": {"12/31/2020": {"Duration": "12/31/2020", "Total Assets": "8,342,392", "Total Liabilities Net Minority Interest": "7,211,990", "Total Equity Gross Minority Interest": "1,130,402", "Total Capitalization": "1,201,767", "Common Stock Equity": "1,130,402", "Net Tangible Assets": "892,481", "Invested Capital": "1,201,767", "Tangible Book Value": "892,481", "Total Debt": "71,365", "Net Debt": "-", "Share Issued": "55,243", "Ordinary Shares Number": "55,243", "Treasury Shares Number": "341.753"}, "12/31/2019": {"Duration": "12/31/2019", "Total Assets": "7,108,511", "Total Liabilities Net Minority Interest": "6,122,872", "Total Equity Gross Minority Interest": "985,639", "Total Capitalization": "1,371,724", "Common Stock Equity": "985,639", "Net Tangible Assets": "760,287", "Invested Capital": "1,371,724", "Tangible Book Value": "760,287", "Total Debt": "386,085", "Net Debt": "257,812", "Share Issued": "51,761", "Ordinary Shares Number": "51,514", "Treasury Shares Number": "246.884"}, "12/31/2018": {"Duration": "12/31/2018", "Total Assets": "6,747,659", "Total Liabilities Net Minority Interest": "5,883,392", "Total Equity Gross Minority Interest": "864,267", "Total Capitalization": "1,315,071", "Common Stock Equity": "864,267", "Net Tangible Assets": "633,537", "Invested Capital": "1,315,071", "Tangible Book Value": "633,537", "Total Debt": "450,804", "Net Debt": "326,610", "Share Issued": "51,515", "Ordinary Shares Number": "51,361", "Treasury Shares Number": "153.655"}}, "cf": {"TTM": {"Duration": "TTM", "Operating Cash Flow": "60,652", "Investing Cash Flow": "-342,502", "Financing Cash Flow": "561,407", "End Cash Position": "404,088", "Income Tax Paid Supplemental Data": "27,712", "Interest Paid Supplemental Data": "23,548", "Capital Expenditure": "-1,587", "Issuance of Capital Stock": "-", "Issuance of Debt": "35,000", "Repayment of Debt": "-350,000", "Free Cash Flow": "59,065"}, "12/31/2020": {"Duration": "12/31/2020", "Operating Cash Flow": "60,652", "Investing Cash Flow": "-342,502", "Financing Cash Flow": "561,407", "End Cash Position": "404,088", "Income Tax Paid Supplemental Data": "27,712", "Interest Paid Supplemental Data": "23,548", "Capital Expenditure": "-1,587", "Issuance of Capital Stock": "-", "Issuance of Debt": "35,000", "Repayment of Debt": "-350,000", "Free Cash Flow": "59,065"}, "12/31/2019": {"Duration": "12/31/2019", "Operating Cash Flow": "117,745", "Investing Cash Flow": "-321,341", "Financing Cash Flow": "212,176", "End Cash Position": "124,531", "Income Tax Paid Supplemental Data": "16,000", "Interest Paid Supplemental Data": "46,130", "Capital Expenditure": "-2,523", "Issuance of Capital Stock": "0", "Issuance of Debt": "-2,000", "Repayment of Debt": "-63,000", "Free Cash Flow": "115,222"}, "12/31/2018": {"Duration": "12/31/2018", "Operating Cash Flow": "129,608", "Investing Cash Flow": "-174,600", "Financing Cash Flow": "51,439", "End Cash Position": "115,951", "Income Tax Paid Supplemental Data": "13,200", "Interest Paid Supplemental Data": "28,301", "Capital Expenditure": "-4,019", "Issuance of Capital Stock": "0", "Issuance of Debt": "92,000", "Repayment of Debt": "0", "Free Cash Flow": "125,589"}}}}, {"FCNCA": {"quote": {"04/04/2021": {"value": "835.70", "Market Cap": "8.148B", "Beta (5Y Monthly)": "1.19", "PE Ratio (TTM)": "17.59", "EPS (TTM)": "47.50", "Earnings Date": "Apr 26, 2021 - Apr 30, 2021", "Forward Dividend & Yield": "1.88 (0.22%)", "Ex-Dividend Date": "Mar 12, 2021", "1y Target Est": "875.00"}}, "fin": {"TTM": {"Duration": "TTM", "Total Revenue": "1,864,919", "Credit Losses Provision": "-58,352", "Non Interest Expense": "1,171,235", "Special Income Charges": "-17,450", "Pretax Income": "617,882", "Tax Provision": "126,159", "Net Income Common Stockholders": "477,661", "Diluted NI Available to Com Stockholders": "477,661", "Basic EPS": "-", "Diluted EPS": "-", "Basic Average Shares": "-", "Diluted Average Shares": "-", "INTEREST_INCOME_AFTER_PROVISION_FOR_LOAN_LOSS": "1,329,817", "Net Income from Continuing & Discontinued Operation": "491,723", "Normalized Income": "505,613", "Reconciled Depreciation": "141,442", "Net Income from Continuing Operation Net Minority Interest": "491,723", "Total Unusual Items Excluding Goodwill": "-17,450", "Total Unusual Items": "-17,450", "Tax Rate for Calcs": "0", "Tax Effect of Unusual Items": "-3,560"}, "12/31/2020": {"Duration": "12/31/2020", "Total Revenue": "1,864,919", "Credit Losses Provision": "-58,352", "Non Interest Expense": "1,171,235", "Special Income Charges": "-17,450", "Pretax Income": "617,882", "Tax Provision": "126,159", "Net Income Common Stockholders": "477,661", "Diluted NI Available to Com Stockholders": "477,661", "Basic EPS": "-", "Diluted EPS": "-", "Basic Average Shares": "-", "Diluted Average Shares": "-", "INTEREST_INCOME_AFTER_PROVISION_FOR_LOAN_LOSS": "1,329,817", "Net Income from Continuing & Discontinued Operation": "491,723", "Normalized Income": "505,613", "Reconciled Depreciation": "141,442", "Net Income from Continuing Operation Net Minority Interest": "491,723", "Total Unusual Items Excluding Goodwill": "-17,450", "Total Unusual Items": "-17,450", "Tax Rate for Calcs": "0", "Tax Effect of Unusual Items": "-3,560"}, "12/31/2019": {"Duration": "12/31/2019", "Total Revenue": "1,727,230", "Credit Losses Provision": "-31,441", "Non Interest Expense": "1,086,575", "Special Income Charges": "-17,166", "Pretax Income": "592,048", "Tax Provision": "134,677", "Net Income Common Stockholders": "457,371", "Diluted NI Available to Com Stockholders": "457,371", "Basic EPS": "41.05", "Diluted EPS": "41.05", "Basic Average Shares": "11,141", "Diluted Average Shares": "11,141", "INTEREST_INCOME_AFTER_PROVISION_FOR_LOAN_LOSS": "1,279,928", "Net Income from Continuing & Discontinued Operation": "457,371", "Normalized Income": "470,640", "Reconciled Depreciation": "127,689", "Net Income from Continuing Operation Net Minority Interest": "457,371", "Total Unusual Items Excluding Goodwill": "-17,166", "Total Unusual Items": "-17,166", "Tax Rate for Calcs": "0", "Tax Effect of Unusual Items": "-3,897"}, "12/31/2018": {"Duration": "12/31/2018", "Total Revenue": "1,582,496", "Credit Losses Provision": "-28,468", "Non Interest Expense": "1,070,509", "Special Income Charges": "20,091", "Pretax Income": "503,610", "Tax Provision": "103,297", "Net Income Common Stockholders": "400,313", "Diluted NI Available to Com Stockholders": "400,313", "Basic EPS": "33.53", "Diluted EPS": "33.53", "Basic Average Shares": "11,938", "Diluted Average Shares": "11,938", "INTEREST_INCOME_AFTER_PROVISION_FOR_LOAN_LOSS": "1,180,432", "Net Income from Continuing & Discontinued Operation": "400,313", "Normalized Income": "384,341", "Reconciled Depreciation": "120,429", "Net Income from Continuing Operation Net Minority Interest": "400,313", "Total Unusual Items Excluding Goodwill": "20,091", "Total Unusual Items": "20,091", "Tax Rate for Calcs": "0", "Tax Effect of Unusual Items": "4,119"}}, "bs": {"12/31/2020": {"Duration": "12/31/2020", "Total Assets": "49,957,680", "Total Liabilities Net Minority Interest": "45,728,412", "Total Equity Gross Minority Interest": "4,229,268", "Total Capitalization": "5,477,431", "Preferred Stock Equity": "339,937", "Common Stock Equity": "3,889,331", "Capital Lease Obligations": "-", "Net Tangible Assets": "3,828,195", "Invested Capital": "5,137,494", "Tangible Book Value": "3,488,258", "Total Debt": "1,248,163", "Net Debt": "886,115", "Share Issued": "18,000", "Ordinary Shares Number": "9,816", "Preferred Shares Number": "345", "Treasury Shares Number": "8,184"}, "12/31/2019": {"Duration": "12/31/2019", "Total Assets": "39,824,496", "Total Liabilities Net Minority Interest": "36,238,312", "Total Equity Gross Minority Interest": "3,586,184", "Total Capitalization": "4,470,099", "Preferred Stock Equity": "-", "Common Stock Equity": "3,586,184", "Capital Lease Obligations": "-", "Net Tangible Assets": "3,168,510", "Invested Capital": "4,470,099", "Tangible Book Value": "3,168,510", "Total Debt": "883,915", "Net Debt": "507,196", "Share Issued": "10,629", "Ordinary Shares Number": "10,629", "Preferred Shares Number": "-", "Treasury Shares Number": "-"}, "12/31/2018": {"Duration": "12/31/2018", "Total Assets": "35,408,629", "Total Liabilities Net Minority Interest": "31,919,675", "Total Equity Gross Minority Interest": "3,488,954", "Total Capitalization": "3,795,661", "Preferred Stock Equity": "-", "Common Stock Equity": "3,488,954", "Capital Lease Obligations": "13,160", "Net Tangible Assets": "3,180,309", "Invested Capital": "3,824,012", "Tangible Book Value": "3,180,309", "Total Debt": "348,218", "Net Debt": "7,618", "Share Issued": "11,628", "Ordinary Shares Number": "11,628", "Preferred Shares Number": "-", "Treasury Shares Number": "-"}}, "cf": {"TTM": {"Duration": "TTM", "Operating Cash Flow": "340,015", "Investing Cash Flow": "-9,871,758", "Financing Cash Flow": "9,517,072", "End Cash Position": "362,048", "Income Tax Paid Supplemental Data": "116,583", "Interest Paid Supplemental Data": "104,567", "Capital Expenditure": "-133,384", "Issuance of Capital Stock": "339,937", "Issuance of Debt": "745,849", "Repayment of Debt": "-183,483", "Repurchase of Capital Stock": "-333,755", "Free Cash Flow": "206,631"}, "12/31/2020": {"Duration": "12/31/2020", "Operating Cash Flow": "340,015", "Investing Cash Flow": "-9,871,758", "Financing Cash Flow": "9,517,072", "End Cash Position": "362,048", "Income Tax Paid Supplemental Data": "116,583", "Interest Paid Supplemental Data": "104,567", "Capital Expenditure": "-133,384", "Issuance of Capital Stock": "339,937", "Issuance of Debt": "745,849", "Repayment of Debt": "-183,483", "Repurchase of Capital Stock": "-333,755", "Free Cash Flow": "206,631"}, "12/31/2019": {"Duration": "12/31/2019", "Operating Cash Flow": "540,569", "Investing Cash Flow": "-1,558,469", "Financing Cash Flow": "1,067,179", "End Cash Position": "376,719", "Income Tax Paid Supplemental Data": "83,038", "Interest Paid Supplemental Data": "78,230", "Capital Expenditure": "-121,077", "Issuance of Capital Stock": "-", "Issuance of Debt": "200,000", "Repayment of Debt": "-73,284", "Repurchase of Capital Stock": "-453,123", "Free Cash Flow": "419,492"}, "12/31/2018": {"Duration": "12/31/2018", "Operating Cash Flow": "765,800", "Investing Cash Flow": "-210,891", "Financing Cash Flow": "-563,619", "End Cash Position": "327,440", "Income Tax Paid Supplemental Data": "73,806", "Interest Paid Supplemental Data": "37,097", "Capital Expenditure": "-140,444", "Issuance of Capital Stock": "-", "Issuance of Debt": "125,000", "Repayment of Debt": "-752,447", "Repurchase of Capital Stock": "-163,095", "Free Cash Flow": "625,356"}}}}, {"BMTC": {"quote": {"04/04/2021": {"value": "46.11", "Market Cap": "918.995M", "Beta (5Y Monthly)": "0.90", "PE Ratio (TTM)": "28.29", "EPS (TTM)": "1.63", "Earnings Date": "Apr 19, 2021 - Apr 23, 2021", "Forward Dividend & Yield": "1.08 (2.34%)", "Ex-Dividend Date": "Jan 29, 2021", "1y Target Est": "43.40"}}, "fin": {"TTM": {"Duration": "TTM", "Total Revenue": "223,461", "Credit Losses Provision": "-41,677", "Non Interest Expense": "141,122", "Special Income Charges": "692", "Pretax Income": "41,354", "Tax Provision": "8,856", "Net Income Common Stockholders": "32,573", "Diluted NI Available to Com Stockholders": "32,573", "Basic EPS": "-", "Diluted EPS": "-", "Basic Average Shares": "-", "Diluted Average Shares": "-", "Rent Expense Supplemental": "-", "INTEREST_INCOME_AFTER_PROVISION_FOR_LOAN_LOSS": "102,110", "Net Income from Continuing & Discontinued Operation": "32,573", "Normalized Income": "31,913", "Reconciled Depreciation": "3,567", "Net Income from Continuing Operation Net Minority Interest": "32,573", "Total Unusual Items Excluding Goodwill": "840", "Total Unusual Items": "840", "Tax Rate for Calcs": "0", "Tax Effect of Unusual Items": "179.928"}, "12/31/2020": {"Duration": "12/31/2020", "Total Revenue": "222,454", "Credit Losses Provision": "-41,677", "Non Interest Expense": "140,115", "Special Income Charges": "692", "Pretax Income": "41,354", "Tax Provision": "8,856", "Net Income Common Stockholders": "32,573", "Diluted NI Available to Com Stockholders": "32,573", "Basic EPS": "-", "Diluted EPS": "-", "Basic Average Shares": "-", "Diluted Average Shares": "-", "Rent Expense Supplemental": "-", "INTEREST_INCOME_AFTER_PROVISION_FOR_LOAN_LOSS": "102,105", "Net Income from Continuing & Discontinued Operation": "32,573", "Normalized Income": "31,913", "Reconciled Depreciation": "13,196", "Net Income from Continuing Operation Net Minority Interest": "32,573", "Total Unusual Items Excluding Goodwill": "840", "Total Unusual Items": "840", "Tax Rate for Calcs": "0", "Tax Effect of Unusual Items": "179.76"}, "12/31/2019": {"Duration": "12/31/2019", "Total Revenue": "229,009", "Credit Losses Provision": "-8,507", "Non Interest Expense": "145,699", "Special Income Charges": "0", "Pretax Income": "74,803", "Tax Provision": "15,607", "Net Income Common Stockholders": "59,206", "Diluted NI Available to Com Stockholders": "59,206", "Basic EPS": "2.94", "Diluted EPS": "2.93", "Basic Average Shares": "20,142", "Diluted Average Shares": "20,233", "Rent Expense Supplemental": "-", "INTEREST_INCOME_AFTER_PROVISION_FOR_LOAN_LOSS": "139,128", "Net Income from Continuing & Discontinued Operation": "59,206", "Normalized Income": "59,272", "Reconciled Depreciation": "15,846", "Net Income from Continuing Operation Net Minority Interest": "59,206", "Total Unusual Items Excluding Goodwill": "-84", "Total Unusual Items": "-84", "Tax Rate for Calcs": "0", "Tax Effect of Unusual Items": "-17.556"}, "12/31/2018": {"Duration": "12/31/2018", "Total Revenue": "224,385", "Credit Losses Provision": "-7,193", "Non Interest Expense": "131,385", "Special Income Charges": "-7,850", "Pretax Income": "77,957", "Tax Provision": "14,165", "Net Income Common Stockholders": "63,792", "Diluted NI Available to Com Stockholders": "63,792", "Basic EPS": "3.15", "Diluted EPS": "3.13", "Basic Average Shares": "20,235", "Diluted Average Shares": "20,390", "Rent Expense Supplemental": "-", "INTEREST_INCOME_AFTER_PROVISION_FOR_LOAN_LOSS": "142,272", "Net Income from Continuing & Discontinued Operation": "63,792", "Normalized Income": "69,972", "Reconciled Depreciation": "11,096", "Net Income from Continuing Operation Net Minority Interest": "63,792", "Total Unusual Items Excluding Goodwill": "-7,555", "Total Unusual Items": "-7,555", "Tax Rate for Calcs": "0", "Tax Effect of Unusual Items": "-1,375"}}, "bs": {"12/31/2020": {"Duration": "12/31/2020", "Total Assets": "5,432,022", "Total Liabilities Net Minority Interest": "4,809,700", "Total Equity Gross Minority Interest": "622,322", "Total Capitalization": "783,816", "Common Stock Equity": "623,092", "Capital Lease Obligations": "40,284", "Net Tangible Assets": "420,890", "Invested Capital": "817,141", "Tangible Book Value": "420,890", "Total Debt": "234,333", "Net Debt": "97,736", "Share Issued": "24,714", "Ordinary Shares Number": "19,960", "Treasury Shares Number": "4,754"}, "12/31/2019": {"Duration": "12/31/2019", "Total Assets": "5,263,259", "Total Liabilities Net Minority Interest": "4,651,032", "Total Equity Gross Minority Interest": "612,227", "Total Capitalization": "785,649", "Common Stock Equity": "612,922", "Capital Lease Obligations": "45,258", "Net Tangible Assets": "405,329", "Invested Capital": "1,268,049", "Tangible Book Value": "405,329", "Total Debt": "700,385", "Net Debt": "601,196", "Share Issued": "24,650", "Ordinary Shares Number": "20,126", "Treasury Shares Number": "4,524"}, "12/31/2018": {"Duration": "12/31/2018", "Total Assets": "4,652,485", "Total Liabilities Net Minority Interest": "4,087,781", "Total Equity Gross Minority Interest": "564,704", "Total Capitalization": "740,869", "Common Stock Equity": "565,389", "Capital Lease Obligations": "-", "Net Tangible Assets": "352,875", "Invested Capital": "970,519", "Tangible Book Value": "352,875", "Total Debt": "405,130", "Net Debt": "356,674", "Share Issued": "24,545", "Ordinary Shares Number": "20,164", "Treasury Shares Number": "4,382"}}, "cf": {"TTM": {"Duration": "TTM", "Operating Cash Flow": "71,276", "Investing Cash Flow": "-99,853", "Financing Cash Flow": "70,959", "End Cash Position": "96,313", "Income Tax Paid Supplemental Data": "12,203", "Interest Paid Supplemental Data": "23,865", "Capital Expenditure": "-1,348", "Issuance of Capital Stock": "-", "Repurchase of Capital Stock": "-7,249", "Free Cash Flow": "69,928"}, "12/31/2020": {"Duration": "12/31/2020", "Operating Cash Flow": "71,276", "Investing Cash Flow": "-99,853", "Financing Cash Flow": "70,959", "End Cash Position": "96,313", "Income Tax Paid Supplemental Data": "12,203", "Interest Paid Supplemental Data": "23,865", "Capital Expenditure": "-1,348", "Issuance of Capital Stock": "-", "Repurchase of Capital Stock": "-7,249", "Free Cash Flow": "69,928"}, "12/31/2019": {"Duration": "12/31/2019", "Operating Cash Flow": "93,381", "Investing Cash Flow": "-543,380", "Financing Cash Flow": "455,474", "End Cash Position": "53,931", "Income Tax Paid Supplemental Data": "12,716", "Interest Paid Supplemental Data": "46,152", "Capital Expenditure": "-7,205", "Issuance of Capital Stock": "-", "Repurchase of Capital Stock": "-4,524", "Free Cash Flow": "86,176"}, "12/31/2018": {"Duration": "12/31/2018", "Operating Cash Flow": "79,235", "Investing Cash Flow": "-220,218", "Financing Cash Flow": "129,415", "End Cash Position": "48,456", "Income Tax Paid Supplemental Data": "3,449", "Interest Paid Supplemental Data": "28,453", "Capital Expenditure": "-19,792", "Issuance of Capital Stock": "-", "Repurchase of Capital Stock": "-5,936", "Free Cash Flow": "59,443"}}}}, {"EGBN": {"quote": {"04/04/2021": {"value": "54.12", "Market Cap": "1.72B", "Beta (5Y Monthly)": "1.16", "PE Ratio (TTM)": "13.24", "EPS (TTM)": "4.09", "Earnings Date": "Apr 20, 2021 - Apr 26, 2021", "Forward Dividend & Yield": "1.00 (1.65%)", "Ex-Dividend Date": "Apr 20, 2021", "1y Target Est": "50.38"}}, "fin": {"TTM": {"Duration": "TTM", "Total Revenue": "367,258", "Credit Losses Provision": "-46,951", "Non Interest Expense": "144,162", "Special Income Charges": "-", "Pretax Income": "176,145", "Tax Provision": "43,928", "Net Income Common Stockholders": "132,217", "Diluted NI Available to Com Stockholders": "132,217", "Basic EPS": "-", "Diluted EPS": "-", "Basic Average Shares": "-", "Diluted Average Shares": "-", "INTEREST_INCOME_AFTER_PROVISION_FOR_LOAN_LOSS": "274,611", "Net Income from Continuing & Discontinued Operation": "132,217", "Normalized Income": "132,217", "Total Money Market Investments": "2,692", "Reconciled Depreciation": "4,696", "Net Income from Continuing Operation Net Minority Interest": "132,217", "Total Unusual Items Excluding Goodwill": "-", "Total Unusual Items": "-", "Tax Rate for Calcs": "0", "Tax Effect of Unusual Items": "0"}, "12/31/2020": {"Duration": "12/31/2020", "Total Revenue": "367,258", "Credit Losses Provision": "-46,951", "Non Interest Expense": "144,162", "Special Income Charges": "-", "Pretax Income": "176,145", "Tax Provision": "43,928", "Net Income Common Stockholders": "132,217", "Diluted NI Available to Com Stockholders": "132,217", "Basic EPS": "-", "Diluted EPS": "-", "Basic Average Shares": "-", "Diluted Average Shares": "-", "INTEREST_INCOME_AFTER_PROVISION_FOR_LOAN_LOSS": "274,611", "Net Income from Continuing & Discontinued Operation": "132,217", "Normalized Income": "132,217", "Total Money Market Investments": "2,692", "Reconciled Depreciation": "4,696", "Net Income from Continuing Operation Net Minority Interest": "132,217", "Total Unusual Items Excluding Goodwill": "-", "Total Unusual Items": "-", "Tax Rate for Calcs": "0", "Tax Effect of Unusual Items": "0"}, "12/31/2019": {"Duration": "12/31/2019", "Total Revenue": "349,744", "Credit Losses Provision": "-13,091", "Non Interest Expense": "139,862", "Special Income Charges": "-", "Pretax Income": "196,791", "Tax Provision": "53,848", "Net Income Common Stockholders": "142,943", "Diluted NI Available to Com Stockholders": "142,943", "Basic EPS": "4.18", "Diluted EPS": "4.18", "Basic Average Shares": "34,179", "Diluted Average Shares": "34,211", "INTEREST_INCOME_AFTER_PROVISION_FOR_LOAN_LOSS": "310,954", "Net Income from Continuing & Discontinued Operation": "142,943", "Normalized Income": "142,943", "Total Money Market Investments": "7,670", "Reconciled Depreciation": "6,174", "Net Income from Continuing Operation Net Minority Interest": "142,943", "Total Unusual Items Excluding Goodwill": "-", "Total Unusual Items": "-", "Tax Rate for Calcs": "0", "Tax Effect of Unusual Items": "0"}, "12/31/2018": {"Duration": "12/31/2018", "Total Revenue": "339,579", "Credit Losses Provision": "-8,660", "Non Interest Expense": "126,711", "Special Income Charges": "-", "Pretax Income": "204,208", "Tax Provision": "51,932", "Net Income Common Stockholders": "152,276", "Diluted NI Available to Com Stockholders": "152,276", "Basic EPS": "4.44", "Diluted EPS": "4.42", "Basic Average Shares": "34,306", "Diluted Average Shares": "34,443", "INTEREST_INCOME_AFTER_PROVISION_FOR_LOAN_LOSS": "308,333", "Net Income from Continuing & Discontinued Operation": "152,276", "Normalized Income": "152,276", "Total Money Market Investments": "6,773", "Reconciled Depreciation": "6,969", "Net Income from Continuing Operation Net Minority Interest": "152,276", "Total Unusual Items Excluding Goodwill": "-", "Total Unusual Items": "-", "Tax Rate for Calcs": "0", "Tax Effect of Unusual Items": "0"}}, "bs": {"12/31/2020": {"Duration": "12/31/2020", "Total Assets": "11,117,802", "Total Liabilities Net Minority Interest": "9,876,910", "Total Equity Gross Minority Interest": "1,240,892", "Total Capitalization": "1,508,969", "Common Stock Equity": "1,240,892", "Capital Lease Obligations": "28,022", "Net Tangible Assets": "1,135,778", "Invested Capital": "1,808,969", "Tangible Book Value": "1,135,778", "Total Debt": "596,099", "Net Debt": "-", "Share Issued": "31,780", "Ordinary Shares Number": "31,780"}, "12/31/2019": {"Duration": "12/31/2019", "Total Assets": "8,988,719", "Total Liabilities Net Minority Interest": "7,798,038", "Total Equity Gross Minority Interest": "1,190,681", "Total Capitalization": "1,408,368", "Common Stock Equity": "1,190,681", "Capital Lease Obligations": "29,959", "Net Tangible Assets": "1,085,942", "Invested Capital": "1,658,368", "Tangible Book Value": "1,085,942", "Total Debt": "497,646", "Net Debt": "264,701", "Share Issued": "33,241", "Ordinary Shares Number": "33,241"}, "12/31/2018": {"Duration": "12/31/2018", "Total Assets": "8,389,137", "Total Liabilities Net Minority Interest": "7,280,196", "Total Equity Gross Minority Interest": "1,108,941", "Total Capitalization": "1,326,237", "Common Stock Equity": "1,108,941", "Capital Lease Obligations": "-", "Net Tangible Assets": "1,003,175", "Invested Capital": "1,326,237", "Tangible Book Value": "1,003,175", "Total Debt": "217,296", "Net Debt": "-", "Share Issued": "34,388", "Ordinary Shares Number": "34,388"}}, "cf": {"TTM": {"Duration": "TTM", "Operating Cash Flow": "133,139", "Investing Cash Flow": "-557,676", "Financing Cash Flow": "1,971,619", "End Cash Position": "1,789,055", "Income Tax Paid Supplemental Data": "37,400", "Interest Paid Supplemental Data": "70,183", "Capital Expenditure": "-2,945", "Issuance of Capital Stock": "-", "Issuance of Debt": "50,000", "Repurchase of Capital Stock": "-61,432", "Free Cash Flow": "130,194"}, "12/31/2020": {"Duration": "12/31/2020", "Operating Cash Flow": "133,139", "Investing Cash Flow": "-557,676", "Financing Cash Flow": "1,971,619", "End Cash Position": "1,789,055", "Income Tax Paid Supplemental Data": "37,400", "Interest Paid Supplemental Data": "70,183", "Capital Expenditure": "-2,945", "Issuance of Capital Stock": "-", "Issuance of Debt": "50,000", "Repurchase of Capital Stock": "-61,432", "Free Cash Flow": "130,194"}, "12/31/2019": {"Duration": "12/31/2019", "Operating Cash Flow": "132,684", "Investing Cash Flow": "-637,127", "Financing Cash Flow": "424,552", "End Cash Position": "241,973", "Income Tax Paid Supplemental Data": "54,650", "Interest Paid Supplemental Data": "105,985", "Capital Expenditure": "-2,839", "Issuance of Capital Stock": "-", "Issuance of Debt": "-", "Repurchase of Capital Stock": "-54,903", "Free Cash Flow": "129,845"}, "12/31/2018": {"Duration": "12/31/2018", "Operating Cash Flow": "165,455", "Investing Cash Flow": "-784,801", "Financing Cash Flow": "750,737", "End Cash Position": "321,864", "Income Tax Paid Supplemental Data": "55,200", "Interest Paid Supplemental Data": "73,806", "Capital Expenditure": "-1,482", "Issuance of Capital Stock": "-", "Issuance of Debt": "-", "Repurchase of Capital Stock": "-", "Free Cash Flow": "163,973"}}}}, {"UCBI": {"quote": {"04/04/2021": {"value": "34.23", "Market Cap": "2.97B", "Beta (5Y Monthly)": "1.32", "PE Ratio (TTM)": "17.92", "EPS (TTM)": "1.91", "Earnings Date": "Apr 20, 2021", "Forward Dividend & Yield": "0.76 (2.22%)", "Ex-Dividend Date": "Mar 12, 2021", "1y Target Est": "36.69"}}, "fin": {"TTM": {"Duration": "TTM", "Total Revenue": "639,362", "Credit Losses Provision": "-80,434", "Non Interest Expense": "342,465", "Special Income Charges": "-7,018", "Pretax Income": "209,445", "Tax Provision": "45,356", "Net Income Common Stockholders": "159,269", "Diluted NI Available to Com Stockholders": "159,269", "Basic EPS": "-", "Diluted EPS": "-", "Basic Average Shares": "-", "Diluted Average Shares": "-", "INTEREST_INCOME_AFTER_PROVISION_FOR_LOAN_LOSS": "421,325", "Net Income from Continuing & Discontinued Operation": "164,089", "Normalized Income": "169,587", "Total Money Market Investments": "1,710", "Reconciled Depreciation": "-8,586", "Net Income from Continuing Operation Net Minority Interest": "164,089", "Total Unusual Items Excluding Goodwill": "-7,018", "Total Unusual Items": "-7,018", "Tax Rate for Calcs": "0", "Tax Effect of Unusual Items": "-1,520"}, "12/31/2020": {"Duration": "12/31/2020", "Total Revenue": "639,362", "Credit Losses Provision": "-80,434", "Non Interest Expense": "342,465", "Special Income Charges": "-7,018", "Pretax Income": "209,445", "Tax Provision": "45,356", "Net Income Common Stockholders": "159,269", "Diluted NI Available to Com Stockholders": "159,269", "Basic EPS": "-", "Diluted EPS": "-", "Basic Average Shares": "-", "Diluted Average Shares": "-", "INTEREST_INCOME_AFTER_PROVISION_FOR_LOAN_LOSS": "421,325", "Net Income from Continuing & Discontinued Operation": "164,089", "Normalized Income": "169,587", "Total Money Market Investments": "1,710", "Reconciled Depreciation": "-8,586", "Net Income from Continuing Operation Net Minority Interest": "164,089", "Total Unusual Items Excluding Goodwill": "-7,018", "Total Unusual Items": "-7,018", "Tax Rate for Calcs": "0", "Tax Effect of Unusual Items": "-1,520"}, "12/31/2019": {"Duration": "12/31/2019", "Total Revenue": "557,671", "Credit Losses Provision": "-13,150", "Non Interest Expense": "298,902", "Special Income Charges": "-6,907", "Pretax Income": "238,712", "Tax Provision": "52,991", "Net Income Common Stockholders": "184,346", "Diluted NI Available to Com Stockholders": "184,346", "Basic EPS": "2.31", "Diluted EPS": "2.31", "Basic Average Shares": "79,700", "Diluted Average Shares": "79,708", "INTEREST_INCOME_AFTER_PROVISION_FOR_LOAN_LOSS": "456,244", "Net Income from Continuing & Discontinued Operation": "185,721", "Normalized Income": "191,095", "Total Money Market Investments": "2,183", "Reconciled Depreciation": "23,952", "Net Income from Continuing Operation Net Minority Interest": "185,721", "Total Unusual Items Excluding Goodwill": "-6,907", "Total Unusual Items": "-6,907", "Tax Rate for Calcs": "0", "Tax Effect of Unusual Items": "-1,533"}, "12/31/2018": {"Duration": "12/31/2018", "Total Revenue": "531,711", "Credit Losses Provision": "-9,500", "Non Interest Expense": "300,871", "Special Income Charges": "-5,414", "Pretax Income": "215,926", "Tax Provision": "49,815", "Net Income Common Stockholders": "164,927", "Diluted NI Available to Com Stockholders": "164,927", "Basic EPS": "2.07", "Diluted EPS": "2.07", "Basic Average Shares": "79,662", "Diluted Average Shares": "79,671", "INTEREST_INCOME_AFTER_PROVISION_FOR_LOAN_LOSS": "429,250", "Net Income from Continuing & Discontinued Operation": "166,111", "Normalized Income": "170,274", "Total Money Market Investments": "2,012", "Reconciled Depreciation": "30,971", "Net Income from Continuing Operation Net Minority Interest": "166,111", "Total Unusual Items Excluding Goodwill": "-5,414", "Total Unusual Items": "-5,414", "Tax Rate for Calcs": "0", "Tax Effect of Unusual Items": "-1,251"}}, "bs": {"12/31/2020": {"Duration": "12/31/2020", "Total Assets": "17,794,374", "Total Liabilities Net Minority Interest": "15,786,844", "Total Equity Gross Minority Interest": "2,007,530", "Total Capitalization": "2,334,486", "Preferred Stock Equity": "96,422", "Common Stock Equity": "1,911,108", "Net Tangible Assets": "1,625,707", "Invested Capital": "2,238,064", "Tangible Book Value": "1,529,285", "Total Debt": "326,956", "Net Debt": "-", "Share Issued": "86,675", "Ordinary Shares Number": "86,675", "Preferred Shares Number": "4,000"}, "12/31/2019": {"Duration": "12/31/2019", "Total Assets": "12,916,016", "Total Liabilities Net Minority Interest": "11,280,324", "Total Equity Gross Minority Interest": "1,635,692", "Total Capitalization": "1,848,356", "Preferred Stock Equity": "-", "Common Stock Equity": "1,635,692", "Net Tangible Assets": "1,293,445", "Invested Capital": "1,848,356", "Tangible Book Value": "1,293,445", "Total Debt": "212,664", "Net Debt": "-", "Share Issued": "79,014", "Ordinary Shares Number": "79,014", "Preferred Shares Number": "-"}, "12/31/2018": {"Duration": "12/31/2018", "Total Assets": "12,573,192", "Total Liabilities Net Minority Interest": "11,115,638", "Total Equity Gross Minority Interest": "1,457,554", "Total Capitalization": "1,724,743", "Preferred Stock Equity": "-", "Common Stock Equity": "1,457,554", "Net Tangible Assets": "1,133,482", "Invested Capital": "1,884,743", "Tangible Book Value": "1,133,482", "Total Debt": "427,189", "Net Debt": "99,924", "Share Issued": "79,234", "Ordinary Shares Number": "79,234", "Preferred Shares Number": "-"}}, "cf": {"TTM": {"Duration": "TTM", "Operating Cash Flow": "158,681", "Investing Cash Flow": "-1,580,563", "Financing Cash Flow": "2,515,295", "End Cash Position": "1,608,619", "Income Tax Paid Supplemental Data": "36,536", "Interest Paid Supplemental Data": "59,967", "Capital Expenditure": "-18,462", "Issuance of Capital Stock": "96,422", "Issuance of Debt": "103,552", "Repayment of Debt": "-134,121", "Repurchase of Capital Stock": "-20,782", "Free Cash Flow": "140,219"}, "12/31/2020": {"Duration": "12/31/2020", "Operating Cash Flow": "158,681", "Investing Cash Flow": "-1,580,563", "Financing Cash Flow": "2,515,295", "End Cash Position": "1,608,619", "Income Tax Paid Supplemental Data": "36,536", "Interest Paid Supplemental Data": "59,967", "Capital Expenditure": "-18,462", "Issuance of Capital Stock": "96,422", "Issuance of Debt": "103,552", "Repayment of Debt": "-134,121", "Repurchase of Capital Stock": "-20,782", "Free Cash Flow": "140,219"}, "12/31/2019": {"Duration": "12/31/2019", "Operating Cash Flow": "153,933", "Investing Cash Flow": "163,218", "Financing Cash Flow": "-129,210", "End Cash Position": "515,206", "Income Tax Paid Supplemental Data": "33,776", "Interest Paid Supplemental Data": "85,973", "Capital Expenditure": "-20,944", "Issuance of Capital Stock": "-", "Issuance of Debt": "1,625,000", "Repayment of Debt": "-1,840,266", "Repurchase of Capital Stock": "-13,020", "Free Cash Flow": "132,989"}, "12/31/2018": {"Duration": "12/31/2018", "Operating Cash Flow": "270,006", "Investing Cash Flow": "-359,475", "Financing Cash Flow": "102,459", "End Cash Position": "327,265", "Income Tax Paid Supplemental Data": "7,880", "Interest Paid Supplemental Data": "56,830", "Capital Expenditure": "-17,617", "Issuance of Capital Stock": "-", "Issuance of Debt": "2,958,188", "Repayment of Debt": "-3,540,757", "Repurchase of Capital Stock": "0", "Free Cash Flow": "252,389"}}}}, {"PEBK": {"quote": {"04/04/2021": {"value": "23.76", "Market Cap": "137.551M", "Beta (5Y Monthly)": "0.94", "PE Ratio (TTM)": "12.18", "EPS (TTM)": "1.95", "Earnings Date": "Jan 25, 2021", "Forward Dividend & Yield": "0.64 (2.69%)", "Ex-Dividend Date": "Mar 02, 2021", "1y Target Est": "N/A"}}, "fin": {"TTM": {"Duration": "TTM", "Total Revenue": "60,750", "Credit Losses Provision": "-4,259", "Non Interest Expense": "41,545", "Special Income Charges": "-1,100", "Pretax Income": "13,846", "Tax Provision": "2,489", "Net Income Common Stockholders": "11,357", "Diluted NI Available to Com Stockholders": "11,357", "Basic EPS": "-", "Diluted EPS": "-", "Basic Average Shares": "-", "Diluted Average Shares": "-", "INTEREST_INCOME_AFTER_PROVISION_FOR_LOAN_LOSS": "39,863", "Net Income from Continuing & Discontinued Operation": "11,357", "Normalized Income": "12,298", "Total Money Market Investments": "331", "Reconciled Depreciation": "4,183", "Net Income from Continuing Operation Net Minority Interest": "11,357", "Total Unusual Items Excluding Goodwill": "-1,147", "Total Unusual Items": "-1,147", "Tax Rate for Calcs": "0", "Tax Effect of Unusual Items": "-206.1883"}, "12/31/2020": {"Duration": "12/31/2020", "Total Revenue": "60,750", "Credit Losses Provision": "-4,259", "Non Interest Expense": "41,545", "Special Income Charges": "-1,100", "Pretax Income": "13,846", "Tax Provision": "2,489", "Net Income Common Stockholders": "11,357", "Diluted NI Available to Com Stockholders": "11,357", "Basic EPS": "-", "Diluted EPS": "-", "Basic Average Shares": "-", "Diluted Average Shares": "-", "INTEREST_INCOME_AFTER_PROVISION_FOR_LOAN_LOSS": "39,863", "Net Income from Continuing & Discontinued Operation": "11,357", "Normalized Income": "12,298", "Total Money Market Investments": "331", "Reconciled Depreciation": "4,183", "Net Income from Continuing Operation Net Minority Interest": "11,357", "Total Unusual Items Excluding Goodwill": "-1,147", "Total Unusual Items": "-1,147", "Tax Rate for Calcs": "0", "Tax Effect of Unusual Items": "-206.1883"}, "12/31/2019": {"Duration": "12/31/2019", "Total Revenue": "59,511", "Credit Losses Provision": "-863", "Non Interest Expense": "41,206", "Special Income Charges": "-239", "Pretax Income": "17,203", "Tax Provision": "3,136", "Net Income Common Stockholders": "14,067", "Diluted NI Available to Com Stockholders": "14,067", "Basic EPS": "2.37", "Diluted EPS": "2.36", "Basic Average Shares": "5,935", "Diluted Average Shares": "5,961", "INTEREST_INCOME_AFTER_PROVISION_FOR_LOAN_LOSS": "44,981", "Net Income from Continuing & Discontinued Operation": "14,067", "Normalized Income": "14,271", "Total Money Market Investments": "544", "Reconciled Depreciation": "3,964", "Net Income from Continuing Operation Net Minority Interest": "14,067", "Total Unusual Items Excluding Goodwill": "-250", "Total Unusual Items": "-250", "Tax Rate for Calcs": "0", "Tax Effect of Unusual Items": "-45.5734"}, "12/31/2018": {"Duration": "12/31/2018", "Total Revenue": "55,372", "Credit Losses Provision": "-790", "Non Interest Expense": "39,120", "Special Income Charges": "544", "Pretax Income": "16,006", "Tax Provision": "2,624", "Net Income Common Stockholders": "13,382", "Diluted NI Available to Com Stockholders": "13,382", "Basic EPS": "2.23", "Diluted EPS": "2.22", "Basic Average Shares": "6,001", "Diluted Average Shares": "6,028", "INTEREST_INCOME_AFTER_PROVISION_FOR_LOAN_LOSS": "42,414", "Net Income from Continuing & Discontinued Operation": "13,382", "Normalized Income": "12,913", "Total Money Market Investments": "304", "Reconciled Depreciation": "4,571", "Net Income from Continuing Operation Net Minority Interest": "13,382", "Total Unusual Items Excluding Goodwill": "561", "Total Unusual Items": "561", "Tax Rate for Calcs": "0", "Tax Effect of Unusual Items": "91.9695"}}, "bs": {"12/31/2020": {"Duration": "12/31/2020", "Total Assets": "1,414,855", "Total Liabilities Net Minority Interest": "1,274,956", "Total Equity Gross Minority Interest": "139,899", "Total Capitalization": "155,363", "Common Stock Equity": "139,899", "Capital Lease Obligations": "3,471", "Net Tangible Assets": "139,899", "Invested Capital": "155,363", "Tangible Book Value": "139,899", "Total Debt": "18,935", "Share Issued": "5,788", "Ordinary Shares Number": "5,788"}, "12/31/2019": {"Duration": "12/31/2019", "Total Assets": "1,154,882", "Total Liabilities Net Minority Interest": "1,020,762", "Total Equity Gross Minority Interest": "134,120", "Total Capitalization": "149,739", "Common Stock Equity": "134,120", "Capital Lease Obligations": "3,647", "Net Tangible Assets": "134,120", "Invested Capital": "149,739", "Tangible Book Value": "134,120", "Total Debt": "19,266", "Share Issued": "5,912", "Ordinary Shares Number": "5,912"}, "12/31/2018": {"Duration": "12/31/2018", "Total Assets": "1,093,251", "Total Liabilities Net Minority Interest": "969,634", "Total Equity Gross Minority Interest": "123,617", "Total Capitalization": "144,236", "Common Stock Equity": "123,617", "Capital Lease Obligations": "-", "Net Tangible Assets": "123,617", "Invested Capital": "144,236", "Tangible Book Value": "123,617", "Total Debt": "20,619", "Share Issued": "5,995", "Ordinary Shares Number": "5,995"}}, "cf": {"TTM": {"Duration": "TTM", "Operating Cash Flow": "9,162", "Investing Cash Flow": "-148,972", "Financing Cash Flow": "249,003", "End Cash Position": "161,580", "Income Tax Paid Supplemental Data": "2,781", "Interest Paid Supplemental Data": "3,856", "Capital Expenditure": "-2,492", "Issuance of Debt": "70,001", "Repayment of Debt": "-70,156", "Repurchase of Capital Stock": "-2,999", "Free Cash Flow": "6,670"}, "12/31/2020": {"Duration": "12/31/2020", "Operating Cash Flow": "9,162", "Investing Cash Flow": "-148,972", "Financing Cash Flow": "249,003", "End Cash Position": "161,580", "Income Tax Paid Supplemental Data": "2,781", "Interest Paid Supplemental Data": "3,856", "Capital Expenditure": "-2,492", "Issuance of Debt": "70,001", "Repayment of Debt": "-70,156", "Repurchase of Capital Stock": "-2,999", "Free Cash Flow": "6,670"}, "12/31/2019": {"Duration": "12/31/2019", "Operating Cash Flow": "13,197", "Investing Cash Flow": "-48,181", "Financing Cash Flow": "44,001", "End Cash Position": "52,387", "Income Tax Paid Supplemental Data": "3,206", "Interest Paid Supplemental Data": "3,750", "Capital Expenditure": "-2,835", "Issuance of Debt": "184,501", "Repayment of Debt": "-189,501", "Repurchase of Capital Stock": "-2,490", "Free Cash Flow": "10,362"}, "12/31/2018": {"Duration": "12/31/2018", "Operating Cash Flow": "17,187", "Investing Cash Flow": "-18,587", "Financing Cash Flow": "-12,534", "End Cash Position": "43,370", "Income Tax Paid Supplemental Data": "1,163", "Interest Paid Supplemental Data": "2,128", "Capital Expenditure": "-1,742", "Issuance of Debt": "1", "Repayment of Debt": "-1", "Repurchase of Capital Stock": "0", "Free Cash Flow": "15,445"}}}}, {"CCBG": {"quote": {"04/04/2021": {"value": "26.10", "Market Cap": "439.532M", "Beta (5Y Monthly)": "0.87", "PE Ratio (TTM)": "13.88", "EPS (TTM)": "1.88", "Earnings Date": "Apr 21, 2021 - Apr 26, 2021", "Forward Dividend & Yield": "0.60 (2.30%)", "Ex-Dividend Date": "Mar 05, 2021", "1y Target Est": "26.05"}}, "fin": {"TTM": {"Duration": "TTM", "Total Revenue": "206,659", "Credit Losses Provision": "-9,645", "Non Interest Expense": "144,130", "Pretax Income": "52,884", "Tax Provision": "10,230", "Net Income Common Stockholders": "31,576", "Diluted NI Available to Com Stockholders": "31,576", "Basic EPS": "-", "Diluted EPS": "-", "Basic Average Shares": "-", "Diluted Average Shares": "-", "INTEREST_INCOME_AFTER_PROVISION_FOR_LOAN_LOSS": "91,681", "Net Income from Continuing & Discontinued Operation": "31,576", "Normalized Income": "31,576", "Total Money Market Investments": "1,171", "Reconciled Depreciation": "7,230", "Net Income from Continuing Operation Net Minority Interest": "31,576", "Tax Rate for Calcs": "0", "Tax Effect of Unusual Items": "0"}, "12/31/2020": {"Duration": "12/31/2020", "Total Revenue": "206,659", "Credit Losses Provision": "-9,645", "Non Interest Expense": "144,130", "Pretax Income": "52,884", "Tax Provision": "10,230", "Net Income Common Stockholders": "31,576", "Diluted NI Available to Com Stockholders": "31,576", "Basic EPS": "-", "Diluted EPS": "-", "Basic Average Shares": "-", "Diluted Average Shares": "-", "INTEREST_INCOME_AFTER_PROVISION_FOR_LOAN_LOSS": "91,681", "Net Income from Continuing & Discontinued Operation": "31,576", "Normalized Income": "31,576", "Total Money Market Investments": "1,171", "Reconciled Depreciation": "7,230", "Net Income from Continuing Operation Net Minority Interest": "31,576", "Tax Rate for Calcs": "0", "Tax Effect of Unusual Items": "0"}, "12/31/2019": {"Duration": "12/31/2019", "Total Revenue": "150,617", "Credit Losses Provision": "-2,027", "Non Interest Expense": "107,830", "Pretax Income": "40,760", "Tax Provision": "9,953", "Net Income Common Stockholders": "30,807", "Diluted NI Available to Com Stockholders": "30,807", "Basic EPS": "1.84", "Diluted EPS": "1.83", "Basic Average Shares": "16,770", "Diluted Average Shares": "16,827", "INTEREST_INCOME_AFTER_PROVISION_FOR_LOAN_LOSS": "101,316", "Net Income from Continuing & Discontinued Operation": "30,807", "Normalized Income": "30,807", "Total Money Market Investments": "5,187", "Reconciled Depreciation": "6,253", "Net Income from Continuing Operation Net Minority Interest": "30,807", "Tax Rate for Calcs": "0", "Tax Effect of Unusual Items": "0"}, "12/31/2018": {"Duration": "12/31/2018", "Total Revenue": "138,091", "Credit Losses Provision": "-2,921", "Non Interest Expense": "105,525", "Pretax Income": "29,645", "Tax Provision": "3,421", "Net Income Common Stockholders": "26,224", "Diluted NI Available to Com Stockholders": "26,224", "Basic EPS": "1.54", "Diluted EPS": "1.54", "Basic Average Shares": "17,029", "Diluted Average Shares": "17,072", "INTEREST_INCOME_AFTER_PROVISION_FOR_LOAN_LOSS": "89,583", "Net Income from Continuing & Discontinued Operation": "26,224", "Normalized Income": "26,224", "Total Money Market Investments": "2,410", "Reconciled Depreciation": "6,453", "Net Income from Continuing Operation Net Minority Interest": "26,224", "Tax Rate for Calcs": "0", "Tax Effect of Unusual Items": "0"}}, "bs": {"12/31/2020": {"Duration": "12/31/2020", "Total Assets": "3,798,071", "Total Liabilities Net Minority Interest": "3,477,234", "Total Equity Gross Minority Interest": "320,837", "Total Capitalization": "376,781", "Common Stock Equity": "320,837", "Net Tangible Assets": "231,742", "Invested Capital": "456,435", "Tangible Book Value": "231,742", "Total Debt": "135,598", "Net Debt": "67,679", "Share Issued": "16,791", "Ordinary Shares Number": "16,791"}, "12/31/2019": {"Duration": "12/31/2019", "Total Assets": "3,088,953", "Total Liabilities Net Minority Interest": "2,761,937", "Total Equity Gross Minority Interest": "327,016", "Total Capitalization": "386,417", "Common Stock Equity": "327,016", "Net Tangible Assets": "242,205", "Invested Capital": "392,821", "Tangible Book Value": "242,205", "Total Debt": "65,805", "Net Debt": "5,718", "Share Issued": "16,772", "Ordinary Shares Number": "16,772"}, "12/31/2018": {"Duration": "12/31/2018", "Total Assets": "2,959,183", "Total Liabilities Net Minority Interest": "2,656,596", "Total Equity Gross Minority Interest": "302,587", "Total Capitalization": "364,042", "Common Stock Equity": "302,587", "Net Tangible Assets": "217,776", "Invested Capital": "377,583", "Tangible Book Value": "217,776", "Total Debt": "74,996", "Net Debt": "12,964", "Share Issued": "16,748", "Ordinary Shares Number": "16,748"}}, "cf": {"TTM": {"Duration": "TTM", "Operating Cash Flow": "-48,611", "Investing Cash Flow": "-32,594", "Financing Cash Flow": "631,331", "End Cash Position": "928,549", "Income Tax Paid Supplemental Data": "9,171", "Interest Paid Supplemental Data": "4,841", "Capital Expenditure": "-9,738", "Repayment of Debt": "-3,363", "Repurchase of Capital Stock": "-2,042", "Free Cash Flow": "-58,349"}, "12/31/2020": {"Duration": "12/31/2020", "Operating Cash Flow": "-48,611", "Investing Cash Flow": "-32,594", "Financing Cash Flow": "631,331", "End Cash Position": "928,549", "Income Tax Paid Supplemental Data": "9,171", "Interest Paid Supplemental Data": "4,841", "Capital Expenditure": "-9,738", "Repayment of Debt": "-3,363", "Repurchase of Capital Stock": "-2,042", "Free Cash Flow": "-58,349"}, "12/31/2019": {"Duration": "12/31/2019", "Operating Cash Flow": "53,689", "Investing Cash Flow": "-46,875", "Financing Cash Flow": "95,609", "End Cash Position": "378,423", "Income Tax Paid Supplemental Data": "6,255", "Interest Paid Supplemental Data": "9,521", "Capital Expenditure": "-3,759", "Repayment of Debt": "-1,694", "Repurchase of Capital Stock": "-1,805", "Free Cash Flow": "49,930"}, "12/31/2018": {"Duration": "12/31/2018", "Operating Cash Flow": "34,626", "Investing Cash Flow": "-94,019", "Financing Cash Flow": "49,951", "End Cash Position": "276,000", "Income Tax Paid Supplemental Data": "157", "Interest Paid Supplemental Data": "6,879", "Capital Expenditure": "-1,458", "Repayment of Debt": "-1,889", "Repurchase of Capital Stock": "-8,030", "Free Cash Flow": "33,168"}}}}, {"TOWN": {"quote": {"04/04/2021": {"value": "30.71", "Market Cap": "2.231B", "Beta (5Y Monthly)": "1.19", "PE Ratio (TTM)": "15.28", "EPS (TTM)": "2.01", "Earnings Date": "Apr 26, 2021 - Apr 30, 2021", "Forward Dividend & Yield": "0.72 (2.34%)", "Ex-Dividend Date": "Mar 29, 2021", "1y Target Est": "29.00"}}, "fin": {"TTM": {"Duration": "TTM", "Total Revenue": "662,233", "Credit Losses Provision": "-67,177", "Non Interest Expense": "386,401", "Income from Associates & Other Participating Interests": "2,102", "Special Income Charges": "-9,424", "Pretax Income": "201,333", "Tax Provision": "31,900", "Net Income Common Stockholders": "145,535", "Diluted NI Available to Com Stockholders": "145,535", "Basic EPS": "-", "Diluted EPS": "-", "Basic Average Shares": "-", "Diluted Average Shares": "-", "INTEREST_INCOME_AFTER_PROVISION_FOR_LOAN_LOSS": "312,967", "Net Income from Continuing & Discontinued Operation": "145,535", "Normalized Income": "153,265", "Total Money Market Investments": "2,603", "Reconciled Depreciation": "29,061", "Net Income from Continuing Operation Net Minority Interest": "145,535", "Total Unusual Items Excluding Goodwill": "-9,424", "Total Unusual Items": "-9,424", "Tax Rate for Calcs": "0", "Tax Effect of Unusual Items": "-1,694"}, "12/31/2020": {"Duration": "12/31/2020", "Total Revenue": "662,233", "Credit Losses Provision": "-67,177", "Non Interest Expense": "386,401", "Income from Associates & Other Participating Interests": "2,102", "Special Income Charges": "-9,424", "Pretax Income": "201,333", "Tax Provision": "31,900", "Net Income Common Stockholders": "145,535", "Diluted NI Available to Com Stockholders": "145,535", "Basic EPS": "-", "Diluted EPS": "-", "Basic Average Shares": "-", "Diluted Average Shares": "-", "INTEREST_INCOME_AFTER_PROVISION_FOR_LOAN_LOSS": "312,967", "Net Income from Continuing & Discontinued Operation": "145,535", "Normalized Income": "153,265", "Total Money Market Investments": "2,603", "Reconciled Depreciation": "29,061", "Net Income from Continuing Operation Net Minority Interest": "145,535", "Total Unusual Items Excluding Goodwill": "-9,424", "Total Unusual Items": "-9,424", "Tax Rate for Calcs": "0", "Tax Effect of Unusual Items": "-1,694"}, "12/31/2019": {"Duration": "12/31/2019", "Total Revenue": "563,240", "Credit Losses Provision": "-9,371", "Non Interest Expense": "368,306", "Income from Associates & Other Participating Interests": "703", "Special Income Charges": "-9,996", "Pretax Income": "176,270", "Tax Provision": "32,596", "Net Income Common Stockholders": "138,783", "Diluted NI Available to Com Stockholders": "138,783", "Basic EPS": "1.93", "Diluted EPS": "1.92", "Basic Average Shares": "72,063", "Diluted Average Shares": "72,189", "INTEREST_INCOME_AFTER_PROVISION_FOR_LOAN_LOSS": "348,984", "Net Income from Continuing & Discontinued Operation": "138,783", "Normalized Income": "146,878", "Total Money Market Investments": "13,825", "Reconciled Depreciation": "29,371", "Net Income from Continuing Operation Net Minority Interest": "138,783", "Total Unusual Items Excluding Goodwill": "-9,996", "Total Unusual Items": "-9,996", "Tax Rate for Calcs": "0", "Tax Effect of Unusual Items": "-1,901"}, "12/31/2018": {"Duration": "12/31/2018", "Total Revenue": "532,001", "Credit Losses Provision": "-8,541", "Non Interest Expense": "338,592", "Income from Associates & Other Participating Interests": "665", "Special Income Charges": "-13,532", "Pretax Income": "172,001", "Tax Provision": "34,227", "Net Income Common Stockholders": "133,793", "Diluted NI Available to Com Stockholders": "133,793", "Basic EPS": "1.88", "Diluted EPS": "1.88", "Basic Average Shares": "71,148", "Diluted Average Shares": "71,148", "INTEREST_INCOME_AFTER_PROVISION_FOR_LOAN_LOSS": "332,532", "Net Income from Continuing & Discontinued Operation": "133,793", "Normalized Income": "144,569", "Total Money Market Investments": "10,229", "Reconciled Depreciation": "28,724", "Net Income from Continuing Operation Net Minority Interest": "133,793", "Total Unusual Items Excluding Goodwill": "-13,532", "Total Unusual Items": "-13,532", "Tax Rate for Calcs": "0", "Tax Effect of Unusual Items": "-2,756"}}, "bs": {"12/31/2020": {"Duration": "12/31/2020", "Total Assets": "14,626,444", "Total Liabilities Net Minority Interest": "12,842,616", "Total Equity Gross Minority Interest": "1,783,828", "Total Capitalization": "2,471,940", "Common Stock Equity": "1,766,847", "Net Tangible Assets": "1,268,986", "Invested Capital": "2,471,940", "Tangible Book Value": "1,268,986", "Total Debt": "705,093", "Net Debt": "-", "Share Issued": "72,668", "Ordinary Shares Number": "72,668"}, "12/31/2019": {"Duration": "12/31/2019", "Total Assets": "11,947,663", "Total Liabilities Net Minority Interest": "10,293,969", "Total Equity Gross Minority Interest": "1,653,694", "Total Capitalization": "2,360,900", "Common Stock Equity": "1,640,755", "Net Tangible Assets": "1,139,540", "Invested Capital": "2,360,900", "Tangible Book Value": "1,139,540", "Total Debt": "720,145", "Net Debt": "277,529", "Share Issued": "72,650", "Ordinary Shares Number": "72,650"}, "12/31/2018": {"Duration": "12/31/2018", "Total Assets": "11,163,030", "Total Liabilities Net Minority Interest": "9,624,610", "Total Equity Gross Minority Interest": "1,538,420", "Total Capitalization": "2,572,702", "Common Stock Equity": "1,525,526", "Net Tangible Assets": "1,033,116", "Invested Capital": "2,572,702", "Tangible Book Value": "1,033,116", "Total Debt": "1,047,176", "Net Debt": "360,480", "Share Issued": "72,466", "Ordinary Shares Number": "72,466"}}, "cf": {"TTM": {"Duration": "TTM", "Operating Cash Flow": "127,888", "Investing Cash Flow": "-1,118,991", "Financing Cash Flow": "2,412,774", "End Cash Position": "1,864,287", "Income Tax Paid Supplemental Data": "35,154", "Interest Paid Supplemental Data": "83,854", "Capital Expenditure": "-45,788", "Issuance of Capital Stock": "911", "Issuance of Debt": "182,598", "Repayment of Debt": "0", "Repurchase of Capital Stock": "-", "Free Cash Flow": "82,100"}, "12/31/2020": {"Duration": "12/31/2020", "Operating Cash Flow": "127,888", "Investing Cash Flow": "-1,118,991", "Financing Cash Flow": "2,412,774", "End Cash Position": "1,864,287", "Income Tax Paid Supplemental Data": "35,154", "Interest Paid Supplemental Data": "83,854", "Capital Expenditure": "-45,788", "Issuance of Capital Stock": "911", "Issuance of Debt": "182,598", "Repayment of Debt": "0", "Repurchase of Capital Stock": "-", "Free Cash Flow": "82,100"}, "12/31/2019": {"Duration": "12/31/2019", "Operating Cash Flow": "-16,035", "Investing Cash Flow": "-753,271", "Financing Cash Flow": "525,226", "End Cash Position": "442,616", "Income Tax Paid Supplemental Data": "28,065", "Interest Paid Supplemental Data": "108,405", "Capital Expenditure": "-36,717", "Issuance of Capital Stock": "-", "Issuance of Debt": "0", "Repayment of Debt": "-322,393", "Repurchase of Capital Stock": "-", "Free Cash Flow": "-52,752"}, "12/31/2018": {"Duration": "12/31/2018", "Operating Cash Flow": "307,350", "Investing Cash Flow": "-636,608", "Financing Cash Flow": "494,765", "End Cash Position": "686,696", "Income Tax Paid Supplemental Data": "24,612", "Interest Paid Supplemental Data": "58,578", "Capital Expenditure": "-20,847", "Issuance of Capital Stock": "-", "Issuance of Debt": "-", "Repayment of Debt": "-131,945", "Repurchase of Capital Stock": "-", "Free Cash Flow": "286,503"}}}}, {"NKSH": {"quote": {"04/04/2021": {"value": "36.29", "Market Cap": "232.206M", "Beta (5Y Monthly)": "0.51", "PE Ratio (TTM)": "14.63", "EPS (TTM)": "2.48", "Earnings Date": "Apr 21, 2021 - May 01, 2021", "Forward Dividend & Yield": "1.44 (3.97%)", "Ex-Dividend Date": "Nov 20, 2020", "1y Target Est": "41.00"}}, "fin": {"TTM": {"Duration": "TTM", "Total Revenue": "46,115", "Credit Losses Provision": "-1,991", "Non Interest Expense": "24,970", "Special Income Charges": "0", "Pretax Income": "19,154", "Tax Provision": "3,077", "Net Income Common Stockholders": "16,077", "Diluted NI Available to Com Stockholders": "16,077", "Basic EPS": "-", "Diluted EPS": "-", "Basic Average Shares": "-", "Diluted Average Shares": "-", "INTEREST_INCOME_AFTER_PROVISION_FOR_LOAN_LOSS": "36,180", "Net Income from Continuing & Discontinued Operation": "16,077", "Normalized Income": "16,077", "Total Money Market Investments": "276", "Reconciled Depreciation": "708", "Net Income from Continuing Operation Net Minority Interest": "16,077", "Total Unusual Items Excluding Goodwill": "0", "Total Unusual Items": "0", "Tax Rate for Calcs": "0", "Tax Effect of Unusual Items": "0"}, "12/31/2020": {"Duration": "12/31/2020", "Total Revenue": "46,115", "Credit Losses Provision": "-1,991", "Non Interest Expense": "24,970", "Special Income Charges": "0", "Pretax Income": "19,154", "Tax Provision": "3,077", "Net Income Common Stockholders": "16,077", "Diluted NI Available to Com Stockholders": "16,077", "Basic EPS": "2.48", "Diluted EPS": "2.48", "Basic Average Shares": "6,483", "Diluted Average Shares": "6,483", "INTEREST_INCOME_AFTER_PROVISION_FOR_LOAN_LOSS": "36,180", "Net Income from Continuing & Discontinued Operation": "16,077", "Normalized Income": "16,077", "Total Money Market Investments": "276", "Reconciled Depreciation": "708", "Net Income from Continuing Operation Net Minority Interest": "16,077", "Total Unusual Items Excluding Goodwill": "0", "Total Unusual Items": "0", "Tax Rate for Calcs": "0", "Tax Effect of Unusual Items": "0"}, "12/31/2019": {"Duration": "12/31/2019", "Total Revenue": "46,557", "Credit Losses Provision": "-126", "Non Interest Expense": "25,754", "Special Income Charges": "-", "Pretax Income": "20,677", "Tax Provision": "3,211", "Net Income Common Stockholders": "17,466", "Diluted NI Available to Com Stockholders": "17,466", "Basic EPS": "2.65", "Diluted EPS": "2.65", "Basic Average Shares": "6,581", "Diluted Average Shares": "6,581", "INTEREST_INCOME_AFTER_PROVISION_FOR_LOAN_LOSS": "37,641", "Net Income from Continuing & Discontinued Operation": "17,466", "Normalized Income": "17,466", "Total Money Market Investments": "1,523", "Reconciled Depreciation": "739", "Net Income from Continuing Operation Net Minority Interest": "17,466", "Total Unusual Items Excluding Goodwill": "-", "Total Unusual Items": "-", "Tax Rate for Calcs": "0", "Tax Effect of Unusual Items": "0"}, "12/31/2018": {"Duration": "12/31/2018", "Total Revenue": "45,906", "Credit Losses Provision": "81", "Non Interest Expense": "25,266", "Special Income Charges": "-2,010", "Pretax Income": "18,711", "Tax Provision": "2,560", "Net Income Common Stockholders": "16,151", "Diluted NI Available to Com Stockholders": "16,151", "Basic EPS": "2.32", "Diluted EPS": "2.32", "Basic Average Shares": "6,958", "Diluted Average Shares": "6,958", "INTEREST_INCOME_AFTER_PROVISION_FOR_LOAN_LOSS": "38,258", "Net Income from Continuing & Discontinued Operation": "16,151", "Normalized Income": "17,886", "Total Money Market Investments": "672", "Reconciled Depreciation": "816", "Net Income from Continuing Operation Net Minority Interest": "16,151", "Total Unusual Items Excluding Goodwill": "-2,010", "Total Unusual Items": "-2,010", "Tax Rate for Calcs": "0", "Tax Effect of Unusual Items": "-274.968"}}, "bs": {"12/31/2020": {"Duration": "12/31/2020", "Total Assets": "1,519,673", "Total Liabilities Net Minority Interest": "1,319,066", "Total Equity Gross Minority Interest": "200,607", "Common Stock Equity": "200,607", "Capital Lease Obligations": "-", "Net Tangible Assets": "194,759", "Tangible Book Value": "194,759", "Total Debt": "-", "Share Issued": "6,432", "Ordinary Shares Number": "6,432"}, "12/31/2019": {"Duration": "12/31/2019", "Total Assets": "1,321,837", "Total Liabilities Net Minority Interest": "1,138,111", "Total Equity Gross Minority Interest": "183,726", "Common Stock Equity": "183,726", "Capital Lease Obligations": "2,286", "Net Tangible Assets": "177,878", "Tangible Book Value": "177,878", "Total Debt": "2,286", "Share Issued": "6,490", "Ordinary Shares Number": "6,490"}, "12/31/2018": {"Duration": "12/31/2018", "Total Assets": "1,256,032", "Total Liabilities Net Minority Interest": "1,065,794", "Total Equity Gross Minority Interest": "190,238", "Common Stock Equity": "190,238", "Capital Lease Obligations": "-", "Net Tangible Assets": "184,390", "Tangible Book Value": "184,390", "Total Debt": "-", "Share Issued": "6,958", "Ordinary Shares Number": "6,958"}}, "cf": {"TTM": {"Duration": "TTM", "Operating Cash Flow": "13,793", "Investing Cash Flow": "-177,604", "Financing Cash Flow": "166,668", "End Cash Position": "13,147", "Income Tax Paid Supplemental Data": "3,860", "Interest Paid Supplemental Data": "5,925", "Capital Expenditure": "-1,824", "Repurchase of Capital Stock": "-1,722", "Free Cash Flow": "11,969"}, "12/31/2020": {"Duration": "12/31/2020", "Operating Cash Flow": "13,793", "Investing Cash Flow": "-177,604", "Financing Cash Flow": "166,668", "End Cash Position": "13,147", "Income Tax Paid Supplemental Data": "3,860", "Interest Paid Supplemental Data": "5,925", "Capital Expenditure": "-1,824", "Repurchase of Capital Stock": "-1,722", "Free Cash Flow": "11,969"}, "12/31/2019": {"Duration": "12/31/2019", "Operating Cash Flow": "18,832", "Investing Cash Flow": "-61,678", "Financing Cash Flow": "40,254", "End Cash Position": "10,290", "Income Tax Paid Supplemental Data": "2,544", "Interest Paid Supplemental Data": "7,325", "Capital Expenditure": "-1,032", "Repurchase of Capital Stock": "-18,525", "Free Cash Flow": "17,800"}, "12/31/2018": {"Duration": "12/31/2018", "Operating Cash Flow": "19,775", "Investing Cash Flow": "-3,608", "Financing Cash Flow": "-16,211", "End Cash Position": "12,882", "Income Tax Paid Supplemental Data": "1,778", "Interest Paid Supplemental Data": "5,020", "Capital Expenditure": "-1,191", "Repurchase of Capital Stock": "-", "Free Cash Flow": "18,584"}}}}, {"CBAN": {"quote": {"04/04/2021": {"value": "15.79", "Market Cap": "149.844M", "Beta (5Y Monthly)": "0.63", "PE Ratio (TTM)": "12.73", "EPS (TTM)": "1.24", "Earnings Date": "Jan 22, 2021", "Forward Dividend & Yield": "0.41 (2.60%)", "Ex-Dividend Date": "Jan 28, 2021", "1y Target Est": "18.00"}}, "fin": {"TTM": {"Duration": "TTM", "Total Revenue": "79,489", "Credit Losses Provision": "-6,558", "Non Interest Expense": "56,857", "Special Income Charges": "-1,444", "Pretax Income": "14,630", "Tax Provision": "2,815", "Net Income Common Stockholders": "11,815", "Diluted NI Available to Com Stockholders": "11,815", "Basic EPS": "-", "Diluted EPS": "-", "Basic Average Shares": "-", "Diluted Average Shares": "-", "INTEREST_INCOME_AFTER_PROVISION_FOR_LOAN_LOSS": "48,687", "Net Income from Continuing & Discontinued Operation": "11,815", "Normalized Income": "12,107", "Total Money Market Investments": "438", "Reconciled Depreciation": "5,859", "Net Income from Continuing Operation Net Minority Interest": "11,815", "Total Unusual Items Excluding Goodwill": "-362", "Total Unusual Items": "-362", "Tax Rate for Calcs": "0", "Tax Effect of Unusual Items": "-69.6535"}, "12/31/2020": {"Duration": "12/31/2020", "Total Revenue": "79,489", "Credit Losses Provision": "-6,558", "Non Interest Expense": "56,857", "Special Income Charges": "-1,444", "Pretax Income": "14,630", "Tax Provision": "2,815", "Net Income Common Stockholders": "11,815", "Diluted NI Available to Com Stockholders": "11,815", "Basic EPS": "-", "Diluted EPS": "-", "Basic Average Shares": "-", "Diluted Average Shares": "-", "INTEREST_INCOME_AFTER_PROVISION_FOR_LOAN_LOSS": "48,687", "Net Income from Continuing & Discontinued Operation": "11,815", "Normalized Income": "12,107", "Total Money Market Investments": "438", "Reconciled Depreciation": "5,859", "Net Income from Continuing Operation Net Minority Interest": "11,815", "Total Unusual Items Excluding Goodwill": "-362", "Total Unusual Items": "-362", "Tax Rate for Calcs": "0", "Tax Effect of Unusual Items": "-69.6535"}, "12/31/2019": {"Duration": "12/31/2019", "Total Revenue": "62,607", "Credit Losses Provision": "-1,104", "Non Interest Expense": "46,161", "Special Income Charges": "-2,733", "Pretax Income": "12,609", "Tax Provision": "2,398", "Net Income Common Stockholders": "10,211", "Diluted NI Available to Com Stockholders": "10,211", "Basic EPS": "1.12", "Diluted EPS": "1.12", "Basic Average Shares": "9,130", "Diluted Average Shares": "9,130", "INTEREST_INCOME_AFTER_PROVISION_FOR_LOAN_LOSS": "46,509", "Net Income from Continuing & Discontinued Operation": "10,211", "Normalized Income": "12,424", "Total Money Market Investments": "1,056", "Reconciled Depreciation": "2,663", "Net Income from Continuing Operation Net Minority Interest": "10,211", "Total Unusual Items Excluding Goodwill": "-2,733", "Total Unusual Items": "-2,733", "Tax Rate for Calcs": "0", "Tax Effect of Unusual Items": "-519.7664"}, "12/31/2018": {"Duration": "12/31/2018", "Total Revenue": "50,418", "Credit Losses Provision": "-200.5", "Non Interest Expense": "35,300", "Special Income Charges": "-", "Pretax Income": "14,918", "Tax Provision": "3,000", "Net Income Common Stockholders": "11,917", "Diluted NI Available to Com Stockholders": "11,917", "Basic EPS": "1.41", "Diluted EPS": "1.40", "Basic Average Shares": "8,439", "Diluted Average Shares": "8,539", "INTEREST_INCOME_AFTER_PROVISION_FOR_LOAN_LOSS": "40,409", "Net Income from Continuing & Discontinued Operation": "11,917", "Normalized Income": "11,917", "Total Money Market Investments": "409.732", "Reconciled Depreciation": "2,963", "Net Income from Continuing Operation Net Minority Interest": "11,917", "Total Unusual Items Excluding Goodwill": "-", "Total Unusual Items": "-", "Tax Rate for Calcs": "0", "Tax Effect of Unusual Items": "0"}}, "bs": {"12/31/2020": {"Duration": "12/31/2020", "Total Assets": "1,763,974", "Total Liabilities Net Minority Interest": "1,619,486", "Total Equity Gross Minority Interest": "144,488", "Total Capitalization": "306,256", "Common Stock Equity": "144,488", "Net Tangible Assets": "126,225", "Invested Capital": "311,569", "Tangible Book Value": "126,225", "Total Debt": "167,081", "Net Debt": "149,863", "Share Issued": "9,499", "Ordinary Shares Number": "9,499"}, "12/31/2019": {"Duration": "12/31/2019", "Total Assets": "1,515,313", "Total Liabilities Net Minority Interest": "1,384,807", "Total Equity Gross Minority Interest": "130,506", "Total Capitalization": "210,985", "Common Stock Equity": "130,506", "Net Tangible Assets": "110,973", "Invested Capital": "216,298", "Tangible Book Value": "110,973", "Total Debt": "85,792", "Net Debt": "70,222", "Share Issued": "9,499", "Ordinary Shares Number": "9,499"}, "12/31/2018": {"Duration": "12/31/2018", "Total Assets": "1,251,878", "Total Liabilities Net Minority Interest": "1,156,186", "Total Equity Gross Minority Interest": "95,692", "Total Capitalization": "163,921", "Common Stock Equity": "95,692", "Net Tangible Assets": "94,934", "Invested Capital": "163,921", "Tangible Book Value": "94,934", "Total Debt": "68,229", "Net Debt": "8,074", "Share Issued": "8,445", "Ordinary Shares Number": "8,445"}}, "cf": {"TTM": {"Duration": "TTM", "Operating Cash Flow": "-19,094", "Investing Cash Flow": "-130,266", "Financing Cash Flow": "228,774", "End Cash Position": "183,506", "Income Tax Paid Supplemental Data": "2,450", "Interest Paid Supplemental Data": "7,821", "Capital Expenditure": "-4,241", "Issuance of Debt": "148,500", "Repayment of Debt": "-67,211", "Repurchase of Capital Stock": "-", "Free Cash Flow": "-23,335"}, "12/31/2020": {"Duration": "12/31/2020", "Operating Cash Flow": "-19,094", "Investing Cash Flow": "-130,266", "Financing Cash Flow": "228,774", "End Cash Position": "183,506", "Income Tax Paid Supplemental Data": "2,450", "Interest Paid Supplemental Data": "7,821", "Capital Expenditure": "-4,241", "Issuance of Debt": "148,500", "Repayment of Debt": "-67,211", "Repurchase of Capital Stock": "-", "Free Cash Flow": "-23,335"}, "12/31/2019": {"Duration": "12/31/2019", "Operating Cash Flow": "3,933", "Investing Cash Flow": "6,746", "Financing Cash Flow": "33,257", "End Cash Position": "104,092", "Income Tax Paid Supplemental Data": "2,000", "Interest Paid Supplemental Data": "12,245", "Capital Expenditure": "-3,485", "Issuance of Debt": "-", "Repayment of Debt": "-", "Repurchase of Capital Stock": "-", "Free Cash Flow": "448"}, "12/31/2018": {"Duration": "12/31/2018", "Operating Cash Flow": "14,911", "Investing Cash Flow": "-24,424", "Financing Cash Flow": "-3,256", "End Cash Position": "10,377", "Income Tax Paid Supplemental Data": "-", "Interest Paid Supplemental Data": "-", "Capital Expenditure": "-2,763", "Issuance of Debt": "44,008", "Repayment of Debt": "-47,507", "Repurchase of Capital Stock": "0", "Free Cash Flow": "12,149"}}}}, {"BKSC": {"quote": {"04/04/2021": {"value": "22.35", "Market Cap": "123.383M", "Beta (5Y Monthly)": "0.44", "PE Ratio (TTM)": "19.61", "EPS (TTM)": "1.14", "Earnings Date": "Jan 14, 2021", "Forward Dividend & Yield": "0.68 (3.04%)", "Ex-Dividend Date": "Apr 05, 2021", "1y Target Est": "N/A"}}, "fin": {"TTM": {"Duration": "TTM", "Total Revenue": "20,339", "Credit Losses Provision": "-240", "Non Interest Expense": "11,673", "Special Income Charges": "-", "Pretax Income": "8,426", "Tax Provision": "1,966", "Net Income Common Stockholders": "6,461", "Diluted NI Available to Com Stockholders": "6,461", "Basic EPS": "-", "Diluted EPS": "-", "Basic Average Shares": "-", "Diluted Average Shares": "-", "INTEREST_INCOME_AFTER_PROVISION_FOR_LOAN_LOSS": "16,694", "Net Income from Continuing & Discontinued Operation": "6,461", "Normalized Income": "6,461", "Reconciled Depreciation": "421.04", "Net Income from Continuing Operation Net Minority Interest": "6,461", "Total Unusual Items Excluding Goodwill": "-", "Total Unusual Items": "-", "Tax Rate for Calcs": "0", "Tax Effect of Unusual Items": "0"}, "12/31/2020": {"Duration": "12/31/2020", "Total Revenue": "20,339", "Credit Losses Provision": "-240", "Non Interest Expense": "11,673", "Special Income Charges": "-", "Pretax Income": "8,426", "Tax Provision": "1,966", "Net Income Common Stockholders": "6,461", "Diluted NI Available to Com Stockholders": "6,461", "Basic EPS": "-", "Diluted EPS": "-", "Basic Average Shares": "-", "Diluted Average Shares": "-", "INTEREST_INCOME_AFTER_PROVISION_FOR_LOAN_LOSS": "16,694", "Net Income from Continuing & Discontinued Operation": "6,461", "Normalized Income": "6,461", "Reconciled Depreciation": "421.04", "Net Income from Continuing Operation Net Minority Interest": "6,461", "Total Unusual Items Excluding Goodwill": "-", "Total Unusual Items": "-", "Tax Rate for Calcs": "0", "Tax Effect of Unusual Items": "0"}, "12/31/2019": {"Duration": "12/31/2019", "Total Revenue": "20,296", "Credit Losses Provision": "-180", "Non Interest Expense": "10,622", "Special Income Charges": "-", "Pretax Income": "9,494", "Tax Provision": "2,175", "Net Income Common Stockholders": "7,318", "Diluted NI Available to Com Stockholders": "7,318", "Basic EPS": "1.33", "Diluted EPS": "1.31", "Basic Average Shares": "5,522", "Diluted Average Shares": "5,588", "INTEREST_INCOME_AFTER_PROVISION_FOR_LOAN_LOSS": "17,917", "Net Income from Continuing & Discontinued Operation": "7,318", "Normalized Income": "7,318", "Reconciled Depreciation": "230.377", "Net Income from Continuing Operation Net Minority Interest": "7,318", "Total Unusual Items Excluding Goodwill": "-", "Total Unusual Items": "-", "Tax Rate for Calcs": "0", "Tax Effect of Unusual Items": "0"}, "12/31/2018": {"Duration": "12/31/2018", "Total Revenue": "19,437", "Credit Losses Provision": "-325", "Non Interest Expense": "11,080", "Special Income Charges": "-", "Pretax Income": "8,032", "Tax Provision": "1,109", "Net Income Common Stockholders": "6,923", "Diluted NI Available to Com Stockholders": "6,923", "Basic EPS": "1.26", "Diluted EPS": "1.24", "Basic Average Shares": "5,500", "Diluted Average Shares": "5,589", "INTEREST_INCOME_AFTER_PROVISION_FOR_LOAN_LOSS": "17,118", "Net Income from Continuing & Discontinued Operation": "6,923", "Normalized Income": "6,923", "Reconciled Depreciation": "195.921", "Net Income from Continuing Operation Net Minority Interest": "6,923", "Total Unusual Items Excluding Goodwill": "-", "Total Unusual Items": "-", "Tax Rate for Calcs": "0", "Tax Effect of Unusual Items": "0"}}, "bs": {"12/31/2020": {"Duration": "12/31/2020", "Total Assets": "532,495", "Total Liabilities Net Minority Interest": "477,514", "Total Equity Gross Minority Interest": "54,980", "Total Capitalization": "-", "Common Stock Equity": "54,980", "Capital Lease Obligations": "12,730", "Net Tangible Assets": "54,980", "Invested Capital": "-", "Tangible Book Value": "54,980", "Total Debt": "12,730", "Share Issued": "5,819", "Ordinary Shares Number": "5,520", "Treasury Shares Number": "298.466"}, "12/31/2019": {"Duration": "12/31/2019", "Total Assets": "445,013", "Total Liabilities Net Minority Interest": "393,844", "Total Equity Gross Minority Interest": "51,168", "Total Capitalization": "-", "Common Stock Equity": "51,168", "Capital Lease Obligations": "13,209", "Net Tangible Assets": "51,168", "Invested Capital": "-", "Tangible Book Value": "51,168", "Total Debt": "13,209", "Share Issued": "5,800", "Ordinary Shares Number": "5,530", "Treasury Shares Number": "269.636"}, "12/31/2018": {"Duration": "12/31/2018", "Total Assets": "429,135", "Total Liabilities Net Minority Interest": "383,673", "Total Equity Gross Minority Interest": "45,463", "Total Capitalization": "-", "Common Stock Equity": "45,463", "Capital Lease Obligations": "-", "Net Tangible Assets": "45,463", "Invested Capital": "-", "Tangible Book Value": "45,463", "Total Debt": "-", "Share Issued": "5,777", "Ordinary Shares Number": "5,511", "Treasury Shares Number": "266.557"}}, "cf": {"TTM": {"Duration": "TTM", "Operating Cash Flow": "291.987", "Investing Cash Flow": "-80,192", "Financing Cash Flow": "79,131", "End Cash Position": "48,326", "Income Tax Paid Supplemental Data": "814.052", "Interest Paid Supplemental Data": "323.455", "Capital Expenditure": "-184.138", "Repurchase of Capital Stock": "-398.868", "Free Cash Flow": "107.849"}, "12/31/2020": {"Duration": "12/31/2020", "Operating Cash Flow": "291.987", "Investing Cash Flow": "-80,192", "Financing Cash Flow": "79,131", "End Cash Position": "48,326", "Income Tax Paid Supplemental Data": "814.052", "Interest Paid Supplemental Data": "323.455", "Capital Expenditure": "-184.138", "Repurchase of Capital Stock": "-398.868", "Free Cash Flow": "107.849"}, "12/31/2019": {"Duration": "12/31/2019", "Operating Cash Flow": "4,443", "Investing Cash Flow": "19,898", "Financing Cash Flow": "-7,080", "End Cash Position": "49,094", "Income Tax Paid Supplemental Data": "1,762", "Interest Paid Supplemental Data": "940.299", "Capital Expenditure": "-2,186", "Repurchase of Capital Stock": "-", "Free Cash Flow": "2,258"}, "12/31/2018": {"Duration": "12/31/2018", "Operating Cash Flow": "9,317", "Investing Cash Flow": "14,011", "Financing Cash Flow": "-24,016", "End Cash Position": "31,832", "Income Tax Paid Supplemental Data": "1,169", "Interest Paid Supplemental Data": "626.7", "Capital Expenditure": "-287.031", "Repurchase of Capital Stock": "-", "Free Cash Flow": "9,030"}}}}, {"SBSI": {"quote": {"04/04/2021": {"value": "38.50", "Market Cap": "1.264B", "Beta (5Y Monthly)": "0.59", "PE Ratio (TTM)": "15.59", "EPS (TTM)": "2.47", "Earnings Date": "May 03, 2021 - May 07, 2021", "Forward Dividend & Yield": "1.28 (3.32%)", "Ex-Dividend Date": "Feb 17, 2021", "1y Target Est": "35.38"}}, "fin": {"TTM": {"Duration": "TTM", "Total Revenue": "235,979", "Credit Losses Provision": "-20,201", "Non Interest Expense": "122,289", "Special Income Charges": "0", "Pretax Income": "93,489", "Tax Provision": "11,336", "Net Income Common Stockholders": "82,153", "Diluted NI Available to Com Stockholders": "82,153", "Basic EPS": "-", "Diluted EPS": "-", "Basic Average Shares": "-", "Diluted Average Shares": "-", "INTEREST_INCOME_AFTER_PROVISION_FOR_LOAN_LOSS": "167,064", "Net Income from Continuing & Discontinued Operation": "82,153", "Normalized Income": "82,153", "Reconciled Depreciation": "12,084", "Net Income from Continuing Operation Net Minority Interest": "82,153", "Total Unusual Items Excluding Goodwill": "0", "Total Unusual Items": "0", "Tax Rate for Calcs": "0", "Tax Effect of Unusual Items": "0"}, "12/31/2020": {"Duration": "12/31/2020", "Total Revenue": "235,979", "Credit Losses Provision": "-20,201", "Non Interest Expense": "122,289", "Special Income Charges": "0", "Pretax Income": "93,489", "Tax Provision": "11,336", "Net Income Common Stockholders": "82,153", "Diluted NI Available to Com Stockholders": "82,153", "Basic EPS": "-", "Diluted EPS": "-", "Basic Average Shares": "-", "Diluted Average Shares": "-", "INTEREST_INCOME_AFTER_PROVISION_FOR_LOAN_LOSS": "167,064", "Net Income from Continuing & Discontinued Operation": "82,153", "Normalized Income": "82,153", "Reconciled Depreciation": "12,084", "Net Income from Continuing Operation Net Minority Interest": "82,153", "Total Unusual Items Excluding Goodwill": "0", "Total Unusual Items": "0", "Tax Rate for Calcs": "0", "Tax Effect of Unusual Items": "0"}, "12/31/2019": {"Duration": "12/31/2019", "Total Revenue": "211,279", "Credit Losses Provision": "-5,101", "Non Interest Expense": "118,403", "Special Income Charges": "0", "Pretax Income": "87,775", "Tax Provision": "13,221", "Net Income Common Stockholders": "74,554", "Diluted NI Available to Com Stockholders": "74,554", "Basic EPS": "2.21", "Diluted EPS": "2.20", "Basic Average Shares": "33,747", "Diluted Average Shares": "33,895", "INTEREST_INCOME_AFTER_PROVISION_FOR_LOAN_LOSS": "164,704", "Net Income from Continuing & Discontinued Operation": "74,554", "Normalized Income": "74,554", "Reconciled Depreciation": "12,111", "Net Income from Continuing Operation Net Minority Interest": "74,554", "Total Unusual Items Excluding Goodwill": "0", "Total Unusual Items": "0", "Tax Rate for Calcs": "0", "Tax Effect of Unusual Items": "0"}, "12/31/2018": {"Duration": "12/31/2018", "Total Revenue": "211,747", "Credit Losses Provision": "-8,437", "Non Interest Expense": "116,596", "Special Income Charges": "-2,413", "Pretax Income": "84,301", "Tax Provision": "10,163", "Net Income Common Stockholders": "74,138", "Diluted NI Available to Com Stockholders": "74,138", "Basic EPS": "2.12", "Diluted EPS": "2.11", "Basic Average Shares": "34,951", "Diluted Average Shares": "35,116", "INTEREST_INCOME_AFTER_PROVISION_FOR_LOAN_LOSS": "163,627", "Net Income from Continuing & Discontinued Operation": "74,138", "Normalized Income": "76,259", "Reconciled Depreciation": "14,045", "Net Income from Continuing Operation Net Minority Interest": "74,138", "Total Unusual Items Excluding Goodwill": "-2,413", "Total Unusual Items": "-2,413", "Tax Rate for Calcs": "0", "Tax Effect of Unusual Items": "-291.973"}}, "bs": {"12/31/2020": {"Duration": "12/31/2020", "Total Assets": "7,008,227", "Total Liabilities Net Minority Interest": "6,132,930", "Total Equity Gross Minority Interest": "875,297", "Total Capitalization": "1,988,502", "Common Stock Equity": "875,297", "Capital Lease Obligations": "16,734", "Net Tangible Assets": "664,437", "Invested Capital": "1,988,502", "Tangible Book Value": "664,437", "Total Debt": "1,129,939", "Net Debt": "1,004,797", "Share Issued": "37,935", "Ordinary Shares Number": "32,951", "Treasury Shares Number": "4,984"}, "12/31/2019": {"Duration": "12/31/2019", "Total Assets": "6,748,913", "Total Liabilities Net Minority Interest": "5,944,333", "Total Equity Gross Minority Interest": "804,580", "Total Capitalization": "1,936,150", "Common Stock Equity": "804,580", "Capital Lease Obligations": "10,174", "Net Tangible Assets": "590,103", "Invested Capital": "1,936,150", "Tangible Book Value": "590,103", "Total Debt": "1,141,744", "Net Debt": "1,000,873", "Share Issued": "37,888", "Ordinary Shares Number": "33,823", "Treasury Shares Number": "4,064"}, "12/31/2018": {"Duration": "12/31/2018", "Total Assets": "6,123,494", "Total Liabilities Net Minority Interest": "5,392,203", "Total Equity Gross Minority Interest": "731,291", "Total Capitalization": "1,609,009", "Common Stock Equity": "731,291", "Capital Lease Obligations": "-", "Net Tangible Assets": "512,396", "Invested Capital": "1,609,009", "Tangible Book Value": "512,396", "Total Debt": "877,718", "Net Debt": "751,223", "Share Issued": "37,845", "Ordinary Shares Number": "33,725", "Treasury Shares Number": "4,120"}}, "cf": {"TTM": {"Duration": "TTM", "Operating Cash Flow": "90,520", "Investing Cash Flow": "-223,735", "Financing Cash Flow": "130,926", "End Cash Position": "108,408", "Income Tax Paid Supplemental Data": "12,000", "Interest Paid Supplemental Data": "47,201", "Capital Expenditure": "-11,435", "Issuance of Capital Stock": "1,424", "Issuance of Debt": "21,895,758", "Repayment of Debt": "-21,937,497", "Repurchase of Capital Stock": "-30,989", "Free Cash Flow": "79,085"}, "12/31/2020": {"Duration": "12/31/2020", "Operating Cash Flow": "90,520", "Investing Cash Flow": "-223,735", "Financing Cash Flow": "130,926", "End Cash Position": "108,408", "Income Tax Paid Supplemental Data": "12,000", "Interest Paid Supplemental Data": "47,201", "Capital Expenditure": "-11,435", "Issuance of Capital Stock": "1,424", "Issuance of Debt": "21,895,758", "Repayment of Debt": "-21,937,497", "Repurchase of Capital Stock": "-30,989", "Free Cash Flow": "79,085"}, "12/31/2019": {"Duration": "12/31/2019", "Operating Cash Flow": "80,606", "Investing Cash Flow": "-566,830", "Financing Cash Flow": "476,202", "End Cash Position": "110,697", "Income Tax Paid Supplemental Data": "10,500", "Interest Paid Supplemental Data": "70,452", "Capital Expenditure": "-15,883", "Issuance of Capital Stock": "1,445", "Issuance of Debt": "6,906,348", "Repayment of Debt": "-6,661,119", "Repurchase of Capital Stock": "-2,181", "Free Cash Flow": "64,723"}, "12/31/2018": {"Duration": "12/31/2018", "Operating Cash Flow": "122,402", "Investing Cash Flow": "261,904", "Financing Cash Flow": "-462,279", "End Cash Position": "120,719", "Income Tax Paid Supplemental Data": "2,000", "Interest Paid Supplemental Data": "55,844", "Capital Expenditure": "-13,444", "Issuance of Capital Stock": "1,478", "Issuance of Debt": "4,201,500", "Repayment of Debt": "-4,499,788", "Repurchase of Capital Stock": "-47,193", "Free Cash Flow": "108,958"}}}}, {"BANR": {"quote": {"04/04/2021": {"value": "53.95", "Market Cap": "1.877B", "Beta (5Y Monthly)": "1.11", "PE Ratio (TTM)": "16.55", "EPS (TTM)": "3.26", "Earnings Date": "Apr 26, 2021 - Apr 30, 2021", "Forward Dividend & Yield": "1.64 (3.04%)", "Ex-Dividend Date": "Feb 03, 2021", "1y Target Est": "58.33"}}, "fin": {"TTM": {"Duration": "TTM", "Total Revenue": "563,822", "Credit Losses Provision": "-67,875", "Non Interest Expense": "347,930", "Special Income Charges": "-5,564", "Pretax Income": "142,453", "Tax Provision": "26,525", "Net Income Common Stockholders": "115,928", "Diluted NI Available to Com Stockholders": "115,928", "Basic EPS": "-", "Diluted EPS": "-", "Basic Average Shares": "-", "Diluted Average Shares": "-", "INTEREST_INCOME_AFTER_PROVISION_FOR_LOAN_LOSS": "413,426", "Net Income from Continuing & Discontinued Operation": "115,928", "Normalized Income": "120,457", "Reconciled Depreciation": "25,862", "Net Income from Continuing Operation Net Minority Interest": "115,928", "Total Unusual Items Excluding Goodwill": "-5,564", "Total Unusual Items": "-5,564", "Tax Rate for Calcs": "0", "Tax Effect of Unusual Items": "-1,035"}, "12/31/2020": {"Duration": "12/31/2020", "Total Revenue": "563,822", "Credit Losses Provision": "-67,875", "Non Interest Expense": "347,930", "Special Income Charges": "-5,564", "Pretax Income": "142,453", "Tax Provision": "26,525", "Net Income Common Stockholders": "115,928", "Diluted NI Available to Com Stockholders": "115,928", "Basic EPS": "-", "Diluted EPS": "-", "Basic Average Shares": "-", "Diluted Average Shares": "-", "INTEREST_INCOME_AFTER_PROVISION_FOR_LOAN_LOSS": "413,426", "Net Income from Continuing & Discontinued Operation": "115,928", "Normalized Income": "120,457", "Reconciled Depreciation": "25,862", "Net Income from Continuing Operation Net Minority Interest": "115,928", "Total Unusual Items Excluding Goodwill": "-5,564", "Total Unusual Items": "-5,564", "Tax Rate for Calcs": "0", "Tax Effect of Unusual Items": "-1,035"}, "12/31/2019": {"Duration": "12/31/2019", "Total Revenue": "533,867", "Credit Losses Provision": "-10,000", "Non Interest Expense": "333,191", "Special Income Charges": "-7,544", "Pretax Income": "183,132", "Tax Provision": "36,854", "Net Income Common Stockholders": "146,278", "Diluted NI Available to Com Stockholders": "146,278", "Basic EPS": "4.20", "Diluted EPS": "4.18", "Basic Average Shares": "34,868", "Diluted Average Shares": "34,968", "INTEREST_INCOME_AFTER_PROVISION_FOR_LOAN_LOSS": "458,911", "Net Income from Continuing & Discontinued Operation": "146,278", "Normalized Income": "152,306", "Reconciled Depreciation": "25,433", "Net Income from Continuing Operation Net Minority Interest": "146,278", "Total Unusual Items Excluding Goodwill": "-7,544", "Total Unusual Items": "-7,544", "Tax Rate for Calcs": "0", "Tax Effect of Unusual Items": "-1,516"}, "12/31/2018": {"Duration": "12/31/2018", "Total Revenue": "499,569", "Credit Losses Provision": "-8,500", "Non Interest Expense": "320,352", "Special Income Charges": "-5,607", "Pretax Income": "165,110", "Tax Provision": "28,595", "Net Income Common Stockholders": "136,515", "Diluted NI Available to Com Stockholders": "136,515", "Basic EPS": "4.16", "Diluted EPS": "4.15", "Basic Average Shares": "32,785", "Diluted Average Shares": "32,894", "INTEREST_INCOME_AFTER_PROVISION_FOR_LOAN_LOSS": "422,473", "Net Income from Continuing & Discontinued Operation": "136,515", "Normalized Income": "141,152", "Reconciled Depreciation": "21,279", "Net Income from Continuing Operation Net Minority Interest": "136,515", "Total Unusual Items Excluding Goodwill": "-5,607", "Total Unusual Items": "-5,607", "Tax Rate for Calcs": "0", "Tax Effect of Unusual Items": "-970.011"}}, "bs": {"12/31/2020": {"Duration": "12/31/2020", "Total Assets": "15,031,623", "Total Liabilities Net Minority Interest": "13,365,359", "Total Equity Gross Minority Interest": "1,666,264", "Total Capitalization": "2,031,439", "Common Stock Equity": "1,666,264", "Net Tangible Assets": "1,271,717", "Invested Capital": "2,031,439", "Tangible Book Value": "1,271,717", "Total Debt": "365,175", "Net Debt": "-", "Share Issued": "35,159", "Ordinary Shares Number": "35,159"}, "12/31/2019": {"Duration": "12/31/2019", "Total Assets": "12,604,031", "Total Liabilities Net Minority Interest": "11,009,997", "Total Equity Gross Minority Interest": "1,594,034", "Total Capitalization": "2,163,338", "Common Stock Equity": "1,594,034", "Net Tangible Assets": "1,191,755", "Invested Capital": "2,163,338", "Tangible Book Value": "1,191,755", "Total Debt": "569,304", "Net Debt": "261,569", "Share Issued": "35,752", "Ordinary Shares Number": "35,752"}, "12/31/2018": {"Duration": "12/31/2018", "Total Assets": "11,871,317", "Total Liabilities Net Minority Interest": "10,392,722", "Total Equity Gross Minority Interest": "1,478,595", "Total Capitalization": "2,132,875", "Common Stock Equity": "1,478,595", "Net Tangible Assets": "1,106,517", "Invested Capital": "2,132,875", "Tangible Book Value": "1,106,517", "Total Debt": "654,280", "Net Debt": "382,084", "Share Issued": "35,183", "Ordinary Shares Number": "35,183"}}, "cf": {"TTM": {"Duration": "TTM", "Operating Cash Flow": "125,386", "Investing Cash Flow": "-1,454,624", "Financing Cash Flow": "2,255,686", "End Cash Position": "1,234,183", "Income Tax Paid Supplemental Data": "39,672", "Interest Paid Supplemental Data": "40,942", "Capital Expenditure": "-12,803", "Issuance of Debt": "164,338", "Repayment of Debt": "0", "Repurchase of Capital Stock": "-31,775", "Free Cash Flow": "112,583"}, "12/31/2020": {"Duration": "12/31/2020", "Operating Cash Flow": "125,386", "Investing Cash Flow": "-1,454,624", "Financing Cash Flow": "2,255,686", "End Cash Position": "1,234,183", "Income Tax Paid Supplemental Data": "39,672", "Interest Paid Supplemental Data": "40,942", "Capital Expenditure": "-12,803", "Issuance of Debt": "164,338", "Repayment of Debt": "0", "Repurchase of Capital Stock": "-31,775", "Free Cash Flow": "112,583"}, "12/31/2019": {"Duration": "12/31/2019", "Operating Cash Flow": "148,874", "Investing Cash Flow": "-143,114", "Financing Cash Flow": "29,779", "End Cash Position": "307,735", "Income Tax Paid Supplemental Data": "27,329", "Interest Paid Supplemental Data": "58,239", "Capital Expenditure": "-24,700", "Issuance of Debt": "450,000", "Repayment of Debt": "-280,935", "Repurchase of Capital Stock": "-53,922", "Free Cash Flow": "124,174"}, "12/31/2018": {"Duration": "12/31/2018", "Operating Cash Flow": "30,775", "Investing Cash Flow": "-976,218", "Financing Cash Flow": "956,439", "End Cash Position": "272,196", "Income Tax Paid Supplemental Data": "21,664", "Interest Paid Supplemental Data": "28,098", "Capital Expenditure": "-23,094", "Issuance of Debt": "7,870", "Repayment of Debt": "-10", "Repurchase of Capital Stock": "-34,401", "Free Cash Flow": "7,681"}}}}, {"SHBI": {"quote": {"04/04/2021": {"value": "17.29", "Market Cap": "203.19M", "Beta (5Y Monthly)": "1.00", "PE Ratio (TTM)": "13.61", "EPS (TTM)": "1.27", "Earnings Date": "Apr 28, 2021 - May 03, 2021", "Forward Dividend & Yield": "0.48 (2.78%)", "Ex-Dividend Date": "Feb 11, 2021", "1y Target Est": "17.50"}}, "fin": {"TTM": {"Duration": "TTM", "Total Revenue": "63,346", "Credit Losses Provision": "-3,900", "Non Interest Expense": "38,399", "Special Income Charges": "-", "Pretax Income": "21,047", "Tax Provision": "5,317", "Net Income Common Stockholders": "15,730", "Diluted NI Available to Com Stockholders": "15,730", "Basic EPS": "-", "Diluted EPS": "-", "Basic Average Shares": "-", "Diluted Average Shares": "-", "INTEREST_INCOME_AFTER_PROVISION_FOR_LOAN_LOSS": "48,697", "Net Income from Continuing & Discontinued Operation": "15,730", "Normalized Income": "15,730", "Total Money Market Investments": "260", "Reconciled Depreciation": "2,476", "Net Income from Continuing Operation Net Minority Interest": "15,730", "Total Unusual Items Excluding Goodwill": "-", "Total Unusual Items": "-", "Tax Rate for Calcs": "0", "Tax Effect of Unusual Items": "0"}, "12/31/2020": {"Duration": "12/31/2020", "Total Revenue": "63,346", "Credit Losses Provision": "-3,900", "Non Interest Expense": "38,399", "Special Income Charges": "-", "Pretax Income": "21,047", "Tax Provision": "5,317", "Net Income Common Stockholders": "15,730", "Diluted NI Available to Com Stockholders": "15,730", "Basic EPS": "1.27", "Diluted EPS": "1.27", "Basic Average Shares": "12,380", "Diluted Average Shares": "12,381", "INTEREST_INCOME_AFTER_PROVISION_FOR_LOAN_LOSS": "48,697", "Net Income from Continuing & Discontinued Operation": "15,730", "Normalized Income": "15,730", "Total Money Market Investments": "260", "Reconciled Depreciation": "2,476", "Net Income from Continuing Operation Net Minority Interest": "15,730", "Total Unusual Items Excluding Goodwill": "-", "Total Unusual Items": "-", "Tax Rate for Calcs": "0", "Tax Effect of Unusual Items": "0"}, "12/31/2019": {"Duration": "12/31/2019", "Total Revenue": "59,666", "Credit Losses Provision": "-700", "Non Interest Expense": "37,072", "Special Income Charges": "-", "Pretax Income": "21,894", "Tax Provision": "5,610", "Net Income Common Stockholders": "16,198", "Diluted NI Available to Com Stockholders": "16,198", "Basic EPS": "1.27", "Diluted EPS": "1.27", "Basic Average Shares": "12,725", "Diluted Average Shares": "12,730", "INTEREST_INCOME_AFTER_PROVISION_FOR_LOAN_LOSS": "49,431", "Net Income from Continuing & Discontinued Operation": "16,198", "Normalized Income": "16,284", "Total Money Market Investments": "794", "Reconciled Depreciation": "2,393", "Net Income from Continuing Operation Net Minority Interest": "16,284", "Total Unusual Items Excluding Goodwill": "-", "Total Unusual Items": "-", "Tax Rate for Calcs": "0", "Tax Effect of Unusual Items": "0"}, "12/31/2018": {"Duration": "12/31/2018", "Total Revenue": "59,130", "Credit Losses Provision": "-1,674", "Non Interest Expense": "36,313", "Special Income Charges": "12,736", "Pretax Income": "21,143", "Tax Provision": "5,380", "Net Income Common Stockholders": "24,997", "Diluted NI Available to Com Stockholders": "24,997", "Basic EPS": "1.96", "Diluted EPS": "1.96", "Basic Average Shares": "12,739", "Diluted Average Shares": "12,753", "INTEREST_INCOME_AFTER_PROVISION_FOR_LOAN_LOSS": "48,961", "Net Income from Continuing & Discontinued Operation": "24,997", "Normalized Income": "15,763", "Total Money Market Investments": "286", "Reconciled Depreciation": "2,297", "Net Income from Continuing Operation Net Minority Interest": "15,763", "Total Unusual Items Excluding Goodwill": "12,736", "Total Unusual Items": "12,736", "Tax Rate for Calcs": "0", "Tax Effect of Unusual Items": "0"}}, "bs": {"12/31/2020": {"Duration": "12/31/2020", "Total Assets": "1,933,315", "Total Liabilities Net Minority Interest": "1,738,296", "Total Equity Gross Minority Interest": "195,019", "Total Capitalization": "219,448", "Common Stock Equity": "195,019", "Capital Lease Obligations": "4,874", "Net Tangible Assets": "175,782", "Invested Capital": "219,448", "Tangible Book Value": "175,782", "Total Debt": "29,303", "Net Debt": "-", "Share Issued": "11,783", "Ordinary Shares Number": "11,783"}, "12/31/2019": {"Duration": "12/31/2019", "Total Assets": "1,559,235", "Total Liabilities Net Minority Interest": "1,366,433", "Total Equity Gross Minority Interest": "192,802", "Total Capitalization": "207,802", "Common Stock Equity": "192,802", "Capital Lease Obligations": "4,792", "Net Tangible Assets": "173,032", "Invested Capital": "209,028", "Tangible Book Value": "173,032", "Total Debt": "21,018", "Net Debt": "-", "Share Issued": "12,500", "Ordinary Shares Number": "12,500"}, "12/31/2018": {"Duration": "12/31/2018", "Total Assets": "1,483,076", "Total Liabilities Net Minority Interest": "1,299,891", "Total Equity Gross Minority Interest": "183,185", "Total Capitalization": "198,185", "Common Stock Equity": "183,185", "Capital Lease Obligations": "-", "Net Tangible Assets": "162,810", "Invested Capital": "258,997", "Tangible Book Value": "162,810", "Total Debt": "75,812", "Net Debt": "8,587", "Share Issued": "12,749", "Ordinary Shares Number": "12,749"}}, "cf": {"TTM": {"Duration": "TTM", "Operating Cash Flow": "18,430", "Investing Cash Flow": "-280,080", "Financing Cash Flow": "353,596", "End Cash Position": "186,917", "Income Tax Paid Supplemental Data": "7,935", "Interest Paid Supplemental Data": "6,833", "Capital Expenditure": "-2,375", "Issuance of Capital Stock": "-", "Issuance of Debt": "24,389", "Repayment of Debt": "-15,176", "Repurchase of Capital Stock": "-9,112", "Free Cash Flow": "16,055"}, "12/31/2020": {"Duration": "12/31/2020", "Operating Cash Flow": "18,430", "Investing Cash Flow": "-280,080", "Financing Cash Flow": "353,596", "End Cash Position": "186,917", "Income Tax Paid Supplemental Data": "7,935", "Interest Paid Supplemental Data": "6,833", "Capital Expenditure": "-2,375", "Issuance of Capital Stock": "-", "Issuance of Debt": "24,389", "Repayment of Debt": "-15,176", "Repurchase of Capital Stock": "-9,112", "Free Cash Flow": "16,055"}, "12/31/2019": {"Duration": "12/31/2019", "Operating Cash Flow": "13,743", "Investing Cash Flow": "-45,678", "Financing Cash Flow": "59,681", "End Cash Position": "94,971", "Income Tax Paid Supplemental Data": "11,920", "Interest Paid Supplemental Data": "10,071", "Capital Expenditure": "-2,244", "Issuance of Capital Stock": "0", "Issuance of Debt": "0", "Repayment of Debt": "-", "Repurchase of Capital Stock": "-4,452", "Free Cash Flow": "11,499"}, "12/31/2018": {"Duration": "12/31/2018", "Operating Cash Flow": "18,296", "Investing Cash Flow": "-42,455", "Financing Cash Flow": "59,564", "End Cash Position": "67,225", "Income Tax Paid Supplemental Data": "5,365", "Interest Paid Supplemental Data": "5,008", "Capital Expenditure": "-1,133", "Issuance of Capital Stock": "-", "Issuance of Debt": "15,000", "Repayment of Debt": "-", "Repurchase of Capital Stock": "-", "Free Cash Flow": "17,163"}}}}, {"FRBA": {"quote": {"04/04/2021": {"value": "12.05", "Market Cap": "237.562M", "Beta (5Y Monthly)": "0.94", "PE Ratio (TTM)": "12.42", "EPS (TTM)": "0.97", "Earnings Date": "Jan 28, 2021", "Forward Dividend & Yield": "0.12 (0.99%)", "Ex-Dividend Date": "Feb 11, 2021", "1y Target Est": "13.88"}}, "fin": {"TTM": {"Duration": "TTM", "Total Revenue": "72,780", "Credit Losses Provision": "-8,246", "Non Interest Expense": "38,871", "Special Income Charges": "0", "Pretax Income": "25,663", "Tax Provision": "7,164", "Net Income Common Stockholders": "18,499", "Diluted NI Available to Com Stockholders": "18,499", "Basic EPS": "-", "Diluted EPS": "-", "Basic Average Shares": "-", "Diluted Average Shares": "-", "INTEREST_INCOME_AFTER_PROVISION_FOR_LOAN_LOSS": "57,774", "Net Income from Continuing & Discontinued Operation": "18,499", "Normalized Income": "18,499", "Total Money Market Investments": "1,288", "Reconciled Depreciation": "1,968", "Net Income from Continuing Operation Net Minority Interest": "18,499", "Total Unusual Items Excluding Goodwill": "0", "Total Unusual Items": "0", "Tax Rate for Calcs": "0", "Tax Effect of Unusual Items": "0"}, "12/31/2019": {"Duration": "12/31/2019", "Total Revenue": "62,361", "Credit Losses Provision": "-3,984", "Non Interest Expense": "35,718", "Special Income Charges": "-3,646", "Pretax Income": "19,013", "Tax Provision": "5,568", "Net Income Common Stockholders": "13,445", "Diluted NI Available to Com Stockholders": "13,445", "Basic EPS": "0.70", "Diluted EPS": "0.69", "Basic Average Shares": "19,098", "Diluted Average Shares": "19,392", "INTEREST_INCOME_AFTER_PROVISION_FOR_LOAN_LOSS": "54,382", "Net Income from Continuing & Discontinued Operation": "13,445", "Normalized Income": "16,023", "Total Money Market Investments": "2,181", "Reconciled Depreciation": "1,687", "Net Income from Continuing Operation Net Minority Interest": "13,445", "Total Unusual Items Excluding Goodwill": "-3,646", "Total Unusual Items": "-3,646", "Tax Rate for Calcs": "0", "Tax Effect of Unusual Items": "-1,068"}, "12/31/2018": {"Duration": "12/31/2018", "Total Revenue": "58,396", "Credit Losses Provision": "-3,447", "Non Interest Expense": "32,326", "Special Income Charges": "-988", "Pretax Income": "21,635", "Tax Provision": "4,046", "Net Income Common Stockholders": "17,589", "Diluted NI Available to Com Stockholders": "17,589", "Basic EPS": "0.97", "Diluted EPS": "0.95", "Basic Average Shares": "18,213", "Diluted Average Shares": "18,572", "INTEREST_INCOME_AFTER_PROVISION_FOR_LOAN_LOSS": "51,497", "Net Income from Continuing & Discontinued Operation": "17,589", "Normalized Income": "18,392", "Total Money Market Investments": "1,609", "Reconciled Depreciation": "1,404", "Net Income from Continuing Operation Net Minority Interest": "17,589", "Total Unusual Items Excluding Goodwill": "-988", "Total Unusual Items": "-988", "Tax Rate for Calcs": "0", "Tax Effect of Unusual Items": "-184.756"}}, "bs": {"12/31/2019": {"Duration": "12/31/2019", "Total Assets": "2,011,587", "Total Liabilities Net Minority Interest": "1,785,194", "Total Equity Gross Minority Interest": "226,393", "Total Capitalization": "353,833", "Common Stock Equity": "226,393", "Net Tangible Assets": "208,057", "Invested Capital": "353,833", "Tangible Book Value": "208,057", "Total Debt": "127,440", "Net Debt": "79,561", "Share Issued": "20,459", "Ordinary Shares Number": "20,459"}, "12/31/2018": {"Duration": "12/31/2018", "Total Assets": "1,711,159", "Total Liabilities Net Minority Interest": "1,516,323", "Total Equity Gross Minority Interest": "194,836", "Total Capitalization": "310,043", "Common Stock Equity": "194,836", "Net Tangible Assets": "177,399", "Invested Capital": "310,043", "Tangible Book Value": "177,399", "Total Debt": "115,207", "Net Debt": "78,852", "Share Issued": "18,676", "Ordinary Shares Number": "18,676"}}, "cf": {"TTM": {"Duration": "TTM", "Operating Cash Flow": "22,142", "Investing Cash Flow": "-276,779", "Financing Cash Flow": "249,524", "End Cash Position": "84,240", "Income Tax Paid Supplemental Data": "5,180", "Interest Paid Supplemental Data": "23,587", "Capital Expenditure": "-466", "Issuance of Capital Stock": "-", "Issuance of Debt": "157,898", "Repayment of Debt": "-81,720", "Free Cash Flow": "21,676"}, "12/31/2019": {"Duration": "12/31/2019", "Operating Cash Flow": "20,807", "Investing Cash Flow": "-81,175", "Financing Cash Flow": "86,730", "End Cash Position": "81,792", "Income Tax Paid Supplemental Data": "3,860", "Interest Paid Supplemental Data": "25,879", "Capital Expenditure": "-1,026", "Issuance of Capital Stock": "0", "Issuance of Debt": "107,000", "Repayment of Debt": "-94,875", "Free Cash Flow": "19,781"}, "12/31/2018": {"Duration": "12/31/2018", "Operating Cash Flow": "36,921", "Investing Cash Flow": "-140,669", "Financing Cash Flow": "115,800", "End Cash Position": "55,430", "Income Tax Paid Supplemental Data": "4,185", "Interest Paid Supplemental Data": "17,770", "Capital Expenditure": "-1,793", "Issuance of Capital Stock": "743", "Issuance of Debt": "137,106", "Repayment of Debt": "-138,570", "Free Cash Flow": "35,128"}}}}, {"BOTJ": {"quote": {"04/04/2021": {"value": "14.20", "Market Cap": "61.413M", "Beta (5Y Monthly)": "1.22", "PE Ratio (TTM)": "12.38", "EPS (TTM)": "1.15", "Earnings Date": "Jan 22, 2021", "Forward Dividend & Yield": "0.28 (1.92%)", "Ex-Dividend Date": "Mar 04, 2021", "1y Target Est": "N/A"}}, "fin": {"TTM": {"Duration": "TTM", "Total Revenue": "35,009", "Credit Losses Provision": "-2,548", "Non Interest Expense": "26,282", "Special Income Charges": "-", "Pretax Income": "6,179", "Tax Provision": "1,199", "Net Income Common Stockholders": "4,980", "Diluted NI Available to Com Stockholders": "4,980", "Basic EPS": "-", "Diluted EPS": "-", "Basic Average Shares": "-", "Diluted Average Shares": "-", "INTEREST_INCOME_AFTER_PROVISION_FOR_LOAN_LOSS": "22,520", "Net Income from Continuing & Discontinued Operation": "4,980", "Normalized Income": "4,980", "Total Money Market Investments": "191", "Reconciled Depreciation": "-", "Net Income from Continuing Operation Net Minority Interest": "4,980", "Total Unusual Items Excluding Goodwill": "-", "Total Unusual Items": "-", "Tax Rate for Calcs": "0", "Tax Effect of Unusual Items": "0"}, "12/31/2020": {"Duration": "12/31/2020", "Total Revenue": "35,009", "Credit Losses Provision": "-2,548", "Non Interest Expense": "26,282", "Special Income Charges": "-", "Pretax Income": "6,179", "Tax Provision": "1,199", "Net Income Common Stockholders": "4,980", "Diluted NI Available to Com Stockholders": "4,980", "Basic EPS": "-", "Diluted EPS": "-", "Basic Average Shares": "-", "Diluted Average Shares": "-", "INTEREST_INCOME_AFTER_PROVISION_FOR_LOAN_LOSS": "22,520", "Net Income from Continuing & Discontinued Operation": "4,980", "Normalized Income": "4,980", "Total Money Market Investments": "191", "Reconciled Depreciation": "-", "Net Income from Continuing Operation Net Minority Interest": "4,980", "Total Unusual Items Excluding Goodwill": "-", "Total Unusual Items": "-", "Tax Rate for Calcs": "0", "Tax Effect of Unusual Items": "0"}, "12/31/2019": {"Duration": "12/31/2019", "Total Revenue": "31,087", "Credit Losses Provision": "-523", "Non Interest Expense": "23,630", "Special Income Charges": "-", "Pretax Income": "6,934", "Tax Provision": "1,329", "Net Income Common Stockholders": "5,605", "Diluted NI Available to Com Stockholders": "5,605", "Basic EPS": "1.28", "Diluted EPS": "1.28", "Basic Average Shares": "4,376", "Diluted Average Shares": "4,382", "INTEREST_INCOME_AFTER_PROVISION_FOR_LOAN_LOSS": "23,936", "Net Income from Continuing & Discontinued Operation": "5,605", "Normalized Income": "5,605", "Total Money Market Investments": "780", "Reconciled Depreciation": "1,666", "Net Income from Continuing Operation Net Minority Interest": "5,605", "Total Unusual Items Excluding Goodwill": "-", "Total Unusual Items": "-", "Tax Rate for Calcs": "0", "Tax Effect of Unusual Items": "0"}, "12/31/2018": {"Duration": "12/31/2018", "Total Revenue": "27,883", "Credit Losses Provision": "-716", "Non Interest Expense": "20,536", "Special Income Charges": "-", "Pretax Income": "6,631", "Tax Provision": "1,329", "Net Income Common Stockholders": "5,302", "Diluted NI Available to Com Stockholders": "5,302", "Basic EPS": "1.21", "Diluted EPS": "1.21", "Basic Average Shares": "4,378", "Diluted Average Shares": "4,378", "INTEREST_INCOME_AFTER_PROVISION_FOR_LOAN_LOSS": "22,386", "Net Income from Continuing & Discontinued Operation": "5,302", "Normalized Income": "5,302", "Total Money Market Investments": "620", "Reconciled Depreciation": "930", "Net Income from Continuing Operation Net Minority Interest": "5,302", "Total Unusual Items Excluding Goodwill": "-", "Total Unusual Items": "-", "Tax Rate for Calcs": "0", "Tax Effect of Unusual Items": "0"}}, "bs": {"12/31/2020": {"Duration": "12/31/2020", "Total Assets": "851,386", "Total Liabilities Net Minority Interest": "784,654", "Total Equity Gross Minority Interest": "66,732", "Total Capitalization": "76,759", "Common Stock Equity": "66,732", "Net Tangible Assets": "66,371", "Invested Capital": "76,759", "Tangible Book Value": "66,371", "Total Debt": "10,027", "Share Issued": "4,339", "Ordinary Shares Number": "4,339"}, "12/31/2019": {"Duration": "12/31/2019", "Total Assets": "725,394", "Total Liabilities Net Minority Interest": "663,949", "Total Equity Gross Minority Interest": "61,445", "Total Capitalization": "66,445", "Common Stock Equity": "61,445", "Net Tangible Assets": "61,445", "Invested Capital": "66,445", "Tangible Book Value": "61,445", "Total Debt": "5,000", "Share Issued": "4,357", "Ordinary Shares Number": "4,357"}, "12/31/2018": {"Duration": "12/31/2018", "Total Assets": "674,897", "Total Liabilities Net Minority Interest": "619,754", "Total Equity Gross Minority Interest": "55,143", "Total Capitalization": "60,143", "Common Stock Equity": "55,143", "Net Tangible Assets": "55,143", "Invested Capital": "60,143", "Tangible Book Value": "55,143", "Total Debt": "5,000", "Share Issued": "4,378", "Ordinary Shares Number": "4,378"}}, "cf": {"TTM": {"Duration": "TTM", "Operating Cash Flow": "-", "Investing Cash Flow": "-", "Financing Cash Flow": "-", "End Cash Position": "-", "Income Tax Paid Supplemental Data": "-", "Interest Paid Supplemental Data": "-", "Capital Expenditure": "-", "Issuance of Debt": "-", "Repayment of Debt": "-", "Repurchase of Capital Stock": "-", "Free Cash Flow": "-"}, "12/31/2019": {"Duration": "12/31/2019", "Operating Cash Flow": "5,592", "Investing Cash Flow": "-52,525", "Financing Cash Flow": "35,719", "End Cash Position": "39,111", "Income Tax Paid Supplemental Data": "120", "Interest Paid Supplemental Data": "5,218", "Capital Expenditure": "-4,398", "Issuance of Debt": "-", "Repayment of Debt": "-156", "Repurchase of Capital Stock": "-315", "Free Cash Flow": "1,194"}, "12/31/2018": {"Duration": "12/31/2018", "Operating Cash Flow": "8,573", "Investing Cash Flow": "-38,766", "Financing Cash Flow": "43,500", "End Cash Position": "50,325", "Income Tax Paid Supplemental Data": "1,275", "Interest Paid Supplemental Data": "3,779", "Capital Expenditure": "-2,301", "Issuance of Debt": "0", "Repayment of Debt": "-", "Repurchase of Capital Stock": "-", "Free Cash Flow": "6,272"}}}}, {"TBBK": {"quote": {"04/04/2021": {"value": "21.13", "Market Cap": "1.224B", "Beta (5Y Monthly)": "1.51", "PE Ratio (TTM)": "15.41", "EPS (TTM)": "1.37", "Earnings Date": "Apr 28, 2021 - May 03, 2021", "Forward Dividend & Yield": "N/A (N/A)", "Ex-Dividend Date": "N/A", "1y Target Est": "21.00"}}, "fin": {"TTM": {"Duration": "TTM", "Total Revenue": "279,528", "Credit Losses Provision": "-6,352", "Non Interest Expense": "164,847", "Income from Associates & Other Participating Interests": "-45", "Special Income Charges": "0", "Pretax Income": "108,284", "Tax Provision": "27,688", "Net Income Common Stockholders": "80,084", "Diluted NI Available to Com Stockholders": "80,084", "Basic EPS": "-", "Diluted EPS": "-", "Basic Average Shares": "-", "Diluted Average Shares": "-", "Rent Expense Supplemental": "5,541", "INTEREST_INCOME_AFTER_PROVISION_FOR_LOAN_LOSS": "188,514", "Net Income from Continuing & Discontinued Operation": "80,084", "Normalized Income": "80,596", "Total Money Market Investments": "1,885", "Reconciled Depreciation": "3,758", "Net Income from Continuing Operation Net Minority Interest": "80,596", "Total Unusual Items Excluding Goodwill": "0", "Total Unusual Items": "0", "Tax Rate for Calcs": "0", "Tax Effect of Unusual Items": "0"}, "12/31/2020": {"Duration": "12/31/2020", "Total Revenue": "279,528", "Credit Losses Provision": "-6,352", "Non Interest Expense": "164,847", "Income from Associates & Other Participating Interests": "-45", "Special Income Charges": "0", "Pretax Income": "108,284", "Tax Provision": "27,688", "Net Income Common Stockholders": "80,084", "Diluted NI Available to Com Stockholders": "80,084", "Basic EPS": "-", "Diluted EPS": "-", "Basic Average Shares": "-", "Diluted Average Shares": "-", "Rent Expense Supplemental": "5,541", "INTEREST_INCOME_AFTER_PROVISION_FOR_LOAN_LOSS": "188,514", "Net Income from Continuing & Discontinued Operation": "80,084", "Normalized Income": "80,596", "Total Money Market Investments": "1,885", "Reconciled Depreciation": "3,758", "Net Income from Continuing Operation Net Minority Interest": "80,596", "Total Unusual Items Excluding Goodwill": "0", "Total Unusual Items": "0", "Tax Rate for Calcs": "0", "Tax Effect of Unusual Items": "0"}, "12/31/2019": {"Duration": "12/31/2019", "Total Revenue": "245,415", "Credit Losses Provision": "-4,400", "Non Interest Expense": "158,713", "Income from Associates & Other Participating Interests": "0", "Special Income Charges": "-9,808", "Pretax Income": "72,494", "Tax Provision": "21,226", "Net Income Common Stockholders": "51,559", "Diluted NI Available to Com Stockholders": "51,559", "Basic EPS": "0.91", "Diluted EPS": "0.90", "Basic Average Shares": "56,766", "Diluted Average Shares": "57,339", "Rent Expense Supplemental": "6,628", "INTEREST_INCOME_AFTER_PROVISION_FOR_LOAN_LOSS": "136,888", "Net Income from Continuing & Discontinued Operation": "51,559", "Normalized Income": "58,202", "Total Money Market Investments": "10,007", "Reconciled Depreciation": "5,227", "Net Income from Continuing Operation Net Minority Interest": "51,268", "Total Unusual Items Excluding Goodwill": "-9,808", "Total Unusual Items": "-9,808", "Tax Rate for Calcs": "0", "Tax Effect of Unusual Items": "-2,874"}, "12/31/2018": {"Duration": "12/31/2018", "Total Revenue": "278,333", "Credit Losses Provision": "-3,585", "Non Interest Expense": "151,173", "Income from Associates & Other Participating Interests": "-3,689", "Special Income Charges": "-105", "Pretax Income": "119,781", "Tax Provision": "32,241", "Net Income Common Stockholders": "88,677", "Diluted NI Available to Com Stockholders": "88,677", "Basic EPS": "1.57", "Diluted EPS": "1.55", "Basic Average Shares": "56,344", "Diluted Average Shares": "57,068", "Rent Expense Supplemental": "5,474", "INTEREST_INCOME_AFTER_PROVISION_FOR_LOAN_LOSS": "117,264", "Net Income from Continuing & Discontinued Operation": "88,677", "Normalized Income": "40,102", "Total Money Market Investments": "10,445", "Reconciled Depreciation": "5,528", "Net Income from Continuing Operation Net Minority Interest": "87,540", "Total Unusual Items Excluding Goodwill": "64,895", "Total Unusual Items": "64,895", "Tax Rate for Calcs": "0", "Tax Effect of Unusual Items": "17,457"}}, "bs": {"12/31/2020": {"Duration": "12/31/2020", "Total Assets": "6,276,841", "Total Liabilities Net Minority Interest": "5,695,677", "Total Equity Gross Minority Interest": "581,164", "Total Capitalization": "733,156", "Common Stock Equity": "581,164", "Net Tangible Assets": "578,319", "Invested Capital": "733,156", "Tangible Book Value": "578,319", "Total Debt": "151,992", "Share Issued": "57,751", "Ordinary Shares Number": "57,651", "Treasury Shares Number": "100"}, "12/31/2019": {"Duration": "12/31/2019", "Total Assets": "5,656,963", "Total Liabilities Net Minority Interest": "5,172,466", "Total Equity Gross Minority Interest": "484,497", "Total Capitalization": "538,889", "Common Stock Equity": "484,497", "Net Tangible Assets": "482,182", "Invested Capital": "538,889", "Tangible Book Value": "482,182", "Total Debt": "54,392", "Share Issued": "57,041", "Ordinary Shares Number": "56,941", "Treasury Shares Number": "100"}, "12/31/2018": {"Duration": "12/31/2018", "Total Assets": "4,437,911", "Total Liabilities Net Minority Interest": "4,031,135", "Total Equity Gross Minority Interest": "406,776", "Total Capitalization": "461,851", "Common Stock Equity": "406,776", "Net Tangible Assets": "402,930", "Invested Capital": "461,851", "Tangible Book Value": "402,930", "Total Debt": "55,075", "Share Issued": "56,546", "Ordinary Shares Number": "56,446", "Treasury Shares Number": "100"}}, "cf": {"TTM": {"Duration": "TTM", "Operating Cash Flow": "-512,178", "Investing Cash Flow": "-595,795", "Financing Cash Flow": "509,016", "End Cash Position": "345,515", "Income Tax Paid Supplemental Data": "23,040", "Interest Paid Supplemental Data": "13,310", "Capital Expenditure": "-3,738", "Issuance of Debt": "98,160", "Free Cash Flow": "-515,916"}, "12/31/2020": {"Duration": "12/31/2020", "Operating Cash Flow": "-512,178", "Investing Cash Flow": "-595,795", "Financing Cash Flow": "509,016", "End Cash Position": "345,515", "Income Tax Paid Supplemental Data": "23,040", "Interest Paid Supplemental Data": "13,310", "Capital Expenditure": "-3,738", "Issuance of Debt": "98,160", "Free Cash Flow": "-515,916"}, "12/31/2019": {"Duration": "12/31/2019", "Operating Cash Flow": "-493,083", "Investing Cash Flow": "-233,310", "Financing Cash Flow": "1,116,563", "End Cash Position": "944,472", "Income Tax Paid Supplemental Data": "20,683", "Interest Paid Supplemental Data": "37,532", "Capital Expenditure": "-2,012", "Issuance of Debt": "-", "Free Cash Flow": "-495,095"}, "12/31/2018": {"Duration": "12/31/2018", "Operating Cash Flow": "-174,156", "Investing Cash Flow": "84,663", "Financing Cash Flow": "-265,140", "End Cash Position": "554,302", "Income Tax Paid Supplemental Data": "12,663", "Interest Paid Supplemental Data": "27,021", "Capital Expenditure": "-2,379", "Issuance of Debt": "-", "Free Cash Flow": "-176,535"}}}}, {"GBNK": {"quote": {"04/04/2021": {"value": "", "Net Assets": "N/A", "Beta (5Y Monthly)": "N/A", "Yield": "N/A", "5y Average Return": "N/A", "Holdings Turnover": "N/A", "Last Dividend": "N/A", "Average for Category": "N/A", "Inception Date": "N/A"}}, "fin": {}, "bs": {}, "cf": {}}}, {"BYBK": {"quote": {"04/04/2021": {"value": "", "Net Assets": "N/A", "Beta (5Y Monthly)": "N/A", "Yield": "N/A", "5y Average Return": "N/A", "Holdings Turnover": "N/A", "Last Dividend": "N/A", "Average for Category": "N/A", "Inception Date": "N/A"}}, "fin": {}, "bs": {}, "cf": {}}}, {"UBSI": {"quote": {"04/04/2021": {"value": "38.89", "Market Cap": "5.015B", "Beta (5Y Monthly)": "1.39", "PE Ratio (TTM)": "16.20", "EPS (TTM)": "2.40", "Earnings Date": "Apr 28, 2021 - May 03, 2021", "Forward Dividend & Yield": "1.40 (3.60%)", "Ex-Dividend Date": "Mar 11, 2021", "1y Target Est": "36.80"}}, "fin": {"TTM": {"Duration": "TTM", "Total Revenue": "1,031,124", "Credit Losses Provision": "-106,562", "Non Interest Expense": "556,666", "Special Income Charges": "-8,156", "Pretax Income": "359,740", "Tax Provision": "70,717", "Net Income Common Stockholders": "288,282", "Diluted NI Available to Com Stockholders": "288,282", "Basic EPS": "-", "Diluted EPS": "-", "Basic Average Shares": "-", "Diluted Average Shares": "-", "INTEREST_INCOME_AFTER_PROVISION_FOR_LOAN_LOSS": "583,211", "Net Income from Continuing & Discontinued Operation": "289,023", "Normalized Income": "295,576", "Total Money Market Investments": "9,780", "Reconciled Depreciation": "-16,436", "Net Income from Continuing Operation Net Minority Interest": "289,023", "Total Unusual Items Excluding Goodwill": "-8,156", "Total Unusual Items": "-8,156", "Tax Rate for Calcs": "0", "Tax Effect of Unusual Items": "-1,603"}, "12/31/2020": {"Duration": "12/31/2020", "Total Revenue": "1,031,124", "Credit Losses Provision": "-106,562", "Non Interest Expense": "556,666", "Special Income Charges": "-8,156", "Pretax Income": "359,740", "Tax Provision": "70,717", "Net Income Common Stockholders": "288,282", "Diluted NI Available to Com Stockholders": "288,282", "Basic EPS": "-", "Diluted EPS": "-", "Basic Average Shares": "-", "Diluted Average Shares": "-", "INTEREST_INCOME_AFTER_PROVISION_FOR_LOAN_LOSS": "583,211", "Net Income from Continuing & Discontinued Operation": "289,023", "Normalized Income": "295,576", "Total Money Market Investments": "9,780", "Reconciled Depreciation": "-16,436", "Net Income from Continuing Operation Net Minority Interest": "289,023", "Total Unusual Items Excluding Goodwill": "-8,156", "Total Unusual Items": "-8,156", "Tax Rate for Calcs": "0", "Tax Effect of Unusual Items": "-1,603"}, "12/31/2019": {"Duration": "12/31/2019", "Total Revenue": "726,529", "Credit Losses Provision": "-21,313", "Non Interest Expense": "375,672", "Special Income Charges": "-5,105", "Pretax Income": "324,439", "Tax Provision": "64,340", "Net Income Common Stockholders": "259,504", "Diluted NI Available to Com Stockholders": "259,504", "Basic EPS": "2.55", "Diluted EPS": "2.55", "Basic Average Shares": "101,586", "Diluted Average Shares": "101,853", "INTEREST_INCOME_AFTER_PROVISION_FOR_LOAN_LOSS": "556,609", "Net Income from Continuing & Discontinued Operation": "260,099", "Normalized Income": "264,193", "Total Money Market Investments": "21,338", "Reconciled Depreciation": "-20,531", "Net Income from Continuing Operation Net Minority Interest": "260,099", "Total Unusual Items Excluding Goodwill": "-5,105", "Total Unusual Items": "-5,105", "Tax Rate for Calcs": "0", "Tax Effect of Unusual Items": "-1,011"}, "12/31/2018": {"Duration": "12/31/2018", "Total Revenue": "712,623", "Credit Losses Provision": "-22,013", "Non Interest Expense": "366,208", "Special Income Charges": "2,763", "Pretax Income": "327,165", "Tax Provision": "70,823", "Net Income Common Stockholders": "256,342", "Diluted NI Available to Com Stockholders": "256,342", "Basic EPS": "2.46", "Diluted EPS": "2.45", "Basic Average Shares": "104,016", "Diluted Average Shares": "104,299", "INTEREST_INCOME_AFTER_PROVISION_FOR_LOAN_LOSS": "566,632", "Net Income from Continuing & Discontinued Operation": "256,342", "Normalized Income": "254,179", "Total Money Market Investments": "19,268", "Reconciled Depreciation": "-21,061", "Net Income from Continuing Operation Net Minority Interest": "256,342", "Total Unusual Items Excluding Goodwill": "2,763", "Total Unusual Items": "2,763", "Tax Rate for Calcs": "0", "Tax Effect of Unusual Items": "599.571"}}, "bs": {"12/31/2020": {"Duration": "12/31/2020", "Total Assets": "26,184,247", "Total Liabilities Net Minority Interest": "21,886,627", "Total Equity Gross Minority Interest": "4,297,620", "Total Capitalization": "5,161,989", "Common Stock Equity": "4,297,620", "Capital Lease Obligations": "73,213", "Net Tangible Assets": "2,479,817", "Invested Capital": "5,161,989", "Tangible Book Value": "2,479,817", "Total Debt": "937,582", "Net Debt": "-", "Share Issued": "133,149", "Ordinary Shares Number": "129,189", "Treasury Shares Number": "3,961"}, "12/31/2019": {"Duration": "12/31/2019", "Total Assets": "19,662,324", "Total Liabilities Net Minority Interest": "16,298,491", "Total Equity Gross Minority Interest": "3,363,833", "Total Capitalization": "5,451,862", "Common Stock Equity": "3,363,833", "Capital Lease Obligations": "61,342", "Net Tangible Assets": "1,885,819", "Invested Capital": "5,451,862", "Tangible Book Value": "1,885,819", "Total Debt": "2,149,371", "Net Debt": "1,251,356", "Share Issued": "105,494", "Ordinary Shares Number": "101,554", "Treasury Shares Number": "3,941"}, "12/31/2018": {"Duration": "12/31/2018", "Total Assets": "19,250,498", "Total Liabilities Net Minority Interest": "15,998,874", "Total Equity Gross Minority Interest": "3,251,624", "Total Capitalization": "4,925,727", "Common Stock Equity": "3,251,624", "Capital Lease Obligations": "-", "Net Tangible Assets": "1,773,610", "Invested Capital": "4,925,727", "Tangible Book Value": "1,773,610", "Total Debt": "1,674,103", "Net Debt": "654,510", "Share Issued": "105,239", "Ordinary Shares Number": "102,323", "Treasury Shares Number": "2,916"}}, "cf": {"TTM": {"Duration": "TTM", "Operating Cash Flow": "140,447", "Investing Cash Flow": "137,585", "Financing Cash Flow": "1,093,543", "End Cash Position": "2,209,068", "Income Tax Paid Supplemental Data": "65,378", "Interest Paid Supplemental Data": "115,347", "Capital Expenditure": "-19,025", "Issuance of Capital Stock": "-", "Issuance of Debt": "500,000", "Repayment of Debt": "-1,847,000", "Repurchase of Capital Stock": "-21,317", "Free Cash Flow": "121,422"}, "12/31/2020": {"Duration": "12/31/2020", "Operating Cash Flow": "140,447", "Investing Cash Flow": "137,585", "Financing Cash Flow": "1,093,543", "End Cash Position": "2,209,068", "Income Tax Paid Supplemental Data": "65,378", "Interest Paid Supplemental Data": "115,347", "Capital Expenditure": "-19,025", "Issuance of Capital Stock": "-", "Issuance of Debt": "500,000", "Repayment of Debt": "-1,847,000", "Repurchase of Capital Stock": "-21,317", "Free Cash Flow": "121,422"}, "12/31/2019": {"Duration": "12/31/2019", "Operating Cash Flow": "147,694", "Investing Cash Flow": "-379,048", "Financing Cash Flow": "48,451", "End Cash Position": "837,493", "Income Tax Paid Supplemental Data": "56,459", "Interest Paid Supplemental Data": "182,549", "Capital Expenditure": "-11,083", "Issuance of Capital Stock": "1", "Issuance of Debt": "1,475,000", "Repayment of Debt": "-1,135,000", "Repurchase of Capital Stock": "-35,673", "Free Cash Flow": "136,611"}, "12/31/2018": {"Duration": "12/31/2018", "Operating Cash Flow": "292,533", "Investing Cash Flow": "-871,513", "Financing Cash Flow": "-66,791", "End Cash Position": "1,020,396", "Income Tax Paid Supplemental Data": "55,336", "Interest Paid Supplemental Data": "124,679", "Capital Expenditure": "-5,776", "Issuance of Capital Stock": "0", "Issuance of Debt": "950,000", "Repayment of Debt": "-755,000", "Repurchase of Capital Stock": "-100,724", "Free Cash Flow": "286,757"}}}}, {"BOCH": {"quote": {"04/04/2021": {"value": "12.93", "Market Cap": "218.105M", "Beta (5Y Monthly)": "0.69", "PE Ratio (TTM)": "15.58", "EPS (TTM)": "0.83", "Earnings Date": "Apr 15, 2021 - Apr 19, 2021", "Forward Dividend & Yield": "0.24 (1.86%)", "Ex-Dividend Date": "Mar 29, 2021", "1y Target Est": "12.25"}}, "fin": {"TTM": {"Duration": "TTM", "Total Revenue": "59,507", "Credit Losses Provision": "-5,250", "Non Interest Expense": "34,977", "Special Income Charges": "0", "Pretax Income": "19,280", "Tax Provision": "5,116", "Net Income Common Stockholders": "14,164", "Diluted NI Available to Com Stockholders": "14,164", "Basic EPS": "-", "Diluted EPS": "-", "Basic Average Shares": "-", "Diluted Average Shares": "-", "INTEREST_INCOME_AFTER_PROVISION_FOR_LOAN_LOSS": "50,205", "Net Income from Continuing & Discontinued Operation": "14,164", "Normalized Income": "14,181", "Total Money Market Investments": "240", "Reconciled Depreciation": "2,005", "Net Income from Continuing Operation Net Minority Interest": "14,164", "Total Unusual Items Excluding Goodwill": "-23", "Total Unusual Items": "-23", "Tax Rate for Calcs": "0", "Tax Effect of Unusual Items": "-6.1031"}, "12/31/2020": {"Duration": "12/31/2020", "Total Revenue": "59,507", "Credit Losses Provision": "-5,250", "Non Interest Expense": "34,977", "Special Income Charges": "0", "Pretax Income": "19,280", "Tax Provision": "5,116", "Net Income Common Stockholders": "14,164", "Diluted NI Available to Com Stockholders": "14,164", "Basic EPS": "-", "Diluted EPS": "-", "Basic Average Shares": "-", "Diluted Average Shares": "-", "INTEREST_INCOME_AFTER_PROVISION_FOR_LOAN_LOSS": "50,205", "Net Income from Continuing & Discontinued Operation": "14,164", "Normalized Income": "14,181", "Total Money Market Investments": "240", "Reconciled Depreciation": "2,005", "Net Income from Continuing Operation Net Minority Interest": "14,164", "Total Unusual Items Excluding Goodwill": "-23", "Total Unusual Items": "-23", "Tax Rate for Calcs": "0", "Tax Effect of Unusual Items": "-6.095"}, "12/31/2019": {"Duration": "12/31/2019", "Total Revenue": "57,719", "Credit Losses Provision": "0", "Non Interest Expense": "35,062", "Special Income Charges": "-2,193", "Pretax Income": "20,464", "Tax Provision": "5,503", "Net Income Common Stockholders": "14,961", "Diluted NI Available to Com Stockholders": "14,961", "Basic EPS": "0.83", "Diluted EPS": "0.83", "Basic Average Shares": "17,956", "Diluted Average Shares": "18,024", "INTEREST_INCOME_AFTER_PROVISION_FOR_LOAN_LOSS": "53,535", "Net Income from Continuing & Discontinued Operation": "14,961", "Normalized Income": "16,519", "Total Money Market Investments": "1,112", "Reconciled Depreciation": "2,087", "Net Income from Continuing Operation Net Minority Interest": "14,961", "Total Unusual Items Excluding Goodwill": "-2,131", "Total Unusual Items": "-2,131", "Tax Rate for Calcs": "0", "Tax Effect of Unusual Items": "-573.239"}, "12/31/2018": {"Duration": "12/31/2018", "Total Revenue": "51,565", "Credit Losses Provision": "0", "Non Interest Expense": "31,362", "Special Income Charges": "-844", "Pretax Income": "19,359", "Tax Provision": "3,629", "Net Income Common Stockholders": "15,730", "Diluted NI Available to Com Stockholders": "15,730", "Basic EPS": "0.97", "Diluted EPS": "0.96", "Basic Average Shares": "16,248", "Diluted Average Shares": "16,332", "INTEREST_INCOME_AFTER_PROVISION_FOR_LOAN_LOSS": "47,546", "Net Income from Continuing & Discontinued Operation": "15,730", "Normalized Income": "16,357", "Total Money Market Investments": "952", "Reconciled Depreciation": "1,959", "Net Income from Continuing Operation Net Minority Interest": "15,730", "Total Unusual Items Excluding Goodwill": "-771", "Total Unusual Items": "-771", "Tax Rate for Calcs": "0", "Tax Effect of Unusual Items": "-144.177"}}, "bs": {"12/31/2020": {"Duration": "12/31/2020", "Total Assets": "1,763,954", "Total Liabilities Net Minority Interest": "1,586,252", "Total Equity Gross Minority Interest": "177,702", "Total Capitalization": "203,012", "Common Stock Equity": "177,702", "Capital Lease Obligations": "2,848", "Net Tangible Assets": "161,987", "Invested Capital": "203,012", "Tangible Book Value": "161,987", "Total Debt": "28,158", "Share Issued": "16,801", "Ordinary Shares Number": "16,801"}, "12/31/2019": {"Duration": "12/31/2019", "Total Assets": "1,479,616", "Total Liabilities Net Minority Interest": "1,305,138", "Total Equity Gross Minority Interest": "174,478", "Total Capitalization": "194,745", "Common Stock Equity": "174,478", "Capital Lease Obligations": "3,855", "Net Tangible Assets": "157,998", "Invested Capital": "194,745", "Tangible Book Value": "157,998", "Total Debt": "24,122", "Share Issued": "18,137", "Ordinary Shares Number": "18,137"}, "12/31/2018": {"Duration": "12/31/2018", "Total Assets": "1,307,104", "Total Liabilities Net Minority Interest": "1,168,783", "Total Equity Gross Minority Interest": "138,321", "Total Capitalization": "162,036", "Common Stock Equity": "138,321", "Capital Lease Obligations": "-", "Net Tangible Assets": "136,480", "Invested Capital": "162,036", "Tangible Book Value": "136,480", "Total Debt": "23,715", "Share Issued": "16,334", "Ordinary Shares Number": "16,334"}}, "cf": {"TTM": {"Duration": "TTM", "Operating Cash Flow": "22,773", "Investing Cash Flow": "-260,811", "Financing Cash Flow": "264,420", "End Cash Position": "106,986", "Income Tax Paid Supplemental Data": "3,967", "Interest Paid Supplemental Data": "4,663", "Capital Expenditure": "-1,133", "Issuance of Capital Stock": "-", "Issuance of Debt": "50,160", "Repayment of Debt": "-45,160", "Repurchase of Capital Stock": "-12,653", "Free Cash Flow": "21,640"}, "12/31/2020": {"Duration": "12/31/2020", "Operating Cash Flow": "22,773", "Investing Cash Flow": "-260,811", "Financing Cash Flow": "264,420", "End Cash Position": "106,986", "Income Tax Paid Supplemental Data": "3,967", "Interest Paid Supplemental Data": "4,663", "Capital Expenditure": "-1,133", "Issuance of Capital Stock": "-", "Issuance of Debt": "50,160", "Repayment of Debt": "-45,160", "Repurchase of Capital Stock": "-12,653", "Free Cash Flow": "21,640"}, "12/31/2019": {"Duration": "12/31/2019", "Operating Cash Flow": "16,648", "Investing Cash Flow": "79,089", "Financing Cash Flow": "-62,498", "End Cash Position": "80,604", "Income Tax Paid Supplemental Data": "6,007", "Interest Paid Supplemental Data": "6,029", "Capital Expenditure": "-1,958", "Issuance of Capital Stock": "-", "Issuance of Debt": "180,160", "Repayment of Debt": "-183,656", "Repurchase of Capital Stock": "-1,010", "Free Cash Flow": "14,690"}, "12/31/2018": {"Duration": "12/31/2018", "Operating Cash Flow": "20,732", "Investing Cash Flow": "-63,559", "Financing Cash Flow": "23,222", "End Cash Position": "47,365", "Income Tax Paid Supplemental Data": "2,727", "Interest Paid Supplemental Data": "5,171", "Capital Expenditure": "-351", "Issuance of Capital Stock": "0", "Issuance of Debt": "230,160", "Repayment of Debt": "-233,761", "Repurchase of Capital Stock": "-", "Free Cash Flow": "20,381"}}}}, {"VBFC": {"quote": {"04/04/2021": {"value": "39.88", "Market Cap": "58.496M", "Beta (5Y Monthly)": "0.72", "PE Ratio (TTM)": "6.81", "EPS (TTM)": "5.86", "Earnings Date": "Jan 27, 2021", "Forward Dividend & Yield": "N/A (N/A)", "Ex-Dividend Date": "N/A", "1y Target Est": "N/A"}}, "fin": {"TTM": {"Duration": "TTM", "Total Revenue": "33,638", "Credit Losses Provision": "-950", "Non Interest Expense": "20,953", "Special Income Charges": "-696", "Pretax Income": "11,039", "Tax Provision": "2,485", "Net Income Common Stockholders": "8,554", "Diluted NI Available to Com Stockholders": "8,554", "Basic EPS": "-", "Diluted EPS": "-", "Basic Average Shares": "-", "Diluted Average Shares": "-", "Rent Expense Supplemental": "-", "INTEREST_INCOME_AFTER_PROVISION_FOR_LOAN_LOSS": "20,443", "Net Income from Continuing & Discontinued Operation": "8,554", "Normalized Income": "9,093", "Total Money Market Investments": "59", "Reconciled Depreciation": "586", "Net Income from Continuing Operation Net Minority Interest": "8,554", "Total Unusual Items Excluding Goodwill": "-695", "Total Unusual Items": "-695", "Tax Rate for Calcs": "0", "Tax Effect of Unusual Items": "-156.375"}, "12/31/2020": {"Duration": "12/31/2020", "Total Revenue": "33,638", "Credit Losses Provision": "-950", "Non Interest Expense": "20,953", "Special Income Charges": "-696", "Pretax Income": "11,039", "Tax Provision": "2,485", "Net Income Common Stockholders": "8,554", "Diluted NI Available to Com Stockholders": "8,554", "Basic EPS": "-", "Diluted EPS": "-", "Basic Average Shares": "-", "Diluted Average Shares": "-", "Rent Expense Supplemental": "-", "INTEREST_INCOME_AFTER_PROVISION_FOR_LOAN_LOSS": "20,443", "Net Income from Continuing & Discontinued Operation": "8,554", "Normalized Income": "9,093", "Total Money Market Investments": "59", "Reconciled Depreciation": "586", "Net Income from Continuing Operation Net Minority Interest": "8,554", "Total Unusual Items Excluding Goodwill": "-695", "Total Unusual Items": "-695", "Tax Rate for Calcs": "0", "Tax Effect of Unusual Items": "-156.375"}, "12/31/2019": {"Duration": "12/31/2019", "Total Revenue": "26,065", "Credit Losses Provision": "-135", "Non Interest Expense": "20,267", "Special Income Charges": "-22", "Pretax Income": "5,641", "Tax Provision": "1,164", "Net Income Common Stockholders": "4,477", "Diluted NI Available to Com Stockholders": "4,477", "Basic EPS": "3.10", "Diluted EPS": "3.10", "Basic Average Shares": "1,444", "Diluted Average Shares": "1,444", "Rent Expense Supplemental": "-", "INTEREST_INCOME_AFTER_PROVISION_FOR_LOAN_LOSS": "18,022", "Net Income from Continuing & Discontinued Operation": "4,477", "Normalized Income": "4,494", "Total Money Market Investments": "325", "Reconciled Depreciation": "644", "Net Income from Continuing Operation Net Minority Interest": "4,477", "Total Unusual Items Excluding Goodwill": "-22", "Total Unusual Items": "-22", "Tax Rate for Calcs": "0", "Tax Effect of Unusual Items": "-4.532"}, "12/31/2018": {"Duration": "12/31/2018", "Total Revenue": "23,351", "Credit Losses Provision": "0", "Non Interest Expense": "19,565", "Special Income Charges": "-56", "Pretax Income": "3,730", "Tax Provision": "693", "Net Income Common Stockholders": "2,924", "Diluted NI Available to Com Stockholders": "2,924", "Basic EPS": "2.05", "Diluted EPS": "2.05", "Basic Average Shares": "1,426", "Diluted Average Shares": "1,426", "Rent Expense Supplemental": "0", "INTEREST_INCOME_AFTER_PROVISION_FOR_LOAN_LOSS": "17,160", "Net Income from Continuing & Discontinued Operation": "3,037", "Normalized Income": "3,083", "Total Money Market Investments": "135", "Reconciled Depreciation": "724", "Net Income from Continuing Operation Net Minority Interest": "3,037", "Total Unusual Items Excluding Goodwill": "-56", "Total Unusual Items": "-56", "Tax Rate for Calcs": "0", "Tax Effect of Unusual Items": "-10.4043"}}, "bs": {"12/31/2020": {"Duration": "12/31/2020", "Total Assets": "706,236", "Total Liabilities Net Minority Interest": "654,240", "Total Equity Gross Minority Interest": "51,996", "Total Capitalization": "107,917", "Preferred Stock Equity": "-", "Common Stock Equity": "51,996", "Net Tangible Assets": "51,996", "Invested Capital": "107,917", "Tangible Book Value": "51,996", "Total Debt": "55,921", "Net Debt": "43,212", "Share Issued": "1,467", "Ordinary Shares Number": "1,467"}, "12/31/2019": {"Duration": "12/31/2019", "Total Assets": "540,313", "Total Liabilities Net Minority Interest": "497,399", "Total Equity Gross Minority Interest": "42,914", "Total Capitalization": "91,590", "Preferred Stock Equity": "-", "Common Stock Equity": "42,914", "Net Tangible Assets": "42,914", "Invested Capital": "91,590", "Tangible Book Value": "42,914", "Total Debt": "48,676", "Net Debt": "28,709", "Share Issued": "1,453", "Ordinary Shares Number": "1,453"}, "12/31/2018": {"Duration": "12/31/2018", "Total Assets": "514,866", "Total Liabilities Net Minority Interest": "477,733", "Total Equity Gross Minority Interest": "37,133", "Total Capitalization": "72,460", "Preferred Stock Equity": "-", "Common Stock Equity": "37,133", "Net Tangible Assets": "37,133", "Invested Capital": "72,460", "Tangible Book Value": "37,133", "Total Debt": "35,327", "Net Debt": "22,610", "Share Issued": "1,435", "Ordinary Shares Number": "1,435"}}, "cf": {"TTM": {"Duration": "TTM", "Operating Cash Flow": "-7,139", "Investing Cash Flow": "-121,068", "Financing Cash Flow": "151,691", "End Cash Position": "43,451", "Interest Paid Supplemental Data": "5,156", "Capital Expenditure": "-329", "Issuance of Capital Stock": "-", "Issuance of Debt": "36,213", "Repayment of Debt": "-29,696", "Repurchase of Capital Stock": "-", "Free Cash Flow": "-7,468"}, "12/31/2020": {"Duration": "12/31/2020", "Operating Cash Flow": "-7,139", "Investing Cash Flow": "-121,068", "Financing Cash Flow": "151,691", "End Cash Position": "43,451", "Interest Paid Supplemental Data": "5,156", "Capital Expenditure": "-329", "Issuance of Capital Stock": "-", "Issuance of Debt": "36,213", "Repayment of Debt": "-29,696", "Repurchase of Capital Stock": "-", "Free Cash Flow": "-7,468"}, "12/31/2019": {"Duration": "12/31/2019", "Operating Cash Flow": "145", "Investing Cash Flow": "-17,199", "Financing Cash Flow": "17,478", "End Cash Position": "19,967", "Interest Paid Supplemental Data": "5,330", "Capital Expenditure": "-225", "Issuance of Capital Stock": "-", "Issuance of Debt": "13,317", "Repayment of Debt": "-", "Repurchase of Capital Stock": "0", "Free Cash Flow": "-80"}, "12/31/2018": {"Duration": "12/31/2018", "Operating Cash Flow": "7,089", "Investing Cash Flow": "-40,318", "Financing Cash Flow": "34,962", "End Cash Position": "19,543", "Interest Paid Supplemental Data": "3,780", "Capital Expenditure": "-197", "Issuance of Capital Stock": "-", "Issuance of Debt": "14,239", "Repayment of Debt": "-", "Repurchase of Capital Stock": "-5,027", "Free Cash Flow": "6,892"}}}}, {"SVBI": {"quote": {"04/04/2021": {"value": "12.30", "Market Cap": "158.061M", "Beta (5Y Monthly)": "0.69", "PE Ratio (TTM)": "23.65", "EPS (TTM)": "0.52", "Earnings Date": "Feb 01, 2021", "Forward Dividend & Yield": "0.20 (1.63%)", "Ex-Dividend Date": "Mar 05, 2021", "1y Target Est": "N/A"}}, "fin": {"TTM": {"Duration": "TTM", "Total Revenue": "43,334", "Credit Losses Provision": "-900", "Non Interest Expense": "33,052", "Special Income Charges": "-", "Pretax Income": "9,382", "Tax Provision": "2,676", "Net Income Common Stockholders": "6,706", "Diluted NI Available to Com Stockholders": "6,706", "Basic EPS": "-", "Diluted EPS": "-", "Basic Average Shares": "-", "Diluted Average Shares": "-", "INTEREST_INCOME_AFTER_PROVISION_FOR_LOAN_LOSS": "26,620", "Net Income from Continuing & Discontinued Operation": "6,706", "Normalized Income": "6,706", "Reconciled Depreciation": "-", "Net Income from Continuing Operation Net Minority Interest": "6,706", "Total Unusual Items Excluding Goodwill": "-", "Total Unusual Items": "-", "Tax Rate for Calcs": "0", "Tax Effect of Unusual Items": "0"}, "12/31/2020": {"Duration": "12/31/2020", "Total Revenue": "43,334", "Credit Losses Provision": "-900", "Non Interest Expense": "33,052", "Special Income Charges": "-", "Pretax Income": "9,382", "Tax Provision": "2,676", "Net Income Common Stockholders": "6,706", "Diluted NI Available to Com Stockholders": "6,706", "Basic EPS": "-", "Diluted EPS": "-", "Basic Average Shares": "-", "Diluted Average Shares": "-", "INTEREST_INCOME_AFTER_PROVISION_FOR_LOAN_LOSS": "26,620", "Net Income from Continuing & Discontinued Operation": "6,706", "Normalized Income": "6,706", "Reconciled Depreciation": "-", "Net Income from Continuing Operation Net Minority Interest": "6,706", "Total Unusual Items Excluding Goodwill": "-", "Total Unusual Items": "-", "Tax Rate for Calcs": "0", "Tax Effect of Unusual Items": "0"}, "12/31/2019": {"Duration": "12/31/2019", "Total Revenue": "40,771", "Credit Losses Provision": "500", "Non Interest Expense": "29,489", "Special Income Charges": "-172", "Pretax Income": "11,610", "Tax Provision": "3,236", "Net Income Common Stockholders": "8,374", "Diluted NI Available to Com Stockholders": "8,374", "Basic EPS": "0.66", "Diluted EPS": "0.65", "Basic Average Shares": "12,781", "Diluted Average Shares": "12,855", "INTEREST_INCOME_AFTER_PROVISION_FOR_LOAN_LOSS": "31,007", "Net Income from Continuing & Discontinued Operation": "8,374", "Normalized Income": "8,498", "Reconciled Depreciation": "1,443", "Net Income from Continuing Operation Net Minority Interest": "8,374", "Total Unusual Items Excluding Goodwill": "-172", "Total Unusual Items": "-172", "Tax Rate for Calcs": "0", "Tax Effect of Unusual Items": "-47.988"}, "12/31/2018": {"Duration": "12/31/2018", "Total Revenue": "37,837", "Credit Losses Provision": "300", "Non Interest Expense": "26,591", "Special Income Charges": "-", "Pretax Income": "11,546", "Tax Provision": "2,977", "Net Income Common Stockholders": "8,499", "Diluted NI Available to Com Stockholders": "8,499", "Basic EPS": "0.68", "Diluted EPS": "0.67", "Basic Average Shares": "12,586", "Diluted Average Shares": "12,698", "INTEREST_INCOME_AFTER_PROVISION_FOR_LOAN_LOSS": "29,357", "Net Income from Continuing & Discontinued Operation": "8,569", "Normalized Income": "8,569", "Reconciled Depreciation": "1,312", "Net Income from Continuing Operation Net Minority Interest": "8,569", "Total Unusual Items Excluding Goodwill": "-", "Total Unusual Items": "-", "Tax Rate for Calcs": "0", "Tax Effect of Unusual Items": "0"}}, "bs": {"12/31/2020": {"Duration": "12/31/2020", "Total Assets": "952,553", "Total Liabilities Net Minority Interest": "842,906", "Total Equity Gross Minority Interest": "109,647", "Total Capitalization": "140,266", "Preferred Stock Equity": "-", "Common Stock Equity": "109,647", "Net Tangible Assets": "109,647", "Invested Capital": "140,266", "Tangible Book Value": "109,647", "Total Debt": "30,619", "Net Debt": "22,220", "Share Issued": "12,813", "Ordinary Shares Number": "12,813", "Preferred Shares Number": "-"}, "12/31/2019": {"Duration": "12/31/2019", "Total Assets": "826,919", "Total Liabilities Net Minority Interest": "721,447", "Total Equity Gross Minority Interest": "105,472", "Total Capitalization": "161,091", "Preferred Stock Equity": "-", "Common Stock Equity": "105,472", "Net Tangible Assets": "104,368", "Invested Capital": "161,091", "Tangible Book Value": "104,368", "Total Debt": "55,619", "Net Debt": "45,187", "Share Issued": "12,811", "Ordinary Shares Number": "12,811", "Preferred Shares Number": "-"}, "12/31/2018": {"Duration": "12/31/2018", "Total Assets": "974,233", "Total Liabilities Net Minority Interest": "875,780", "Total Equity Gross Minority Interest": "98,453", "Total Capitalization": "192,572", "Preferred Stock Equity": "-", "Common Stock Equity": "98,453", "Net Tangible Assets": "97,349", "Invested Capital": "192,572", "Tangible Book Value": "97,349", "Total Debt": "94,119", "Net Debt": "82,459", "Share Issued": "12,760", "Ordinary Shares Number": "12,760", "Preferred Shares Number": "-"}}, "cf": {"TTM": {"Duration": "TTM", "Operating Cash Flow": "-", "Investing Cash Flow": "-", "Financing Cash Flow": "-", "End Cash Position": "-", "Income Tax Paid Supplemental Data": "-", "Interest Paid Supplemental Data": "-", "Capital Expenditure": "-", "Issuance of Capital Stock": "-", "Issuance of Debt": "-", "Repayment of Debt": "-", "Repurchase of Capital Stock": "-", "Free Cash Flow": "-"}, "12/31/2019": {"Duration": "12/31/2019", "Operating Cash Flow": "6,790", "Investing Cash Flow": "51,549", "Financing Cash Flow": "-158,486", "End Cash Position": "88,193", "Income Tax Paid Supplemental Data": "1,919", "Interest Paid Supplemental Data": "9,354", "Capital Expenditure": "-842", "Issuance of Capital Stock": "-", "Issuance of Debt": "0", "Repayment of Debt": "-38,500", "Repurchase of Capital Stock": "-", "Free Cash Flow": "5,948"}, "12/31/2018": {"Duration": "12/31/2018", "Operating Cash Flow": "5,717", "Investing Cash Flow": "-301", "Financing Cash Flow": "161,071", "End Cash Position": "188,340", "Income Tax Paid Supplemental Data": "103", "Interest Paid Supplemental Data": "8,578", "Capital Expenditure": "-918", "Issuance of Capital Stock": "-", "Issuance of Debt": "46,500", "Repayment of Debt": "-61,500", "Repurchase of Capital Stock": "-", "Free Cash Flow": "4,799"}}}}, {"PWOD": {"quote": {"04/04/2021": {"value": "24.55", "Market Cap": "173.242M", "Beta (5Y Monthly)": "0.72", "PE Ratio (TTM)": "11.37", "EPS (TTM)": "2.16", "Earnings Date": "Apr 21, 2021 - Apr 26, 2021", "Forward Dividend & Yield": "1.28 (5.21%)", "Ex-Dividend Date": "Mar 08, 2021", "1y Target Est": "N/A"}}, "fin": {"TTM": {"Duration": "TTM", "Total Revenue": "60,391", "Credit Losses Provision": "-2,625", "Non Interest Expense": "39,068", "Special Income Charges": "0", "Pretax Income": "18,698", "Tax Provision": "3,474", "Net Income Common Stockholders": "15,206", "Diluted NI Available to Com Stockholders": "15,206", "Basic EPS": "-", "Diluted EPS": "-", "Basic Average Shares": "-", "Diluted Average Shares": "-", "INTEREST_INCOME_AFTER_PROVISION_FOR_LOAN_LOSS": "44,605", "Net Income from Continuing & Discontinued Operation": "15,206", "Normalized Income": "15,206", "Reconciled Depreciation": "3,303", "Net Income from Continuing Operation Net Minority Interest": "15,206", "Total Unusual Items Excluding Goodwill": "0", "Total Unusual Items": "0", "Tax Rate for Calcs": "0", "Tax Effect of Unusual Items": "0"}, "12/31/2020": {"Duration": "12/31/2020", "Total Revenue": "60,391", "Credit Losses Provision": "-2,625", "Non Interest Expense": "39,068", "Special Income Charges": "0", "Pretax Income": "18,698", "Tax Provision": "3,474", "Net Income Common Stockholders": "15,206", "Diluted NI Available to Com Stockholders": "15,206", "Basic EPS": "-", "Diluted EPS": "-", "Basic Average Shares": "-", "Diluted Average Shares": "-", "INTEREST_INCOME_AFTER_PROVISION_FOR_LOAN_LOSS": "44,605", "Net Income from Continuing & Discontinued Operation": "15,206", "Normalized Income": "15,206", "Reconciled Depreciation": "3,303", "Net Income from Continuing Operation Net Minority Interest": "15,206", "Total Unusual Items Excluding Goodwill": "0", "Total Unusual Items": "0", "Tax Rate for Calcs": "0", "Tax Effect of Unusual Items": "0"}, "12/31/2019": {"Duration": "12/31/2019", "Total Revenue": "61,267", "Credit Losses Provision": "-2,735", "Non Interest Expense": "38,759", "Special Income Charges": "-949", "Pretax Income": "18,824", "Tax Provision": "3,138", "Net Income Common Stockholders": "15,672", "Diluted NI Available to Com Stockholders": "15,672", "Basic EPS": "2.23", "Diluted EPS": "2.06", "Basic Average Shares": "7,039", "Diluted Average Shares": "7,620", "INTEREST_INCOME_AFTER_PROVISION_FOR_LOAN_LOSS": "46,347", "Net Income from Continuing & Discontinued Operation": "15,672", "Normalized Income": "16,463", "Reconciled Depreciation": "3,215", "Net Income from Continuing Operation Net Minority Interest": "15,672", "Total Unusual Items Excluding Goodwill": "-949", "Total Unusual Items": "-949", "Tax Rate for Calcs": "0", "Tax Effect of Unusual Items": "-158.1983"}, "12/31/2018": {"Duration": "12/31/2018", "Total Revenue": "57,271", "Credit Losses Provision": "-1,735", "Non Interest Expense": "38,007", "Special Income Charges": "-", "Pretax Income": "17,529", "Tax Provision": "2,819", "Net Income Common Stockholders": "14,704", "Diluted NI Available to Com Stockholders": "14,704", "Basic EPS": "2.09", "Diluted EPS": "2.09", "Basic Average Shares": "7,035", "Diluted Average Shares": "7,035", "INTEREST_INCOME_AFTER_PROVISION_FOR_LOAN_LOSS": "44,973", "Net Income from Continuing & Discontinued Operation": "14,704", "Normalized Income": "14,704", "Reconciled Depreciation": "2,815", "Net Income from Continuing Operation Net Minority Interest": "14,704", "Total Unusual Items Excluding Goodwill": "-", "Total Unusual Items": "-", "Tax Rate for Calcs": "0", "Tax Effect of Unusual Items": "0"}}, "bs": {"12/31/2020": {"Duration": "12/31/2020", "Total Assets": "1,834,643", "Total Liabilities Net Minority Interest": "1,670,497", "Total Equity Gross Minority Interest": "164,146", "Total Capitalization": "317,617", "Common Stock Equity": "164,142", "Capital Lease Obligations": "3,175", "Net Tangible Assets": "146,367", "Invested Capital": "317,617", "Tangible Book Value": "146,367", "Total Debt": "156,650", "Net Debt": "-", "Share Issued": "7,533", "Ordinary Shares Number": "7,052", "Treasury Shares Number": "480.225"}, "12/31/2019": {"Duration": "12/31/2019", "Total Assets": "1,665,323", "Total Liabilities Net Minority Interest": "1,510,341", "Total Equity Gross Minority Interest": "154,982", "Total Capitalization": "316,880", "Common Stock Equity": "154,960", "Capital Lease Obligations": "4,170", "Net Tangible Assets": "136,958", "Invested Capital": "321,800", "Tangible Book Value": "136,958", "Total Debt": "171,010", "Net Debt": "118,251", "Share Issued": "7,521", "Ordinary Shares Number": "7,041", "Treasury Shares Number": "480.225"}, "12/31/2018": {"Duration": "12/31/2018", "Total Assets": "1,684,771", "Total Liabilities Net Minority Interest": "1,541,227", "Total Equity Gross Minority Interest": "143,544", "Total Capitalization": "282,478", "Common Stock Equity": "143,536", "Capital Lease Obligations": "-", "Net Tangible Assets": "125,270", "Invested Capital": "450,343", "Tangible Book Value": "125,270", "Total Debt": "306,807", "Net Debt": "240,065", "Share Issued": "7,518", "Ordinary Shares Number": "7,037", "Treasury Shares Number": "480.225"}}, "cf": {"TTM": {"Duration": "TTM", "Operating Cash Flow": "22,000", "Investing Cash Flow": "-10,739", "Financing Cash Flow": "153,508", "End Cash Position": "213,358", "Income Tax Paid Supplemental Data": "2,945", "Interest Paid Supplemental Data": "14,974", "Capital Expenditure": "-2,668", "Issuance of Capital Stock": "247", "Issuance of Debt": "35,000", "Repayment of Debt": "-43,445", "Repurchase of Capital Stock": "-", "Free Cash Flow": "19,332"}, "12/31/2020": {"Duration": "12/31/2020", "Operating Cash Flow": "22,000", "Investing Cash Flow": "-10,739", "Financing Cash Flow": "153,508", "End Cash Position": "213,358", "Income Tax Paid Supplemental Data": "2,945", "Interest Paid Supplemental Data": "14,974", "Capital Expenditure": "-2,668", "Issuance of Capital Stock": "247", "Issuance of Debt": "35,000", "Repayment of Debt": "-43,445", "Repurchase of Capital Stock": "-", "Free Cash Flow": "19,332"}, "12/31/2019": {"Duration": "12/31/2019", "Operating Cash Flow": "14,050", "Investing Cash Flow": "18,475", "Financing Cash Flow": "-50,678", "End Cash Position": "48,589", "Income Tax Paid Supplemental Data": "-", "Interest Paid Supplemental Data": "-", "Capital Expenditure": "-2,706", "Issuance of Capital Stock": "89", "Issuance of Debt": "50,000", "Repayment of Debt": "-33,048", "Repurchase of Capital Stock": "0", "Free Cash Flow": "11,344"}, "12/31/2018": {"Duration": "12/31/2018", "Operating Cash Flow": "17,270", "Investing Cash Flow": "-177,722", "Financing Cash Flow": "199,951", "End Cash Position": "66,742", "Income Tax Paid Supplemental Data": "-", "Interest Paid Supplemental Data": "-", "Capital Expenditure": "-2,005", "Issuance of Capital Stock": "97", "Issuance of Debt": "80,000", "Repayment of Debt": "-12,028", "Repurchase of Capital Stock": "0", "Free Cash Flow": "15,265"}}}}, {"GLBZ": {"quote": {"04/04/2021": {"value": "11.55", "Market Cap": "32.861M", "Beta (5Y Monthly)": "0.95", "PE Ratio (TTM)": "19.64", "EPS (TTM)": "0.59", "Earnings Date": "Feb 03, 2021", "Forward Dividend & Yield": "0.40 (3.46%)", "Ex-Dividend Date": "Jan 22, 2021", "1y Target Est": "N/A"}}, "fin": {"TTM": {"Duration": "TTM", "Total Revenue": "12,925", "Credit Losses Provision": "689", "Non Interest Expense": "11,455", "Pretax Income": "2,159", "Tax Provision": "491", "Net Income Common Stockholders": "1,668", "Diluted NI Available to Com Stockholders": "1,668", "Basic EPS": "-", "Diluted EPS": "-", "Basic Average Shares": "-", "Diluted Average Shares": "-", "INTEREST_INCOME_AFTER_PROVISION_FOR_LOAN_LOSS": "12,843", "Net Income from Continuing & Discontinued Operation": "1,668", "Normalized Income": "1,668", "Total Money Market Investments": "117", "Reconciled Depreciation": "59", "Net Income from Continuing Operation Net Minority Interest": "1,668", "Total Unusual Items Excluding Goodwill": "-", "Total Unusual Items": "-", "Tax Rate for Calcs": "0", "Tax Effect of Unusual Items": "0"}, "12/31/2020": {"Duration": "12/31/2020", "Total Revenue": "12,925", "Credit Losses Provision": "689", "Non Interest Expense": "11,455", "Pretax Income": "2,159", "Tax Provision": "491", "Net Income Common Stockholders": "1,668", "Diluted NI Available to Com Stockholders": "1,668", "Basic EPS": "-", "Diluted EPS": "-", "Basic Average Shares": "-", "Diluted Average Shares": "-", "INTEREST_INCOME_AFTER_PROVISION_FOR_LOAN_LOSS": "12,843", "Net Income from Continuing & Discontinued Operation": "1,668", "Normalized Income": "1,668", "Total Money Market Investments": "117", "Reconciled Depreciation": "59", "Net Income from Continuing Operation Net Minority Interest": "1,668", "Total Unusual Items Excluding Goodwill": "-", "Total Unusual Items": "-", "Tax Rate for Calcs": "0", "Tax Effect of Unusual Items": "0"}, "12/31/2019": {"Duration": "12/31/2019", "Total Revenue": "13,647", "Credit Losses Provision": "115", "Non Interest Expense": "11,711", "Pretax Income": "2,051", "Tax Provision": "452", "Net Income Common Stockholders": "1,599", "Diluted NI Available to Com Stockholders": "1,599", "Basic EPS": "0.57", "Diluted EPS": "0.57", "Basic Average Shares": "2,822", "Diluted Average Shares": "2,822", "INTEREST_INCOME_AFTER_PROVISION_FOR_LOAN_LOSS": "12,702", "Net Income from Continuing & Discontinued Operation": "1,599", "Normalized Income": "1,599", "Total Money Market Investments": "338", "Reconciled Depreciation": "932", "Net Income from Continuing Operation Net Minority Interest": "1,599", "Total Unusual Items Excluding Goodwill": "0", "Total Unusual Items": "0", "Tax Rate for Calcs": "0", "Tax Effect of Unusual Items": "0"}, "12/31/2018": {"Duration": "12/31/2018", "Total Revenue": "13,793", "Credit Losses Provision": "-856", "Non Interest Expense": "11,224", "Pretax Income": "1,713", "Tax Provision": "130", "Net Income Common Stockholders": "1,583", "Diluted NI Available to Com Stockholders": "1,583", "Basic EPS": "0.56", "Diluted EPS": "0.56", "Basic Average Shares": "2,808", "Diluted Average Shares": "2,808", "INTEREST_INCOME_AFTER_PROVISION_FOR_LOAN_LOSS": "11,735", "Net Income from Continuing & Discontinued Operation": "1,583", "Normalized Income": "1,569", "Total Money Market Investments": "245", "Reconciled Depreciation": "1,069", "Net Income from Continuing Operation Net Minority Interest": "1,583", "Total Unusual Items Excluding Goodwill": "15", "Total Unusual Items": "15", "Tax Rate for Calcs": "0", "Tax Effect of Unusual Items": "1.1384"}}, "bs": {"12/31/2020": {"Duration": "12/31/2020", "Total Assets": "419,486", "Total Liabilities Net Minority Interest": "382,393", "Total Equity Gross Minority Interest": "37,093", "Common Stock Equity": "37,093", "Net Tangible Assets": "37,093", "Invested Capital": "67,005", "Tangible Book Value": "37,093", "Total Debt": "29,912", "Net Debt": "-", "Share Issued": "2,842", "Ordinary Shares Number": "2,842"}, "12/31/2019": {"Duration": "12/31/2019", "Total Assets": "384,942", "Total Liabilities Net Minority Interest": "349,262", "Total Equity Gross Minority Interest": "35,680", "Common Stock Equity": "35,680", "Net Tangible Assets": "35,680", "Invested Capital": "60,680", "Tangible Book Value": "35,680", "Total Debt": "25,000", "Net Debt": "11,710", "Share Issued": "2,827", "Ordinary Shares Number": "2,827"}, "12/31/2018": {"Duration": "12/31/2018", "Total Assets": "413,046", "Total Liabilities Net Minority Interest": "378,995", "Total Equity Gross Minority Interest": "34,051", "Common Stock Equity": "34,051", "Net Tangible Assets": "34,051", "Invested Capital": "89,051", "Tangible Book Value": "34,051", "Total Debt": "55,000", "Net Debt": "39,046", "Share Issued": "2,814", "Ordinary Shares Number": "2,814"}}, "cf": {"TTM": {"Duration": "TTM", "Operating Cash Flow": "1,602", "Investing Cash Flow": "-9,888", "Financing Cash Flow": "32,089", "End Cash Position": "37,093", "Income Tax Paid Supplemental Data": "-", "Interest Paid Supplemental Data": "1,599", "Capital Expenditure": "-573", "Issuance of Debt": "-", "Repayment of Debt": "-", "Free Cash Flow": "1,029"}, "12/31/2020": {"Duration": "12/31/2020", "Operating Cash Flow": "1,602", "Investing Cash Flow": "-9,888", "Financing Cash Flow": "32,089", "End Cash Position": "37,093", "Income Tax Paid Supplemental Data": "-", "Interest Paid Supplemental Data": "1,599", "Capital Expenditure": "-573", "Issuance of Debt": "-", "Repayment of Debt": "-", "Free Cash Flow": "1,029"}, "12/31/2019": {"Duration": "12/31/2019", "Operating Cash Flow": "2,992", "Investing Cash Flow": "26,348", "Financing Cash Flow": "-32,004", "End Cash Position": "13,290", "Income Tax Paid Supplemental Data": "160", "Interest Paid Supplemental Data": "1,979", "Capital Expenditure": "-336", "Issuance of Debt": "-", "Repayment of Debt": "-", "Free Cash Flow": "2,656"}, "12/31/2018": {"Duration": "12/31/2018", "Operating Cash Flow": "4,136", "Investing Cash Flow": "-23,028", "Financing Cash Flow": "22,241", "End Cash Position": "15,954", "Income Tax Paid Supplemental Data": "-", "Interest Paid Supplemental Data": "2,051", "Capital Expenditure": "-209", "Issuance of Debt": "35,000", "Repayment of Debt": "0", "Free Cash Flow": "3,927"}}}}, {"HBMD": {"quote": {"04/04/2021": {"value": "16.34", "Market Cap": "306.904M", "Beta (5Y Monthly)": "0.83", "PE Ratio (TTM)": "N/A", "EPS (TTM)": "-0.91", "Earnings Date": "Jan 28, 2021", "Forward Dividend & Yield": "N/A (N/A)", "Ex-Dividend Date": "N/A", "1y Target Est": "15.83"}}, "fin": {"TTM": {"Duration": "TTM", "Total Revenue": "84,826", "Credit Losses Provision": "-9,845", "Non Interest Expense": "53,833", "Special Income Charges": "-34,494", "Pretax Income": "-13,346", "Tax Provision": "3,645", "Net Income Common Stockholders": "-16,991", "Diluted NI Available to Com Stockholders": "-16,991", "Basic EPS": "-", "Diluted EPS": "-", "Basic Average Shares": "-", "Diluted Average Shares": "-", "INTEREST_INCOME_AFTER_PROVISION_FOR_LOAN_LOSS": "63,757", "Net Income from Continuing & Discontinued Operation": "-16,991", "Normalized Income": "8,190", "Reconciled Depreciation": "5,152", "Net Income from Continuing Operation Net Minority Interest": "-16,991", "Total Unusual Items Excluding Goodwill": "-34,494", "Total Unusual Items": "-34,494", "Tax Rate for Calcs": "0", "Tax Effect of Unusual Items": "-9,313"}, "12/31/2020": {"Duration": "12/31/2020", "Total Revenue": "84,826", "Credit Losses Provision": "-9,845", "Non Interest Expense": "53,833", "Special Income Charges": "-34,494", "Pretax Income": "-13,346", "Tax Provision": "3,645", "Net Income Common Stockholders": "-16,991", "Diluted NI Available to Com Stockholders": "-16,991", "Basic EPS": "-", "Diluted EPS": "-", "Basic Average Shares": "-", "Diluted Average Shares": "-", "INTEREST_INCOME_AFTER_PROVISION_FOR_LOAN_LOSS": "63,757", "Net Income from Continuing & Discontinued Operation": "-16,991", "Normalized Income": "8,190", "Reconciled Depreciation": "5,152", "Net Income from Continuing Operation Net Minority Interest": "-16,991", "Total Unusual Items Excluding Goodwill": "-34,494", "Total Unusual Items": "-34,494", "Tax Rate for Calcs": "0", "Tax Effect of Unusual Items": "-9,313"}, "12/31/2019": {"Duration": "12/31/2019", "Total Revenue": "87,714", "Credit Losses Provision": "-4,193", "Non Interest Expense": "61,378", "Special Income Charges": "-70", "Pretax Income": "22,073", "Tax Provision": "5,192", "Net Income Common Stockholders": "16,881", "Diluted NI Available to Com Stockholders": "16,881", "Basic EPS": "0.89", "Diluted EPS": "0.89", "Basic Average Shares": "19,068", "Diluted Average Shares": "19,068", "INTEREST_INCOME_AFTER_PROVISION_FOR_LOAN_LOSS": "65,117", "Net Income from Continuing & Discontinued Operation": "16,881", "Normalized Income": "16,935", "Reconciled Depreciation": "5,361", "Net Income from Continuing Operation Net Minority Interest": "16,881", "Total Unusual Items Excluding Goodwill": "-70", "Total Unusual Items": "-70", "Tax Rate for Calcs": "0", "Tax Effect of Unusual Items": "-16.45"}, "12/31/2018": {"Duration": "12/31/2018", "Total Revenue": "81,300", "Credit Losses Provision": "-6,091", "Non Interest Expense": "64,040", "Special Income Charges": "-15,894", "Pretax Income": "-4,725", "Tax Provision": "-897", "Net Income Common Stockholders": "-3,828", "Diluted NI Available to Com Stockholders": "-3,828", "Basic EPS": "-0.22", "Diluted EPS": "-0.22", "Basic Average Shares": "19,039", "Diluted Average Shares": "19,039", "INTEREST_INCOME_AFTER_PROVISION_FOR_LOAN_LOSS": "60,527", "Net Income from Continuing & Discontinued Operation": "-3,828", "Normalized Income": "9,046", "Reconciled Depreciation": "5,044", "Net Income from Continuing Operation Net Minority Interest": "-3,828", "Total Unusual Items Excluding Goodwill": "-15,894", "Total Unusual Items": "-15,894", "Tax Rate for Calcs": "0", "Tax Effect of Unusual Items": "-3,020"}}, "bs": {"12/31/2020": {"Duration": "12/31/2020", "Total Assets": "2,537,991", "Total Liabilities Net Minority Interest": "2,243,359", "Total Equity Gross Minority Interest": "294,632", "Total Capitalization": "523,069", "Common Stock Equity": "294,632", "Capital Lease Obligations": "14,267", "Net Tangible Assets": "257,388", "Invested Capital": "523,069", "Tangible Book Value": "257,388", "Total Debt": "242,704", "Net Debt": "153,818", "Share Issued": "18,745", "Ordinary Shares Number": "18,745"}, "12/31/2019": {"Duration": "12/31/2019", "Total Assets": "2,374,619", "Total Liabilities Net Minority Interest": "2,060,471", "Total Equity Gross Minority Interest": "314,148", "Total Capitalization": "397,389", "Common Stock Equity": "314,148", "Capital Lease Obligations": "-", "Net Tangible Assets": "239,730", "Invested Capital": "633,516", "Tangible Book Value": "239,730", "Total Debt": "319,368", "Net Debt": "209,391", "Share Issued": "19,067", "Ordinary Shares Number": "19,067"}, "12/31/2018": {"Duration": "12/31/2018", "Total Assets": "2,266,514", "Total Liabilities Net Minority Interest": "1,971,831", "Total Equity Gross Minority Interest": "294,683", "Total Capitalization": "436,760", "Common Stock Equity": "294,683", "Capital Lease Obligations": "-", "Net Tangible Assets": "212,504", "Invested Capital": "571,336", "Tangible Book Value": "212,504", "Total Debt": "276,653", "Net Debt": "175,677", "Share Issued": "19,039", "Ordinary Shares Number": "19,039"}}, "cf": {"TTM": {"Duration": "TTM", "Operating Cash Flow": "60,667", "Investing Cash Flow": "-273,207", "Financing Cash Flow": "177,182", "End Cash Position": "74,619", "Income Tax Paid Supplemental Data": "5,285", "Interest Paid Supplemental Data": "13,006", "Capital Expenditure": "-1,153", "Issuance of Capital Stock": "303", "Issuance of Debt": "-", "Repayment of Debt": "-85,000", "Repurchase of Capital Stock": "-6,677", "Free Cash Flow": "59,514"}, "12/31/2020": {"Duration": "12/31/2020", "Operating Cash Flow": "60,667", "Investing Cash Flow": "-273,207", "Financing Cash Flow": "177,182", "End Cash Position": "74,619", "Income Tax Paid Supplemental Data": "5,285", "Interest Paid Supplemental Data": "13,006", "Capital Expenditure": "-1,153", "Issuance of Capital Stock": "303", "Issuance of Debt": "-", "Repayment of Debt": "-85,000", "Repurchase of Capital Stock": "-6,677", "Free Cash Flow": "59,514"}, "12/31/2019": {"Duration": "12/31/2019", "Operating Cash Flow": "20,561", "Investing Cash Flow": "-83,266", "Financing Cash Flow": "71,184", "End Cash Position": "109,977", "Income Tax Paid Supplemental Data": "135", "Interest Paid Supplemental Data": "22,341", "Capital Expenditure": "-1,429", "Issuance of Capital Stock": "396", "Issuance of Debt": "55,000", "Repayment of Debt": "-114,000", "Repurchase of Capital Stock": "-322", "Free Cash Flow": "19,132"}, "12/31/2018": {"Duration": "12/31/2018", "Operating Cash Flow": "54,811", "Investing Cash Flow": "-31,314", "Financing Cash Flow": "49,029", "End Cash Position": "101,498", "Income Tax Paid Supplemental Data": "0", "Interest Paid Supplemental Data": "13,123", "Capital Expenditure": "-1,943", "Issuance of Capital Stock": "97", "Issuance of Debt": "123,543", "Repayment of Debt": "0", "Repurchase of Capital Stock": "0", "Free Cash Flow": "52,868"}}}}, {"FCBC": {"quote": {"04/04/2021": {"value": "29.75", "Market Cap": "524.823M", "Beta (5Y Monthly)": "0.60", "PE Ratio (TTM)": "14.73", "EPS (TTM)": "2.02", "Earnings Date": "Jan 26, 2021", "Forward Dividend & Yield": "1.00 (3.36%)", "Ex-Dividend Date": "Feb 04, 2021", "1y Target Est": "32.00"}}, "fin": {"TTM": {"Duration": "TTM", "Total Revenue": "134,430", "Credit Losses Provision": "-12,668", "Non Interest Expense": "73,757", "Special Income Charges": "-1,893", "Other Non Operating Income Expenses": "-", "Pretax Income": "46,112", "Tax Provision": "10,186", "Net Income Common Stockholders": "35,926", "Diluted NI Available to Com Stockholders": "35,926", "Basic EPS": "-", "Diluted EPS": "-", "Basic Average Shares": "-", "Diluted Average Shares": "-", "INTEREST_INCOME_AFTER_PROVISION_FOR_LOAN_LOSS": "95,904", "Net Income from Continuing & Discontinued Operation": "35,926", "Normalized Income": "37,401", "Total Money Market Investments": "800", "Reconciled Depreciation": "5,908", "Net Income from Continuing Operation Net Minority Interest": "35,926", "Total Unusual Items Excluding Goodwill": "-1,893", "Total Unusual Items": "-1,893", "Tax Rate for Calcs": "0", "Tax Effect of Unusual Items": "-418.1637"}, "12/31/2020": {"Duration": "12/31/2020", "Total Revenue": "134,430", "Credit Losses Provision": "-12,668", "Non Interest Expense": "73,757", "Special Income Charges": "-1,893", "Other Non Operating Income Expenses": "-", "Pretax Income": "46,112", "Tax Provision": "10,186", "Net Income Common Stockholders": "35,926", "Diluted NI Available to Com Stockholders": "35,926", "Basic EPS": "-", "Diluted EPS": "-", "Basic Average Shares": "-", "Diluted Average Shares": "-", "INTEREST_INCOME_AFTER_PROVISION_FOR_LOAN_LOSS": "95,904", "Net Income from Continuing & Discontinued Operation": "35,926", "Normalized Income": "37,401", "Total Money Market Investments": "800", "Reconciled Depreciation": "5,908", "Net Income from Continuing Operation Net Minority Interest": "35,926", "Total Unusual Items Excluding Goodwill": "-1,893", "Total Unusual Items": "-1,893", "Tax Rate for Calcs": "0", "Tax Effect of Unusual Items": "-418.1637"}, "12/31/2019": {"Duration": "12/31/2019", "Total Revenue": "114,064", "Credit Losses Provision": "-3,571", "Non Interest Expense": "65,568", "Special Income Charges": "4,871", "Other Non Operating Income Expenses": "-2,377", "Pretax Income": "49,796", "Tax Provision": "10,994", "Net Income Common Stockholders": "38,802", "Diluted NI Available to Com Stockholders": "38,802", "Basic EPS": "2.47", "Diluted EPS": "2.46", "Basic Average Shares": "15,691", "Diluted Average Shares": "15,756", "INTEREST_INCOME_AFTER_PROVISION_FOR_LOAN_LOSS": "85,882", "Net Income from Continuing & Discontinued Operation": "38,802", "Normalized Income": "35,014", "Total Money Market Investments": "2,447", "Reconciled Depreciation": "4,445", "Net Income from Continuing Operation Net Minority Interest": "38,802", "Total Unusual Items Excluding Goodwill": "4,871", "Total Unusual Items": "4,871", "Tax Rate for Calcs": "0", "Tax Effect of Unusual Items": "1,083"}, "12/31/2018": {"Duration": "12/31/2018", "Total Revenue": "115,609", "Credit Losses Provision": "-2,393", "Non Interest Expense": "65,506", "Special Income Charges": "-2,588", "Other Non Operating Income Expenses": "-2,181", "Pretax Income": "45,122", "Tax Provision": "8,782", "Net Income Common Stockholders": "36,340", "Diluted NI Available to Com Stockholders": "36,340", "Basic EPS": "2.19", "Diluted EPS": "2.18", "Basic Average Shares": "16,588", "Diluted Average Shares": "16,666", "INTEREST_INCOME_AFTER_PROVISION_FOR_LOAN_LOSS": "88,452", "Net Income from Continuing & Discontinued Operation": "36,340", "Normalized Income": "38,424", "Total Money Market Investments": "1,537", "Reconciled Depreciation": "3,951", "Net Income from Continuing Operation Net Minority Interest": "36,340", "Total Unusual Items Excluding Goodwill": "-2,588", "Total Unusual Items": "-2,588", "Tax Rate for Calcs": "0", "Tax Effect of Unusual Items": "-503.6248"}}, "bs": {"12/31/2020": {"Duration": "12/31/2020", "Total Assets": "3,011,136", "Total Liabilities Net Minority Interest": "2,584,406", "Total Equity Gross Minority Interest": "426,730", "Total Capitalization": "-", "Common Stock Equity": "426,730", "Net Tangible Assets": "290,096", "Invested Capital": "-", "Tangible Book Value": "290,096", "Total Debt": "-", "Net Debt": "-", "Share Issued": "24,319", "Ordinary Shares Number": "17,723", "Treasury Shares Number": "6,597"}, "12/31/2019": {"Duration": "12/31/2019", "Total Assets": "2,798,847", "Total Liabilities Net Minority Interest": "2,370,028", "Total Equity Gross Minority Interest": "428,819", "Total Capitalization": "428,859", "Common Stock Equity": "428,819", "Net Tangible Assets": "290,735", "Invested Capital": "428,859", "Tangible Book Value": "290,735", "Total Debt": "40", "Net Debt": "-", "Share Issued": "24,239", "Ordinary Shares Number": "18,377", "Treasury Shares Number": "5,862"}, "12/31/2018": {"Duration": "12/31/2018", "Total Assets": "2,244,374", "Total Liabilities Net Minority Interest": "1,911,517", "Total Equity Gross Minority Interest": "332,857", "Total Capitalization": "-", "Common Stock Equity": "332,857", "Net Tangible Assets": "235,087", "Invested Capital": "-", "Tangible Book Value": "235,087", "Total Debt": "-", "Net Debt": "-", "Share Issued": "16,007", "Ordinary Shares Number": "16,007", "Treasury Shares Number": "-"}}, "cf": {"TTM": {"Duration": "TTM", "Operating Cash Flow": "45,844", "Investing Cash Flow": "17,798", "Financing Cash Flow": "175,910", "End Cash Position": "456,561", "Income Tax Paid Supplemental Data": "9,074", "Interest Paid Supplemental Data": "5,500", "Capital Expenditure": "-3,195", "Repayment of Debt": "-40", "Repurchase of Capital Stock": "-21,872", "Free Cash Flow": "42,649"}, "12/31/2020": {"Duration": "12/31/2020", "Operating Cash Flow": "45,844", "Investing Cash Flow": "17,798", "Financing Cash Flow": "175,910", "End Cash Position": "456,561", "Income Tax Paid Supplemental Data": "9,074", "Interest Paid Supplemental Data": "5,500", "Capital Expenditure": "-3,195", "Repayment of Debt": "-40", "Repurchase of Capital Stock": "-21,872", "Free Cash Flow": "42,649"}, "12/31/2019": {"Duration": "12/31/2019", "Operating Cash Flow": "56,655", "Investing Cash Flow": "171,377", "Financing Cash Flow": "-87,896", "End Cash Position": "217,009", "Income Tax Paid Supplemental Data": "8,057", "Interest Paid Supplemental Data": "5,661", "Capital Expenditure": "-8,411", "Repayment of Debt": "0", "Repurchase of Capital Stock": "-16,362", "Free Cash Flow": "48,244"}, "12/31/2018": {"Duration": "12/31/2018", "Operating Cash Flow": "49,499", "Investing Cash Flow": "49,398", "Financing Cash Flow": "-179,975", "End Cash Position": "76,873", "Income Tax Paid Supplemental Data": "7,610", "Interest Paid Supplemental Data": "7,935", "Capital Expenditure": "-2,551", "Repayment of Debt": "-50,000", "Repurchase of Capital Stock": "-34,412", "Free Cash Flow": "46,948"}}}}, {"WFBI": {"quote": {"04/04/2021": {"value": "", "Net Assets": "N/A", "Beta (5Y Monthly)": "N/A", "Yield": "N/A", "5y Average Return": "N/A", "Holdings Turnover": "N/A", "Last Dividend": "N/A", "Average for Category": "N/A", "Inception Date": "N/A"}}, "fin": {}, "bs": {}, "cf": {}}}, {"SBCP": {"quote": {"04/04/2021": {"value": "", "Net Assets": "N/A", "Beta (5Y Monthly)": "N/A", "Yield": "N/A", "5y Average Return": "N/A", "Holdings Turnover": "N/A", "Last Dividend": "N/A", "Average for Category": "N/A", "Inception Date": "N/A"}}, "fin": {}, "bs": {}, "cf": {}}}, {"FBNC": {"quote": {"04/04/2021": {"value": "43.75", "Market Cap": "1.246B", "Beta (5Y Monthly)": "1.32", "PE Ratio (TTM)": "15.56", "EPS (TTM)": "2.81", "Earnings Date": "Apr 26, 2021 - Apr 30, 2021", "Forward Dividend & Yield": "0.80 (1.83%)", "Ex-Dividend Date": "Mar 30, 2021", "1y Target Est": "42.40"}}, "fin": {"TTM": {"Duration": "TTM", "Total Revenue": "298,921", "Credit Losses Provision": "-35,039", "Non Interest Expense": "160,751", "Special Income Charges": "0", "Pretax Income": "103,131", "Tax Provision": "21,654", "Net Income Common Stockholders": "81,079", "Diluted NI Available to Com Stockholders": "81,079", "Basic EPS": "-", "Diluted EPS": "-", "Basic Average Shares": "-", "Diluted Average Shares": "-", "INTEREST_INCOME_AFTER_PROVISION_FOR_LOAN_LOSS": "183,083", "Net Income from Continuing & Discontinued Operation": "81,477", "Normalized Income": "81,909", "Reconciled Depreciation": "13,601", "Net Income from Continuing Operation Net Minority Interest": "81,477", "Total Unusual Items Excluding Goodwill": "-547", "Total Unusual Items": "-547", "Tax Rate for Calcs": "0", "Tax Effect of Unusual Items": "-114.87"}, "12/31/2020": {"Duration": "12/31/2020", "Total Revenue": "298,921", "Credit Losses Provision": "-35,039", "Non Interest Expense": "160,751", "Special Income Charges": "0", "Pretax Income": "103,131", "Tax Provision": "21,654", "Net Income Common Stockholders": "81,079", "Diluted NI Available to Com Stockholders": "81,079", "Basic EPS": "-", "Diluted EPS": "-", "Basic Average Shares": "-", "Diluted Average Shares": "-", "INTEREST_INCOME_AFTER_PROVISION_FOR_LOAN_LOSS": "183,083", "Net Income from Continuing & Discontinued Operation": "81,477", "Normalized Income": "81,909", "Reconciled Depreciation": "13,601", "Net Income from Continuing Operation Net Minority Interest": "81,477", "Total Unusual Items Excluding Goodwill": "-547", "Total Unusual Items": "-547", "Tax Rate for Calcs": "0", "Tax Effect of Unusual Items": "-114.87"}, "12/31/2019": {"Duration": "12/31/2019", "Total Revenue": "274,794", "Credit Losses Provision": "-2,263", "Non Interest Expense": "156,063", "Special Income Charges": "-192", "Pretax Income": "116,276", "Tax Provision": "24,230", "Net Income Common Stockholders": "91,596", "Diluted NI Available to Com Stockholders": "91,596", "Basic EPS": "3.11", "Diluted EPS": "3.10", "Basic Average Shares": "29,601", "Diluted Average Shares": "29,720", "INTEREST_INCOME_AFTER_PROVISION_FOR_LOAN_LOSS": "213,941", "Net Income from Continuing & Discontinued Operation": "92,046", "Normalized Income": "92,942", "Reconciled Depreciation": "13,891", "Net Income from Continuing Operation Net Minority Interest": "92,046", "Total Unusual Items Excluding Goodwill": "-1,131", "Total Unusual Items": "-1,131", "Tax Rate for Calcs": "0", "Tax Effect of Unusual Items": "-235.248"}, "12/31/2018": {"Duration": "12/31/2018", "Total Revenue": "269,264", "Credit Losses Provision": "3,589", "Non Interest Expense": "157,017", "Special Income Charges": "-2,358", "Pretax Income": "113,478", "Tax Provision": "24,189", "Net Income Common Stockholders": "89,289", "Diluted NI Available to Com Stockholders": "89,289", "Basic EPS": "3.02", "Diluted EPS": "3.01", "Basic Average Shares": "29,566", "Diluted Average Shares": "29,707", "INTEREST_INCOME_AFTER_PROVISION_FOR_LOAN_LOSS": "211,019", "Net Income from Continuing & Discontinued Operation": "89,289", "Normalized Income": "91,589", "Reconciled Depreciation": "12,840", "Net Income from Continuing Operation Net Minority Interest": "89,289", "Total Unusual Items Excluding Goodwill": "-2,923", "Total Unusual Items": "-2,923", "Tax Rate for Calcs": "0", "Tax Effect of Unusual Items": "-622.599"}}, "bs": {"12/31/2020": {"Duration": "12/31/2020", "Total Assets": "7,289,751", "Total Liabilities Net Minority Interest": "6,396,330", "Total Equity Gross Minority Interest": "893,421", "Total Capitalization": "955,250", "Common Stock Equity": "893,421", "Capital Lease Obligations": "17,868", "Net Tangible Assets": "638,783", "Invested Capital": "955,250", "Tangible Book Value": "638,783", "Total Debt": "79,697", "Net Debt": "-", "Share Issued": "28,579", "Ordinary Shares Number": "28,579"}, "12/31/2019": {"Duration": "12/31/2019", "Total Assets": "6,143,639", "Total Liabilities Net Minority Interest": "5,291,238", "Total Equity Gross Minority Interest": "852,401", "Total Capitalization": "1,153,072", "Common Stock Equity": "852,401", "Capital Lease Obligations": "19,855", "Net Tangible Assets": "600,816", "Invested Capital": "1,153,072", "Tangible Book Value": "600,816", "Total Debt": "320,526", "Net Debt": "69,369", "Share Issued": "29,601", "Ordinary Shares Number": "29,601"}, "12/31/2018": {"Duration": "12/31/2018", "Total Assets": "5,864,116", "Total Liabilities Net Minority Interest": "5,099,886", "Total Equity Gross Minority Interest": "764,230", "Total Capitalization": "1,170,839", "Common Stock Equity": "764,230", "Capital Lease Obligations": "-", "Net Tangible Assets": "508,750", "Invested Capital": "1,170,839", "Tangible Book Value": "508,750", "Total Debt": "406,609", "Net Debt": "-", "Share Issued": "29,725", "Ordinary Shares Number": "29,725"}}, "cf": {"TTM": {"Duration": "TTM", "Operating Cash Flow": "57,075", "Investing Cash Flow": "-960,281", "Financing Cash Flow": "1,039,194", "End Cash Position": "367,290", "Income Tax Paid Supplemental Data": "29,604", "Interest Paid Supplemental Data": "20,812", "Capital Expenditure": "-12,363", "Issuance of Debt": "150,000", "Repayment of Debt": "-202,035", "Repurchase of Capital Stock": "-31,868", "Free Cash Flow": "44,712"}, "12/31/2020": {"Duration": "12/31/2020", "Operating Cash Flow": "57,075", "Investing Cash Flow": "-960,281", "Financing Cash Flow": "1,039,194", "End Cash Position": "367,290", "Income Tax Paid Supplemental Data": "29,604", "Interest Paid Supplemental Data": "20,812", "Capital Expenditure": "-12,363", "Issuance of Debt": "150,000", "Repayment of Debt": "-202,035", "Repurchase of Capital Stock": "-31,868", "Free Cash Flow": "44,712"}, "12/31/2019": {"Duration": "12/31/2019", "Operating Cash Flow": "51,238", "Investing Cash Flow": "-424,686", "Financing Cash Flow": "141,852", "End Cash Position": "231,302", "Income Tax Paid Supplemental Data": "24,336", "Interest Paid Supplemental Data": "33,725", "Capital Expenditure": "-3,534", "Issuance of Debt": "0", "Repayment of Debt": "-51,119", "Repurchase of Capital Stock": "-10,000", "Free Cash Flow": "47,704"}, "12/31/2018": {"Duration": "12/31/2018", "Operating Cash Flow": "46,410", "Investing Cash Flow": "-313,279", "Financing Cash Flow": "240,277", "End Cash Position": "462,898", "Income Tax Paid Supplemental Data": "21,162", "Interest Paid Supplemental Data": "23,036", "Capital Expenditure": "-10,723", "Issuance of Debt": "-", "Repayment of Debt": "-", "Repurchase of Capital Stock": "-", "Free Cash Flow": "35,687"}}}}, {"BKOR": {"quote": {"04/04/2021": {"value": "15.86", "Market Cap": "18.562M", "Beta (5Y Monthly)": "0.77", "PE Ratio (TTM)": "12.89", "EPS (TTM)": "1.23", "Earnings Date": "Feb 03, 2021", "Forward Dividend & Yield": "0.24 (1.51%)", "Ex-Dividend Date": "Feb 12, 2021", "1y Target Est": "N/A"}}, "fin": {}, "bs": {}, "cf": {}}}, {"FSRL": {"quote": {"04/04/2021": {"value": "9.98", "Market Cap": "25.505M", "Beta (5Y Monthly)": "0.76", "PE Ratio (TTM)": "7.56", "EPS (TTM)": "1.32", "Earnings Date": "Jan 28, 2021", "Forward Dividend & Yield": "N/A (N/A)", "Ex-Dividend Date": "N/A", "1y Target Est": "12.50"}}, "fin": {}, "bs": {}, "cf": {}}}, {"BVFL": {"quote": {"04/04/2021": {"value": "18.25", "Market Cap": "19.494M", "Beta (5Y Monthly)": "1.08", "PE Ratio (TTM)": "16.29", "EPS (TTM)": "1.12", "Earnings Date": "N/A", "Forward Dividend & Yield": "0.20 (1.17%)", "Ex-Dividend Date": "Dec 28, 2018", "1y Target Est": "N/A"}}, "fin": {}, "bs": {}, "cf": {}}}, {"FMBM": {"quote": {"04/04/2021": {"value": "28.50", "Market Cap": "91.315M", "Beta (5Y Monthly)": "0.59", "PE Ratio (TTM)": "11.12", "EPS (TTM)": "2.56", "Earnings Date": "Jan 28, 2021", "Forward Dividend & Yield": "1.04 (3.65%)", "Ex-Dividend Date": "Feb 11, 2021", "1y Target Est": "23.00"}}, "fin": {"TTM": {"Duration": "TTM", "Total Revenue": "43,120", "Credit Losses Provision": "-3,300", "Non Interest Expense": "28,873", "Income from Associates & Other Participating Interests": "-893", "Special Income Charges": "-19", "Pretax Income": "10,035", "Tax Provision": "1,142", "Net Income Common Stockholders": "8,525", "Average Dilution Earnings": "263", "Diluted NI Available to Com Stockholders": "8,788", "Basic EPS": "-", "Diluted EPS": "-", "Basic Average Shares": "-", "Diluted Average Shares": "-", "INTEREST_INCOME_AFTER_PROVISION_FOR_LOAN_LOSS": "27,764", "Net Income from Continuing & Discontinued Operation": "8,788", "Normalized Income": "8,805", "Total Money Market Investments": "349", "Reconciled Depreciation": "1,300", "Net Income from Continuing Operation Net Minority Interest": "8,788", "Total Unusual Items Excluding Goodwill": "-19", "Total Unusual Items": "-19", "Tax Rate for Calcs": "0", "Tax Effect of Unusual Items": "-2.1622"}, "12/31/2020": {"Duration": "12/31/2020", "Total Revenue": "43,120", "Credit Losses Provision": "-3,300", "Non Interest Expense": "28,873", "Income from Associates & Other Participating Interests": "-893", "Special Income Charges": "-19", "Pretax Income": "10,035", "Tax Provision": "1,142", "Net Income Common Stockholders": "8,525", "Average Dilution Earnings": "263", "Diluted NI Available to Com Stockholders": "8,788", "Basic EPS": "2.66", "Diluted EPS": "2.56", "Basic Average Shares": "3,200", "Diluted Average Shares": "3,429", "INTEREST_INCOME_AFTER_PROVISION_FOR_LOAN_LOSS": "27,764", "Net Income from Continuing & Discontinued Operation": "8,788", "Normalized Income": "8,805", "Total Money Market Investments": "349", "Reconciled Depreciation": "1,300", "Net Income from Continuing Operation Net Minority Interest": "8,788", "Total Unusual Items Excluding Goodwill": "-19", "Total Unusual Items": "-19", "Tax Rate for Calcs": "0", "Tax Effect of Unusual Items": "-2.1622"}, "12/31/2019": {"Duration": "12/31/2019", "Total Revenue": "42,151", "Credit Losses Provision": "-7,405", "Non Interest Expense": "29,518", "Income from Associates & Other Participating Interests": "-839", "Special Income Charges": "-", "Pretax Income": "4,389", "Tax Provision": "-250", "Net Income Common Stockholders": "4,194", "Average Dilution Earnings": "315", "Diluted NI Available to Com Stockholders": "4,509", "Basic EPS": "1.35", "Diluted EPS": "1.33", "Basic Average Shares": "3,189", "Diluted Average Shares": "3,232", "INTEREST_INCOME_AFTER_PROVISION_FOR_LOAN_LOSS": "23,987", "Net Income from Continuing & Discontinued Operation": "4,509", "Normalized Income": "4,509", "Total Money Market Investments": "367", "Reconciled Depreciation": "1,373", "Net Income from Continuing Operation Net Minority Interest": "4,509", "Total Unusual Items Excluding Goodwill": "-", "Total Unusual Items": "-", "Tax Rate for Calcs": "0", "Tax Effect of Unusual Items": "0"}, "12/31/2018": {"Duration": "12/31/2018", "Total Revenue": "40,646", "Credit Losses Provision": "-2,930", "Non Interest Expense": "26,744", "Income from Associates & Other Participating Interests": "-767", "Special Income Charges": "-", "Pretax Income": "10,205", "Tax Provision": "1,110", "Net Income Common Stockholders": "8,672", "Average Dilution Earnings": "-", "Diluted NI Available to Com Stockholders": "8,672", "Basic EPS": "2.68", "Diluted EPS": "2.68", "Basic Average Shares": "3,236", "Diluted Average Shares": "3,238", "INTEREST_INCOME_AFTER_PROVISION_FOR_LOAN_LOSS": "28,946", "Net Income from Continuing & Discontinued Operation": "9,085", "Normalized Income": "9,085", "Total Money Market Investments": "120", "Reconciled Depreciation": "1,203", "Net Income from Continuing Operation Net Minority Interest": "9,085", "Total Unusual Items Excluding Goodwill": "-", "Total Unusual Items": "-", "Tax Rate for Calcs": "0", "Tax Effect of Unusual Items": "0"}}, "bs": {"12/31/2020": {"Duration": "12/31/2020", "Total Assets": "966,930", "Total Liabilities Net Minority Interest": "871,301", "Total Equity Gross Minority Interest": "95,629", "Total Capitalization": "128,831", "Preferred Stock Equity": "4,558", "Common Stock Equity": "91,071", "Net Tangible Assets": "92,745", "Invested Capital": "124,273", "Tangible Book Value": "88,187", "Total Debt": "33,202", "Net Debt": "20,777", "Share Issued": "3,203", "Ordinary Shares Number": "3,203"}, "12/31/2019": {"Duration": "12/31/2019", "Total Assets": "813,999", "Total Liabilities Net Minority Interest": "722,424", "Total Equity Gross Minority Interest": "91,575", "Total Capitalization": "144,142", "Preferred Stock Equity": "4,592", "Common Stock Equity": "86,349", "Net Tangible Assets": "88,057", "Invested Capital": "149,550", "Tangible Book Value": "83,465", "Total Debt": "63,201", "Net Debt": "53,956", "Share Issued": "3,208", "Ordinary Shares Number": "3,208"}, "12/31/2018": {"Duration": "12/31/2018", "Total Assets": "780,253", "Total Liabilities Net Minority Interest": "688,342", "Total Equity Gross Minority Interest": "91,911", "Total Capitalization": "131,570", "Preferred Stock Equity": "5,672", "Common Stock Equity": "85,680", "Net Tangible Assets": "88,468", "Invested Capital": "155,898", "Tangible Book Value": "82,796", "Total Debt": "70,218", "Net Debt": "59,306", "Share Issued": "3,213", "Ordinary Shares Number": "3,213"}}, "cf": {"TTM": {"Duration": "TTM", "Operating Cash Flow": "1,848", "Investing Cash Flow": "-142,135", "Financing Cash Flow": "142,891", "End Cash Position": "78,408", "Income Tax Paid Supplemental Data": "595", "Interest Paid Supplemental Data": "5,816", "Capital Expenditure": "-742", "Issuance of Capital Stock": "258", "Issuance of Debt": "71,903", "Repayment of Debt": "-91,902", "Repurchase of Capital Stock": "-473", "Free Cash Flow": "1,106"}, "12/31/2020": {"Duration": "12/31/2020", "Operating Cash Flow": "1,848", "Investing Cash Flow": "-142,135", "Financing Cash Flow": "142,891", "End Cash Position": "78,408", "Income Tax Paid Supplemental Data": "595", "Interest Paid Supplemental Data": "5,816", "Capital Expenditure": "-742", "Issuance of Capital Stock": "258", "Issuance of Debt": "71,903", "Repayment of Debt": "-91,902", "Repurchase of Capital Stock": "-473", "Free Cash Flow": "1,106"}, "12/31/2019": {"Duration": "12/31/2019", "Operating Cash Flow": "15,371", "Investing Cash Flow": "21,493", "Financing Cash Flow": "28,028", "End Cash Position": "75,804", "Income Tax Paid Supplemental Data": "300", "Interest Paid Supplemental Data": "6,812", "Capital Expenditure": "-2,380", "Issuance of Capital Stock": "259", "Issuance of Debt": "30,000", "Repayment of Debt": "-17,017", "Repurchase of Capital Stock": "-1,840", "Free Cash Flow": "12,991"}, "12/31/2018": {"Duration": "12/31/2018", "Operating Cash Flow": "11,883", "Investing Cash Flow": "-31,699", "Financing Cash Flow": "18,821", "End Cash Position": "10,912", "Income Tax Paid Supplemental Data": "1,957", "Interest Paid Supplemental Data": "4,744", "Capital Expenditure": "-3,000", "Issuance of Capital Stock": "266", "Issuance of Debt": "0", "Repayment of Debt": "-9,515", "Repurchase of Capital Stock": "-4,570", "Free Cash Flow": "8,883"}}}}, {"BOMK": {"quote": {"04/04/2021": {"value": "", "Net Assets": "N/A", "Beta (5Y Monthly)": "N/A", "Yield": "N/A", "5y Average Return": "N/A", "Holdings Turnover": "N/A", "Last Dividend": "N/A", "Average for Category": "N/A", "Inception Date": "N/A"}}, "fin": {}, "bs": {}, "cf": {}}}, {"BMBN": {"quote": {"04/04/2021": {"value": "18.75", "Market Cap": "61.345M", "Beta (5Y Monthly)": "0.44", "PE Ratio (TTM)": "8.90", "EPS (TTM)": "2.11", "Earnings Date": "N/A", "Forward Dividend & Yield": "0.66 (3.52%)", "Ex-Dividend Date": "Jan 07, 2021", "1y Target Est": "N/A"}}, "fin": {}, "bs": {}, "cf": {}}}, {"TMAK": {"quote": {"04/04/2021": {"value": "9.03", "Market Cap": "13.862M", "Beta (5Y Monthly)": "0.37", "PE Ratio (TTM)": "12.10", "EPS (TTM)": "0.75", "Earnings Date": "N/A", "Forward Dividend & Yield": "N/A (N/A)", "Ex-Dividend Date": "N/A", "1y Target Est": "N/A"}}, "fin": {}, "bs": {}, "cf": {}}}, {"IEBS": {"quote": {"04/04/2021": {"value": "", "Net Assets": "N/A", "Beta (5Y Monthly)": "N/A", "Yield": "N/A", "5y Average Return": "N/A", "Holdings Turnover": "N/A", "Last Dividend": "N/A", "Average for Category": "N/A", "Inception Date": "N/A"}}, "fin": {}, "bs": {}, "cf": {}}}, {"CBCO": {"quote": {"04/04/2021": {"value": "", "Net Assets": "N/A", "Beta (5Y Monthly)": "N/A", "Yield": "N/A", "5y Average Return": "N/A", "Holdings Turnover": "N/A", "Last Dividend": "N/A", "Average for Category": "N/A", "Inception Date": "N/A"}}, "fin": {}, "bs": {}, "cf": {}}}, {"SLCT": {"quote": {"04/04/2021": {"value": "11.14", "Market Cap": "195.105M", "Beta (5Y Monthly)": "0.87", "PE Ratio (TTM)": "24.76", "EPS (TTM)": "0.45", "Earnings Date": "Jan 26, 2021", "Forward Dividend & Yield": "N/A (N/A)", "Ex-Dividend Date": "N/A", "1y Target Est": "11.50"}}, "fin": {"TTM": {"Duration": "TTM", "Total Revenue": "58,569", "Credit Losses Provision": "-6,244", "Non Interest Expense": "39,576", "Special Income Charges": "-2,371", "Pretax Income": "10,378", "Tax Provision": "2,215", "Net Income Common Stockholders": "8,163", "Diluted NI Available to Com Stockholders": "8,163", "Basic EPS": "-", "Diluted EPS": "-", "Basic Average Shares": "-", "Diluted Average Shares": "-", "INTEREST_INCOME_AFTER_PROVISION_FOR_LOAN_LOSS": "46,205", "Net Income from Continuing & Discontinued Operation": "8,163", "Normalized Income": "10,029", "Total Money Market Investments": "307", "Reconciled Depreciation": "3,392", "Net Income from Continuing Operation Net Minority Interest": "8,163", "Total Unusual Items Excluding Goodwill": "-2,371", "Total Unusual Items": "-2,371", "Tax Rate for Calcs": "0", "Tax Effect of Unusual Items": "-505.023"}, "12/31/2020": {"Duration": "12/31/2020", "Total Revenue": "58,569", "Credit Losses Provision": "-6,244", "Non Interest Expense": "39,576", "Special Income Charges": "-2,371", "Pretax Income": "10,378", "Tax Provision": "2,215", "Net Income Common Stockholders": "8,163", "Diluted NI Available to Com Stockholders": "8,163", "Basic EPS": "-", "Diluted EPS": "-", "Basic Average Shares": "-", "Diluted Average Shares": "-", "INTEREST_INCOME_AFTER_PROVISION_FOR_LOAN_LOSS": "46,205", "Net Income from Continuing & Discontinued Operation": "8,163", "Normalized Income": "10,029", "Total Money Market Investments": "307", "Reconciled Depreciation": "3,392", "Net Income from Continuing Operation Net Minority Interest": "8,163", "Total Unusual Items Excluding Goodwill": "-2,371", "Total Unusual Items": "-2,371", "Tax Rate for Calcs": "0", "Tax Effect of Unusual Items": "-505.023"}, "12/31/2019": {"Duration": "12/31/2019", "Total Revenue": "52,309", "Credit Losses Provision": "-438", "Non Interest Expense": "34,734", "Special Income Charges": "-406", "Pretax Income": "16,731", "Tax Provision": "3,696", "Net Income Common Stockholders": "13,035", "Diluted NI Available to Com Stockholders": "13,035", "Basic EPS": "0.69", "Diluted EPS": "0.68", "Basic Average Shares": "19,017", "Diluted Average Shares": "19,063", "INTEREST_INCOME_AFTER_PROVISION_FOR_LOAN_LOSS": "46,452", "Net Income from Continuing & Discontinued Operation": "13,035", "Normalized Income": "13,351", "Total Money Market Investments": "1,838", "Reconciled Depreciation": "3,605", "Net Income from Continuing Operation Net Minority Interest": "13,035", "Total Unusual Items Excluding Goodwill": "-406", "Total Unusual Items": "-406", "Tax Rate for Calcs": "0", "Tax Effect of Unusual Items": "-89.726"}, "12/31/2018": {"Duration": "12/31/2018", "Total Revenue": "52,086", "Credit Losses Provision": "156", "Non Interest Expense": "32,724", "Special Income Charges": "-1,826", "Pretax Income": "17,692", "Tax Provision": "3,910", "Net Income Common Stockholders": "13,782", "Diluted NI Available to Com Stockholders": "13,782", "Basic EPS": "0.87", "Diluted EPS": "0.87", "Basic Average Shares": "15,813", "Diluted Average Shares": "15,878", "INTEREST_INCOME_AFTER_PROVISION_FOR_LOAN_LOSS": "47,541", "Net Income from Continuing & Discontinued Operation": "13,782", "Normalized Income": "15,204", "Total Money Market Investments": "1,618", "Reconciled Depreciation": "2,754", "Net Income from Continuing Operation Net Minority Interest": "13,782", "Total Unusual Items Excluding Goodwill": "-1,826", "Total Unusual Items": "-1,826", "Tax Rate for Calcs": "0", "Tax Effect of Unusual Items": "-403.546"}}, "bs": {"12/31/2020": {"Duration": "12/31/2020", "Total Assets": "1,730,045", "Total Liabilities Net Minority Interest": "1,514,677", "Total Equity Gross Minority Interest": "215,368", "Total Capitalization": "227,768", "Common Stock Equity": "215,368", "Capital Lease Obligations": "8,930", "Net Tangible Assets": "170,948", "Invested Capital": "227,768", "Tangible Book Value": "170,948", "Total Debt": "21,330", "Net Debt": "-", "Share Issued": "17,507", "Ordinary Shares Number": "17,507"}, "12/31/2019": {"Duration": "12/31/2019", "Total Assets": "1,275,076", "Total Liabilities Net Minority Interest": "1,062,301", "Total Equity Gross Minority Interest": "212,775", "Total Capitalization": "270,147", "Common Stock Equity": "212,775", "Capital Lease Obligations": "8,813", "Net Tangible Assets": "186,586", "Invested Capital": "270,147", "Tangible Book Value": "186,586", "Total Debt": "66,185", "Net Debt": "-", "Share Issued": "18,330", "Ordinary Shares Number": "18,330"}, "12/31/2018": {"Duration": "12/31/2018", "Total Assets": "1,258,525", "Total Liabilities Net Minority Interest": "1,048,914", "Total Equity Gross Minority Interest": "209,611", "Total Capitalization": "266,983", "Common Stock Equity": "209,611", "Capital Lease Obligations": "-", "Net Tangible Assets": "182,947", "Invested Capital": "273,983", "Tangible Book Value": "182,947", "Total Debt": "64,372", "Net Debt": "7,000", "Share Issued": "19,312", "Ordinary Shares Number": "19,312"}}, "cf": {"TTM": {"Duration": "TTM", "Operating Cash Flow": "8,453", "Investing Cash Flow": "-226,131", "Financing Cash Flow": "254,688", "End Cash Position": "116,087", "Income Tax Paid Supplemental Data": "4,670", "Interest Paid Supplemental Data": "11,091", "Capital Expenditure": "-1,317", "Issuance of Capital Stock": "0", "Issuance of Debt": "0", "Repayment of Debt": "-46,103", "Repurchase of Capital Stock": "-7,107", "Free Cash Flow": "7,136"}, "12/31/2020": {"Duration": "12/31/2020", "Operating Cash Flow": "8,453", "Investing Cash Flow": "-226,131", "Financing Cash Flow": "254,688", "End Cash Position": "116,087", "Income Tax Paid Supplemental Data": "4,670", "Interest Paid Supplemental Data": "11,091", "Capital Expenditure": "-1,317", "Issuance of Capital Stock": "0", "Issuance of Debt": "0", "Repayment of Debt": "-46,103", "Repurchase of Capital Stock": "-7,107", "Free Cash Flow": "7,136"}, "12/31/2019": {"Duration": "12/31/2019", "Operating Cash Flow": "13,359", "Investing Cash Flow": "-42,128", "Financing Cash Flow": "-31,516", "End Cash Position": "79,077", "Income Tax Paid Supplemental Data": "2,553", "Interest Paid Supplemental Data": "11,645", "Capital Expenditure": "-1,381", "Issuance of Capital Stock": "0", "Issuance of Debt": "0", "Repayment of Debt": "-7,703", "Repurchase of Capital Stock": "-11,427", "Free Cash Flow": "11,978"}, "12/31/2018": {"Duration": "12/31/2018", "Operating Cash Flow": "4,813", "Investing Cash Flow": "9,567", "Financing Cash Flow": "62,287", "End Cash Position": "139,362", "Income Tax Paid Supplemental Data": "2,277", "Interest Paid Supplemental Data": "9,210", "Capital Expenditure": "-1,556", "Issuance of Capital Stock": "63,250", "Issuance of Debt": "38,000", "Repayment of Debt": "-21,267", "Repurchase of Capital Stock": "0", "Free Cash Flow": "3,257"}}}}, {"FMFG": {"quote": {"04/04/2021": {"value": "18.90", "Market Cap": "14.663M", "Beta (5Y Monthly)": "0.41", "PE Ratio (TTM)": "21.02", "EPS (TTM)": "0.90", "Earnings Date": "N/A", "Forward Dividend & Yield": "0.52 (2.75%)", "Ex-Dividend Date": "Dec 03, 2020", "1y Target Est": "N/A"}}, "fin": {}, "bs": {}, "cf": {}}}, {"CNBV": {"quote": {"04/04/2021": {"value": "", "Net Assets": "N/A", "Beta (5Y Monthly)": "N/A", "Yield": "N/A", "5y Average Return": "N/A", "Holdings Turnover": "N/A", "Last Dividend": "N/A", "Average for Category": "N/A", "Inception Date": "N/A"}}, "fin": {}, "bs": {}, "cf": {}}}, {"VABK": {"quote": {"04/04/2021": {"value": "38.74", "Market Cap": "105.172M", "Beta (5Y Monthly)": "0.74", "PE Ratio (TTM)": "13.18", "EPS (TTM)": "2.94", "Earnings Date": "Jan 22, 2021", "Forward Dividend & Yield": "1.20 (3.95%)", "Ex-Dividend Date": "Mar 11, 2021", "1y Target Est": "N/A"}}, "fin": {"TTM": {"Duration": "TTM", "Total Revenue": "30,264", "Credit Losses Provision": "-1,622", "Non Interest Expense": "17,611", "Special Income Charges": "-988", "Pretax Income": "10,043", "Tax Provision": "2,065", "Net Income Common Stockholders": "7,978", "Diluted NI Available to Com Stockholders": "7,978", "Basic EPS": "-", "Diluted EPS": "-", "Basic Average Shares": "-", "Diluted Average Shares": "-", "INTEREST_INCOME_AFTER_PROVISION_FOR_LOAN_LOSS": "22,153", "Net Income from Continuing & Discontinued Operation": "7,978", "Normalized Income": "8,762", "Total Money Market Investments": "104", "Reconciled Depreciation": "1,956", "Net Income from Continuing Operation Net Minority Interest": "7,978", "Total Unusual Items Excluding Goodwill": "-988", "Total Unusual Items": "-988", "Tax Rate for Calcs": "0", "Tax Effect of Unusual Items": "-203.528"}, "12/31/2020": {"Duration": "12/31/2020", "Total Revenue": "30,264", "Credit Losses Provision": "-1,622", "Non Interest Expense": "17,611", "Special Income Charges": "-988", "Pretax Income": "10,043", "Tax Provision": "2,065", "Net Income Common Stockholders": "7,978", "Diluted NI Available to Com Stockholders": "7,978", "Basic EPS": "-", "Diluted EPS": "-", "Basic Average Shares": "-", "Diluted Average Shares": "-", "INTEREST_INCOME_AFTER_PROVISION_FOR_LOAN_LOSS": "22,153", "Net Income from Continuing & Discontinued Operation": "7,978", "Normalized Income": "8,762", "Total Money Market Investments": "104", "Reconciled Depreciation": "1,956", "Net Income from Continuing Operation Net Minority Interest": "7,978", "Total Unusual Items Excluding Goodwill": "-988", "Total Unusual Items": "-988", "Tax Rate for Calcs": "0", "Tax Effect of Unusual Items": "-203.528"}, "12/31/2019": {"Duration": "12/31/2019", "Total Revenue": "27,285", "Credit Losses Provision": "-1,375", "Non Interest Expense": "17,234", "Special Income Charges": "-460", "Pretax Income": "8,216", "Tax Provision": "1,527", "Net Income Common Stockholders": "6,689", "Diluted NI Available to Com Stockholders": "6,689", "Basic EPS": "2.49", "Diluted EPS": "2.49", "Basic Average Shares": "2,687", "Diluted Average Shares": "2,690", "INTEREST_INCOME_AFTER_PROVISION_FOR_LOAN_LOSS": "20,439", "Net Income from Continuing & Discontinued Operation": "6,689", "Normalized Income": "7,063", "Total Money Market Investments": "459", "Reconciled Depreciation": "1,197", "Net Income from Continuing Operation Net Minority Interest": "6,689", "Total Unusual Items Excluding Goodwill": "-460", "Total Unusual Items": "-460", "Tax Rate for Calcs": "0", "Tax Effect of Unusual Items": "-85.56"}, "12/31/2018": {"Duration": "12/31/2018", "Total Revenue": "28,219", "Credit Losses Provision": "-1,873", "Non Interest Expense": "15,807", "Special Income Charges": "-", "Pretax Income": "10,539", "Tax Provision": "2,069", "Net Income Common Stockholders": "8,470", "Diluted NI Available to Com Stockholders": "8,470", "Basic EPS": "3.17", "Diluted EPS": "3.15", "Basic Average Shares": "2,667", "Diluted Average Shares": "2,686", "INTEREST_INCOME_AFTER_PROVISION_FOR_LOAN_LOSS": "20,878", "Net Income from Continuing & Discontinued Operation": "8,470", "Normalized Income": "8,497", "Total Money Market Investments": "209", "Reconciled Depreciation": "1,226", "Net Income from Continuing Operation Net Minority Interest": "8,470", "Total Unusual Items Excluding Goodwill": "-33", "Total Unusual Items": "-33", "Tax Rate for Calcs": "0", "Tax Effect of Unusual Items": "-6.468"}}, "bs": {"12/31/2020": {"Duration": "12/31/2020", "Total Assets": "848,410", "Total Liabilities Net Minority Interest": "765,812", "Total Equity Gross Minority Interest": "82,598", "Total Capitalization": "112,598", "Common Stock Equity": "82,598", "Net Tangible Assets": "81,885", "Invested Capital": "112,598", "Tangible Book Value": "81,885", "Total Debt": "30,000", "Net Debt": "21,884", "Share Issued": "2,714", "Ordinary Shares Number": "2,714"}, "12/31/2019": {"Duration": "12/31/2019", "Total Assets": "702,627", "Total Liabilities Net Minority Interest": "626,520", "Total Equity Gross Minority Interest": "76,107", "Total Capitalization": "-", "Common Stock Equity": "76,107", "Net Tangible Assets": "75,327", "Invested Capital": "-", "Tangible Book Value": "75,327", "Total Debt": "-", "Net Debt": "-", "Share Issued": "2,692", "Ordinary Shares Number": "2,692"}, "12/31/2018": {"Duration": "12/31/2018", "Total Assets": "644,800", "Total Liabilities Net Minority Interest": "574,058", "Total Equity Gross Minority Interest": "70,742", "Total Capitalization": "-", "Common Stock Equity": "70,742", "Net Tangible Assets": "69,893", "Invested Capital": "-", "Tangible Book Value": "69,893", "Total Debt": "-", "Net Debt": "-", "Share Issued": "2,671", "Ordinary Shares Number": "2,671"}}, "cf": {"TTM": {"Duration": "TTM", "Operating Cash Flow": "9,524", "Investing Cash Flow": "-129,948", "Financing Cash Flow": "136,305", "End Cash Position": "34,695", "Income Tax Paid Supplemental Data": "2,750", "Interest Paid Supplemental Data": "3,487", "Capital Expenditure": "-199", "Issuance of Debt": "30,000", "Repurchase of Capital Stock": "0", "Free Cash Flow": "9,054"}, "12/31/2020": {"Duration": "12/31/2020", "Operating Cash Flow": "9,253", "Investing Cash Flow": "-129,948", "Financing Cash Flow": "136,305", "End Cash Position": "34,695", "Income Tax Paid Supplemental Data": "2,750", "Interest Paid Supplemental Data": "3,487", "Capital Expenditure": "-199", "Issuance of Debt": "30,000", "Repurchase of Capital Stock": "0", "Free Cash Flow": "9,054"}, "12/31/2019": {"Duration": "12/31/2019", "Operating Cash Flow": "9,346", "Investing Cash Flow": "-54,766", "Financing Cash Flow": "45,631", "End Cash Position": "19,085", "Income Tax Paid Supplemental Data": "1,925", "Interest Paid Supplemental Data": "4,221", "Capital Expenditure": "-189", "Issuance of Debt": "-", "Repurchase of Capital Stock": "-5", "Free Cash Flow": "9,157"}, "12/31/2018": {"Duration": "12/31/2018", "Operating Cash Flow": "11,757", "Investing Cash Flow": "-4,441", "Financing Cash Flow": "-6,719", "End Cash Position": "18,874", "Income Tax Paid Supplemental Data": "2,465", "Interest Paid Supplemental Data": "2,657", "Capital Expenditure": "-846", "Issuance of Debt": "-", "Repurchase of Capital Stock": "-", "Free Cash Flow": "10,911"}}}}, {"TYCB": {"quote": {"04/04/2021": {"value": "42.00", "Market Cap": "116.547M", "Beta (5Y Monthly)": "N/A", "PE Ratio (TTM)": "16.03", "EPS (TTM)": "2.62", "Earnings Date": "Feb 22, 2021", "Forward Dividend & Yield": "1.13 (2.69%)", "Ex-Dividend Date": "Mar 30, 2021", "1y Target Est": "N/A"}}, "fin": {"TTM": {"Duration": "TTM", "Total Revenue": "21,985", "Credit Losses Provision": "-875", "Non Interest Expense": "11,023", "Special Income Charges": "1.425", "Pretax Income": "10,088", "Tax Provision": "2,523", "Net Income Common Stockholders": "7,565", "Diluted NI Available to Com Stockholders": "7,565", "Basic EPS": "-", "Diluted EPS": "-", "Basic Average Shares": "-", "Diluted Average Shares": "-", "INTEREST_INCOME_AFTER_PROVISION_FOR_LOAN_LOSS": "18,976", "Net Income from Continuing & Discontinued Operation": "7,565", "Normalized Income": "7,564", "Total Money Market Investments": "990.384", "Reconciled Depreciation": "797.995", "Net Income from Continuing Operation Net Minority Interest": "7,565", "Total Unusual Items Excluding Goodwill": "1.425", "Total Unusual Items": "1.425", "Tax Rate for Calcs": "0", "Tax Effect of Unusual Items": "0.3564"}, "12/31/2019": {"Duration": "12/31/2019", "Total Revenue": "22,185", "Credit Losses Provision": "-270", "Non Interest Expense": "10,845", "Special Income Charges": "-2.906", "Pretax Income": "11,067", "Tax Provision": "2,737", "Net Income Common Stockholders": "8,330", "Diluted NI Available to Com Stockholders": "8,330", "Basic EPS": "2.99", "Diluted EPS": "2.99", "Basic Average Shares": "2,786", "Diluted Average Shares": "2,786", "INTEREST_INCOME_AFTER_PROVISION_FOR_LOAN_LOSS": "19,710", "Net Income from Continuing & Discontinued Operation": "8,330", "Normalized Income": "8,332", "Total Money Market Investments": "1,782", "Reconciled Depreciation": "711.409", "Net Income from Continuing Operation Net Minority Interest": "8,330", "Total Unusual Items Excluding Goodwill": "-2.906", "Total Unusual Items": "-2.906", "Tax Rate for Calcs": "0", "Tax Effect of Unusual Items": "-0.7187"}, "12/31/2018": {"Duration": "12/31/2018", "Total Revenue": "20,189", "Credit Losses Provision": "-45", "Non Interest Expense": "10,487", "Special Income Charges": "-3.586", "Pretax Income": "9,653", "Tax Provision": "2,251", "Net Income Common Stockholders": "7,402", "Diluted NI Available to Com Stockholders": "7,402", "Basic EPS": "2.64", "Diluted EPS": "2.64", "Basic Average Shares": "2,806", "Diluted Average Shares": "2,806", "INTEREST_INCOME_AFTER_PROVISION_FOR_LOAN_LOSS": "18,099", "Net Income from Continuing & Discontinued Operation": "7,402", "Normalized Income": "7,512", "Total Money Market Investments": "1,716", "Reconciled Depreciation": "626.52", "Net Income from Continuing Operation Net Minority Interest": "7,402", "Total Unusual Items Excluding Goodwill": "-143.821", "Total Unusual Items": "-143.821", "Tax Rate for Calcs": "0", "Tax Effect of Unusual Items": "-33.5391"}}, "bs": {"12/31/2019": {"Duration": "12/31/2019", "Total Assets": "548,004", "Total Liabilities Net Minority Interest": "458,012", "Total Equity Gross Minority Interest": "89,993", "Total Capitalization": "92,041", "Common Stock Equity": "89,993", "Net Tangible Assets": "89,752", "Invested Capital": "92,041", "Tangible Book Value": "89,752", "Total Debt": "2,049", "Share Issued": "2,775", "Ordinary Shares Number": "2,775"}, "12/31/2018": {"Duration": "12/31/2018", "Total Assets": "531,910", "Total Liabilities Net Minority Interest": "447,121", "Total Equity Gross Minority Interest": "84,789", "Total Capitalization": "-", "Common Stock Equity": "84,789", "Net Tangible Assets": "84,628", "Invested Capital": "-", "Tangible Book Value": "84,628", "Total Debt": "-", "Share Issued": "2,789", "Ordinary Shares Number": "2,789"}}, "cf": {"TTM": {"Duration": "TTM", "Operating Cash Flow": "7,842", "Investing Cash Flow": "-67,720", "Financing Cash Flow": "134,291", "End Cash Position": "161,796", "Capital Expenditure": "-3,649", "Repurchase of Capital Stock": "-39.404", "Free Cash Flow": "4,193"}, "12/31/2019": {"Duration": "12/31/2019", "Operating Cash Flow": "9,446", "Investing Cash Flow": "-16,181", "Financing Cash Flow": "5,011", "End Cash Position": "65,133", "Capital Expenditure": "-2,146", "Repurchase of Capital Stock": "-450.24", "Free Cash Flow": "7,301"}, "12/31/2018": {"Duration": "12/31/2018", "Operating Cash Flow": "8,806", "Investing Cash Flow": "-18,460", "Financing Cash Flow": "2,487", "End Cash Position": "66,857", "Capital Expenditure": "-989.721", "Repurchase of Capital Stock": "-757.395", "Free Cash Flow": "7,816"}}}}, {"MBVA": {"quote": {"04/04/2021": {"value": "2.2500", "Market Cap": "40.174M", "Beta (5Y Monthly)": "0.24", "PE Ratio (TTM)": "N/A", "EPS (TTM)": "-36.5730", "Earnings Date": "N/A", "Forward Dividend & Yield": "N/A (0.81%)", "Ex-Dividend Date": "Aug 13, 2007", "1y Target Est": "N/A"}}, "fin": {}, "bs": {}, "cf": {}}}, {"SNV": {"quote": {"04/04/2021": {"value": "46.21", "Market Cap": "6.869B", "Beta (5Y Monthly)": "1.66", "PE Ratio (TTM)": "20.09", "EPS (TTM)": "2.30", "Earnings Date": "Apr 20, 2021", "Forward Dividend & Yield": "1.32 (2.86%)", "Ex-Dividend Date": "Mar 17, 2021", "1y Target Est": "47.50"}}, "fin": {"TTM": {"Duration": "TTM", "Total Revenue": "2,019,261", "Credit Losses Provision": "-355,022", "Non Interest Expense": "1,107,706", "Special Income Charges": "-71,868", "Pretax Income": "484,665", "Tax Provision": "110,970", "Net Income Common Stockholders": "340,532", "Diluted NI Available to Com Stockholders": "340,532", "Basic EPS": "-", "Diluted EPS": "-", "Basic Average Shares": "-", "Diluted Average Shares": "-", "INTEREST_INCOME_AFTER_PROVISION_FOR_LOAN_LOSS": "1,157,726", "Net Income from Continuing & Discontinued Operation": "373,695", "Normalized Income": "429,105", "Total Money Market Investments": "2,839", "Reconciled Depreciation": "106,107", "Net Income from Continuing Operation Net Minority Interest": "373,695", "Total Unusual Items Excluding Goodwill": "-71,868", "Total Unusual Items": "-71,868", "Tax Rate for Calcs": "0", "Tax Effect of Unusual Items": "-16,458"}, "12/31/2020": {"Duration": "12/31/2020", "Total Revenue": "2,019,261", "Credit Losses Provision": "-355,022", "Non Interest Expense": "1,107,706", "Special Income Charges": "-71,868", "Pretax Income": "484,665", "Tax Provision": "110,970", "Net Income Common Stockholders": "340,532", "Diluted NI Available to Com Stockholders": "340,532", "Basic EPS": "-", "Diluted EPS": "-", "Basic Average Shares": "-", "Diluted Average Shares": "-", "INTEREST_INCOME_AFTER_PROVISION_FOR_LOAN_LOSS": "1,157,726", "Net Income from Continuing & Discontinued Operation": "373,695", "Normalized Income": "429,105", "Total Money Market Investments": "2,839", "Reconciled Depreciation": "106,107", "Net Income from Continuing Operation Net Minority Interest": "373,695", "Total Unusual Items Excluding Goodwill": "-71,868", "Total Unusual Items": "-71,868", "Tax Rate for Calcs": "0", "Tax Effect of Unusual Items": "-16,458"}, "12/31/2019": {"Duration": "12/31/2019", "Total Revenue": "1,951,703", "Credit Losses Provision": "-87,720", "Non Interest Expense": "1,037,796", "Special Income Charges": "-61,172", "Pretax Income": "765,015", "Tax Provision": "201,235", "Net Income Common Stockholders": "540,899", "Diluted NI Available to Com Stockholders": "540,899", "Basic EPS": "3.50", "Diluted EPS": "3.47", "Basic Average Shares": "154,331", "Diluted Average Shares": "156,058", "INTEREST_INCOME_AFTER_PROVISION_FOR_LOAN_LOSS": "1,508,083", "Net Income from Continuing & Discontinued Operation": "563,780", "Normalized Income": "608,864", "Total Money Market Investments": "10,384", "Reconciled Depreciation": "8,079", "Net Income from Continuing Operation Net Minority Interest": "563,780", "Total Unusual Items Excluding Goodwill": "-61,172", "Total Unusual Items": "-61,172", "Tax Rate for Calcs": "0", "Tax Effect of Unusual Items": "-16,088"}, "12/31/2018": {"Duration": "12/31/2018", "Total Revenue": "1,428,506", "Credit Losses Provision": "-51,697", "Non Interest Expense": "819,390", "Special Income Charges": "-10,065", "Pretax Income": "547,354", "Tax Provision": "118,878", "Net Income Common Stockholders": "410,478", "Diluted NI Available to Com Stockholders": "410,478", "Basic EPS": "3.49", "Diluted EPS": "3.47", "Basic Average Shares": "117,644", "Diluted Average Shares": "118,378", "INTEREST_INCOME_AFTER_PROVISION_FOR_LOAN_LOSS": "1,096,716", "Net Income from Continuing & Discontinued Operation": "428,476", "Normalized Income": "436,357", "Total Money Market Investments": "10,156", "Reconciled Depreciation": "55,172", "Net Income from Continuing Operation Net Minority Interest": "428,476", "Total Unusual Items Excluding Goodwill": "-10,065", "Total Unusual Items": "-10,065", "Tax Rate for Calcs": "0", "Tax Effect of Unusual Items": "-2,184"}}, "bs": {"12/31/2020": {"Duration": "12/31/2020", "Total Assets": "54,394,159", "Total Liabilities Net Minority Interest": "49,232,825", "Total Equity Gross Minority Interest": "5,161,334", "Total Capitalization": "6,363,683", "Preferred Stock Equity": "537,145", "Common Stock Equity": "4,624,189", "Capital Lease Obligations": "-", "Net Tangible Assets": "4,663,832", "Invested Capital": "5,826,538", "Tangible Book Value": "4,126,687", "Total Debt": "1,202,349", "Net Debt": "-", "Share Issued": "168,133", "Ordinary Shares Number": "148,039", "Preferred Shares Number": "22,000", "Treasury Shares Number": "20,093"}, "12/31/2019": {"Duration": "12/31/2019", "Total Assets": "48,203,282", "Total Liabilities Net Minority Interest": "43,261,592", "Total Equity Gross Minority Interest": "4,941,690", "Total Capitalization": "7,095,587", "Preferred Stock Equity": "537,145", "Common Stock Equity": "4,404,545", "Capital Lease Obligations": "-", "Net Tangible Assets": "4,388,752", "Invested Capital": "8,310,442", "Tangible Book Value": "3,851,607", "Total Debt": "3,905,897", "Net Debt": "2,796,026", "Share Issued": "166,801", "Ordinary Shares Number": "147,158", "Preferred Shares Number": "8,000", "Treasury Shares Number": "19,643"}, "12/31/2018": {"Duration": "12/31/2018", "Total Assets": "32,669,192", "Total Liabilities Net Minority Interest": "29,535,590", "Total Equity Gross Minority Interest": "3,133,602", "Total Capitalization": "4,789,306", "Preferred Stock Equity": "195,140", "Common Stock Equity": "2,938,462", "Capital Lease Obligations": "1,453", "Net Tangible Assets": "3,066,412", "Invested Capital": "5,244,166", "Tangible Book Value": "2,871,272", "Total Debt": "2,307,157", "Net Debt": "1,175,961", "Share Issued": "143,300", "Ordinary Shares Number": "115,866", "Preferred Shares Number": "8,000", "Treasury Shares Number": "27,435"}}, "cf": {"TTM": {"Duration": "TTM", "Operating Cash Flow": "17,032", "Investing Cash Flow": "-2,352,973", "Financing Cash Flow": "5,401,940", "End Cash Position": "4,252,917", "Income Tax Paid Supplemental Data": "110,828", "Interest Paid Supplemental Data": "319,282", "Capital Expenditure": "-30,102", "Issuance of Capital Stock": "0", "Issuance of Debt": "1,445,492", "Repayment of Debt": "-2,408,939", "Repurchase of Capital Stock": "-16,246", "Free Cash Flow": "-13,070"}, "12/31/2020": {"Duration": "12/31/2020", "Operating Cash Flow": "17,032", "Investing Cash Flow": "-2,352,973", "Financing Cash Flow": "5,401,940", "End Cash Position": "4,252,917", "Income Tax Paid Supplemental Data": "110,828", "Interest Paid Supplemental Data": "319,282", "Capital Expenditure": "-30,102", "Issuance of Capital Stock": "0", "Issuance of Debt": "1,445,492", "Repayment of Debt": "-2,408,939", "Repurchase of Capital Stock": "-16,246", "Free Cash Flow": "-13,070"}, "12/31/2019": {"Duration": "12/31/2019", "Operating Cash Flow": "621,050", "Investing Cash Flow": "-2,153,862", "Financing Cash Flow": "1,576,166", "End Cash Position": "1,186,918", "Income Tax Paid Supplemental Data": "101,781", "Interest Paid Supplemental Data": "464,712", "Capital Expenditure": "-61,208", "Issuance of Capital Stock": "342,005", "Issuance of Debt": "497,045", "Repayment of Debt": "-157,226", "Repurchase of Capital Stock": "-725,398", "Free Cash Flow": "559,842"}, "12/31/2018": {"Duration": "12/31/2018", "Operating Cash Flow": "538,052", "Investing Cash Flow": "-1,338,049", "Financing Cash Flow": "1,010,628", "End Cash Position": "1,143,564", "Income Tax Paid Supplemental Data": "41,008", "Interest Paid Supplemental Data": "180,241", "Capital Expenditure": "-53,159", "Issuance of Capital Stock": "195,140", "Issuance of Debt": "2,280,000", "Repayment of Debt": "-2,230,052", "Repurchase of Capital Stock": "-305,072", "Free Cash Flow": "484,893"}}}}, {"LCNB": {"quote": {"04/04/2021": {"value": "18.27", "Market Cap": "234.13M", "Beta (5Y Monthly)": "0.91", "PE Ratio (TTM)": "11.79", "EPS (TTM)": "1.55", "Earnings Date": "Apr 19, 2021 - Apr 23, 2021", "Forward Dividend & Yield": "0.76 (4.16%)", "Ex-Dividend Date": "Feb 26, 2021", "1y Target Est": "19.00"}}, "fin": {"TTM": {"Duration": "TTM", "Total Revenue": "70,931", "Credit Losses Provision": "-2,014", "Non Interest Expense": "44,757", "Special Income Charges": "0", "Pretax Income": "24,160", "Tax Provision": "4,085", "Net Income Common Stockholders": "20,030", "Diluted NI Available to Com Stockholders": "20,030", "Basic EPS": "-", "Diluted EPS": "-", "Basic Average Shares": "-", "Diluted Average Shares": "-", "INTEREST_INCOME_AFTER_PROVISION_FOR_LOAN_LOSS": "54,113", "Net Income from Continuing & Discontinued Operation": "20,075", "Normalized Income": "20,075", "Total Money Market Investments": "0", "Reconciled Depreciation": "2,234", "Net Income from Continuing Operation Net Minority Interest": "20,075", "Total Unusual Items Excluding Goodwill": "0", "Total Unusual Items": "0", "Tax Rate for Calcs": "0", "Tax Effect of Unusual Items": "0"}, "12/31/2020": {"Duration": "12/31/2020", "Total Revenue": "70,931", "Credit Losses Provision": "-2,014", "Non Interest Expense": "44,757", "Special Income Charges": "0", "Pretax Income": "24,160", "Tax Provision": "4,085", "Net Income Common Stockholders": "20,030", "Diluted NI Available to Com Stockholders": "20,030", "Basic EPS": "-", "Diluted EPS": "-", "Basic Average Shares": "-", "Diluted Average Shares": "-", "INTEREST_INCOME_AFTER_PROVISION_FOR_LOAN_LOSS": "54,113", "Net Income from Continuing & Discontinued Operation": "20,075", "Normalized Income": "20,075", "Total Money Market Investments": "0", "Reconciled Depreciation": "2,234", "Net Income from Continuing Operation Net Minority Interest": "20,075", "Total Unusual Items Excluding Goodwill": "0", "Total Unusual Items": "0", "Tax Rate for Calcs": "0", "Tax Effect of Unusual Items": "0"}, "12/31/2019": {"Duration": "12/31/2019", "Total Revenue": "66,174", "Credit Losses Provision": "-207", "Non Interest Expense": "42,828", "Special Income Charges": "-114", "Pretax Income": "23,025", "Tax Provision": "4,113", "Net Income Common Stockholders": "18,881", "Diluted NI Available to Com Stockholders": "18,881", "Basic EPS": "1.44", "Diluted EPS": "1.44", "Basic Average Shares": "13,079", "Diluted Average Shares": "13,083", "INTEREST_INCOME_AFTER_PROVISION_FOR_LOAN_LOSS": "54,072", "Net Income from Continuing & Discontinued Operation": "18,912", "Normalized Income": "19,006", "Total Money Market Investments": "11", "Reconciled Depreciation": "3,244", "Net Income from Continuing Operation Net Minority Interest": "18,912", "Total Unusual Items Excluding Goodwill": "-114", "Total Unusual Items": "-114", "Tax Rate for Calcs": "0", "Tax Effect of Unusual Items": "-20.406"}, "12/31/2018": {"Duration": "12/31/2018", "Total Revenue": "58,639", "Credit Losses Provision": "-923", "Non Interest Expense": "37,799", "Special Income Charges": "-2,123", "Pretax Income": "17,794", "Tax Provision": "2,949", "Net Income Common Stockholders": "14,827", "Diluted NI Available to Com Stockholders": "14,827", "Basic EPS": "1.24", "Diluted EPS": "1.24", "Basic Average Shares": "11,935", "Diluted Average Shares": "11,942", "INTEREST_INCOME_AFTER_PROVISION_FOR_LOAN_LOSS": "47,142", "Net Income from Continuing & Discontinued Operation": "14,845", "Normalized Income": "16,616", "Total Money Market Investments": "-", "Reconciled Depreciation": "4,073", "Net Income from Continuing Operation Net Minority Interest": "14,845", "Total Unusual Items Excluding Goodwill": "-2,123", "Total Unusual Items": "-2,123", "Tax Rate for Calcs": "0", "Tax Effect of Unusual Items": "-352.418"}}, "bs": {"12/31/2020": {"Duration": "12/31/2020", "Total Assets": "1,745,884", "Total Liabilities Net Minority Interest": "1,505,059", "Total Equity Gross Minority Interest": "240,825", "Total Capitalization": "262,825", "Common Stock Equity": "240,825", "Capital Lease Obligations": "6,371", "Net Tangible Assets": "178,151", "Invested Capital": "262,825", "Tangible Book Value": "178,151", "Total Debt": "28,371", "Net Debt": "-", "Share Issued": "14,164", "Ordinary Shares Number": "12,858", "Treasury Shares Number": "1,306"}, "12/31/2019": {"Duration": "12/31/2019", "Total Assets": "1,639,308", "Total Liabilities Net Minority Interest": "1,411,260", "Total Equity Gross Minority Interest": "228,048", "Total Capitalization": "269,042", "Common Stock Equity": "228,048", "Capital Lease Obligations": "5,446", "Net Tangible Assets": "164,821", "Invested Capital": "269,042", "Tangible Book Value": "164,821", "Total Debt": "46,440", "Net Debt": "20,229", "Share Issued": "14,112", "Ordinary Shares Number": "12,937", "Treasury Shares Number": "1,175"}, "12/31/2018": {"Duration": "12/31/2018", "Total Assets": "1,636,927", "Total Liabilities Net Minority Interest": "1,417,942", "Total Equity Gross Minority Interest": "218,985", "Total Capitalization": "266,017", "Common Stock Equity": "218,985", "Capital Lease Obligations": "-", "Net Tangible Assets": "154,722", "Invested Capital": "322,247", "Tangible Book Value": "154,722", "Total Debt": "103,262", "Net Debt": "82,226", "Share Issued": "14,070", "Ordinary Shares Number": "13,295", "Treasury Shares Number": "775.027"}}, "cf": {"TTM": {"Duration": "TTM", "Operating Cash Flow": "13,678", "Investing Cash Flow": "-80,051", "Financing Cash Flow": "77,338", "End Cash Position": "31,730", "Income Tax Paid Supplemental Data": "3,811", "Interest Paid Supplemental Data": "7,809", "Capital Expenditure": "-2,791", "Issuance of Capital Stock": "54", "Issuance of Debt": "0", "Repayment of Debt": "-19,000", "Repurchase of Capital Stock": "-1,872", "Free Cash Flow": "10,887"}, "12/31/2020": {"Duration": "12/31/2020", "Operating Cash Flow": "13,678", "Investing Cash Flow": "-80,051", "Financing Cash Flow": "77,338", "End Cash Position": "31,730", "Income Tax Paid Supplemental Data": "3,811", "Interest Paid Supplemental Data": "7,809", "Capital Expenditure": "-2,791", "Issuance of Capital Stock": "54", "Issuance of Debt": "0", "Repayment of Debt": "-19,000", "Repurchase of Capital Stock": "-1,872", "Free Cash Flow": "10,887"}, "12/31/2019": {"Duration": "12/31/2019", "Operating Cash Flow": "21,968", "Investing Cash Flow": "9,056", "Financing Cash Flow": "-30,299", "End Cash Position": "20,765", "Income Tax Paid Supplemental Data": "3,471", "Interest Paid Supplemental Data": "10,480", "Capital Expenditure": "-3,934", "Issuance of Capital Stock": "76", "Issuance of Debt": "0", "Repayment of Debt": "-6,055", "Repurchase of Capital Stock": "-6,834", "Free Cash Flow": "18,034"}, "12/31/2018": {"Duration": "12/31/2018", "Operating Cash Flow": "19,742", "Investing Cash Flow": "-10,788", "Financing Cash Flow": "-14,300", "End Cash Position": "20,040", "Income Tax Paid Supplemental Data": "1,950", "Interest Paid Supplemental Data": "5,908", "Capital Expenditure": "-600", "Issuance of Capital Stock": "65", "Issuance of Debt": "31,000", "Repayment of Debt": "-7,214", "Repurchase of Capital Stock": "-348", "Free Cash Flow": "19,142"}}}}, {"CHCO": {"quote": {"04/04/2021": {"value": "83.39", "Market Cap": "1.317B", "Beta (5Y Monthly)": "0.67", "PE Ratio (TTM)": "15.03", "EPS (TTM)": "5.55", "Earnings Date": "Apr 26, 2021 - Apr 30, 2021", "Forward Dividend & Yield": "2.32 (2.78%)", "Ex-Dividend Date": "Jan 14, 2021", "1y Target Est": "74.40"}}, "fin": {"TTM": {"Duration": "TTM", "Total Revenue": "231,431", "Credit Losses Provision": "-10,722", "Non Interest Expense": "109,397", "Special Income Charges": "0", "Pretax Income": "111,312", "Tax Provision": "21,717", "Net Income Common Stockholders": "88,708", "Diluted NI Available to Com Stockholders": "88,708", "Basic EPS": "-", "Diluted EPS": "-", "Basic Average Shares": "-", "Diluted Average Shares": "-", "INTEREST_INCOME_AFTER_PROVISION_FOR_LOAN_LOSS": "143,922", "Net Income from Continuing & Discontinued Operation": "89,595", "Normalized Income": "89,595", "Total Money Market Investments": "492", "Reconciled Depreciation": "10,672", "Net Income from Continuing Operation Net Minority Interest": "89,595", "Total Unusual Items Excluding Goodwill": "0", "Total Unusual Items": "0", "Tax Rate for Calcs": "0", "Tax Effect of Unusual Items": "0"}, "12/31/2020": {"Duration": "12/31/2020", "Total Revenue": "231,431", "Credit Losses Provision": "-10,722", "Non Interest Expense": "109,397", "Special Income Charges": "0", "Pretax Income": "111,312", "Tax Provision": "21,717", "Net Income Common Stockholders": "88,708", "Diluted NI Available to Com Stockholders": "88,708", "Basic EPS": "-", "Diluted EPS": "-", "Basic Average Shares": "-", "Diluted Average Shares": "-", "INTEREST_INCOME_AFTER_PROVISION_FOR_LOAN_LOSS": "143,922", "Net Income from Continuing & Discontinued Operation": "89,595", "Normalized Income": "89,595", "Total Money Market Investments": "492", "Reconciled Depreciation": "10,672", "Net Income from Continuing Operation Net Minority Interest": "89,595", "Total Unusual Items Excluding Goodwill": "0", "Total Unusual Items": "0", "Tax Rate for Calcs": "0", "Tax Effect of Unusual Items": "0"}, "12/31/2019": {"Duration": "12/31/2019", "Total Revenue": "224,296", "Credit Losses Provision": "1,250", "Non Interest Expense": "111,262", "Special Income Charges": "-797", "Pretax Income": "113,487", "Tax Provision": "24,135", "Net Income Common Stockholders": "88,546", "Diluted NI Available to Com Stockholders": "88,546", "Basic EPS": "5.43", "Diluted EPS": "5.42", "Basic Average Shares": "16,314", "Diluted Average Shares": "16,333", "INTEREST_INCOME_AFTER_PROVISION_FOR_LOAN_LOSS": "162,611", "Net Income from Continuing & Discontinued Operation": "89,352", "Normalized Income": "89,979", "Total Money Market Investments": "1,332", "Reconciled Depreciation": "5,702", "Net Income from Continuing Operation Net Minority Interest": "89,352", "Total Unusual Items Excluding Goodwill": "-797", "Total Unusual Items": "-797", "Tax Rate for Calcs": "0", "Tax Effect of Unusual Items": "-169.761"}, "12/31/2018": {"Duration": "12/31/2018", "Total Revenue": "194,270", "Credit Losses Provision": "2,310", "Non Interest Expense": "95,306", "Special Income Charges": "-13,257", "Pretax Income": "88,017", "Tax Provision": "18,015", "Net Income Common Stockholders": "69,348", "Diluted NI Available to Com Stockholders": "69,348", "Basic EPS": "4.50", "Diluted EPS": "4.49", "Basic Average Shares": "15,421", "Diluted Average Shares": "15,439", "INTEREST_INCOME_AFTER_PROVISION_FOR_LOAN_LOSS": "140,519", "Net Income from Continuing & Discontinued Operation": "70,002", "Normalized Income": "80,541", "Total Money Market Investments": "1,666", "Reconciled Depreciation": "6,368", "Net Income from Continuing Operation Net Minority Interest": "70,002", "Total Unusual Items Excluding Goodwill": "-13,257", "Total Unusual Items": "-13,257", "Tax Rate for Calcs": "0", "Tax Effect of Unusual Items": "-2,718"}}, "bs": {"12/31/2020": {"Duration": "12/31/2020", "Total Assets": "5,758,640", "Total Liabilities Net Minority Interest": "5,057,534", "Total Equity Gross Minority Interest": "701,106", "Total Capitalization": "-", "Common Stock Equity": "701,106", "Net Tangible Assets": "582,514", "Invested Capital": "-", "Tangible Book Value": "582,514", "Total Debt": "-", "Share Issued": "19,048", "Ordinary Shares Number": "15,768", "Treasury Shares Number": "3,280"}, "12/31/2019": {"Duration": "12/31/2019", "Total Assets": "5,018,756", "Total Liabilities Net Minority Interest": "4,360,773", "Total Equity Gross Minority Interest": "657,983", "Total Capitalization": "662,039", "Common Stock Equity": "657,983", "Net Tangible Assets": "537,742", "Invested Capital": "662,039", "Tangible Book Value": "537,742", "Total Debt": "4,056", "Share Issued": "19,048", "Ordinary Shares Number": "16,303", "Treasury Shares Number": "2,744"}, "12/31/2018": {"Duration": "12/31/2018", "Total Assets": "4,899,012", "Total Liabilities Net Minority Interest": "4,298,248", "Total Equity Gross Minority Interest": "600,764", "Total Capitalization": "604,817", "Common Stock Equity": "600,764", "Net Tangible Assets": "477,916", "Invested Capital": "644,817", "Tangible Book Value": "477,916", "Total Debt": "44,053", "Share Issued": "19,048", "Ordinary Shares Number": "16,555", "Treasury Shares Number": "2,492"}}, "cf": {"TTM": {"Duration": "TTM", "Operating Cash Flow": "89,795", "Investing Cash Flow": "-285,286", "Financing Cash Flow": "584,006", "End Cash Position": "528,659", "Income Tax Paid Supplemental Data": "26,700", "Interest Paid Supplemental Data": "25,400", "Capital Expenditure": "-5,544", "Issuance of Capital Stock": "-", "Repayment of Debt": "-4,056", "Repurchase of Capital Stock": "-36,481", "Free Cash Flow": "84,251"}, "12/31/2020": {"Duration": "12/31/2020", "Operating Cash Flow": "89,795", "Investing Cash Flow": "-285,286", "Financing Cash Flow": "584,006", "End Cash Position": "528,659", "Income Tax Paid Supplemental Data": "26,700", "Interest Paid Supplemental Data": "25,400", "Capital Expenditure": "-5,544", "Issuance of Capital Stock": "-", "Repayment of Debt": "-4,056", "Repurchase of Capital Stock": "-36,481", "Free Cash Flow": "84,251"}, "12/31/2019": {"Duration": "12/31/2019", "Operating Cash Flow": "98,643", "Investing Cash Flow": "-103,301", "Financing Cash Flow": "21,811", "End Cash Position": "140,144", "Income Tax Paid Supplemental Data": "-", "Interest Paid Supplemental Data": "-", "Capital Expenditure": "-4,729", "Issuance of Capital Stock": "0", "Repayment of Debt": "0", "Repurchase of Capital Stock": "-19,431", "Free Cash Flow": "93,914"}, "12/31/2018": {"Duration": "12/31/2018", "Operating Cash Flow": "73,073", "Investing Cash Flow": "-163,966", "Financing Cash Flow": "131,376", "End Cash Position": "122,991", "Income Tax Paid Supplemental Data": "-", "Interest Paid Supplemental Data": "-", "Capital Expenditure": "-10,192", "Issuance of Capital Stock": "0", "Repayment of Debt": "-16,495", "Repurchase of Capital Stock": "-20,271", "Free Cash Flow": "62,881"}}}}, {"WSFS": {"quote": {"04/04/2021": {"value": "50.37", "Market Cap": "2.393B", "Beta (5Y Monthly)": "1.40", "PE Ratio (TTM)": "22.19", "EPS (TTM)": "2.27", "Earnings Date": "Apr 26, 2021 - Apr 30, 2021", "Forward Dividend & Yield": "0.48 (0.95%)", "Ex-Dividend Date": "Feb 10, 2021", "1y Target Est": "55.88"}}, "fin": {"TTM": {"Duration": "TTM", "Total Revenue": "666,980", "Credit Losses Provision": "-153,180", "Non Interest Expense": "366,054", "Special Income Charges": "-2,790", "Pretax Income": "144,956", "Tax Provision": "31,636", "Net Income Common Stockholders": "114,774", "Diluted NI Available to Com Stockholders": "114,774", "Basic EPS": "-", "Diluted EPS": "-", "Basic Average Shares": "-", "Diluted Average Shares": "-", "INTEREST_INCOME_AFTER_PROVISION_FOR_LOAN_LOSS": "312,775", "Net Income from Continuing & Discontinued Operation": "114,774", "Normalized Income": "116,955", "Reconciled Depreciation": "38,198", "Net Income from Continuing Operation Net Minority Interest": "114,774", "Total Unusual Items Excluding Goodwill": "-2,790", "Total Unusual Items": "-2,790", "Tax Rate for Calcs": "0", "Tax Effect of Unusual Items": "-608.905"}, "12/31/2020": {"Duration": "12/31/2020", "Total Revenue": "666,980", "Credit Losses Provision": "-153,180", "Non Interest Expense": "366,054", "Special Income Charges": "-2,790", "Pretax Income": "144,956", "Tax Provision": "31,636", "Net Income Common Stockholders": "114,774", "Diluted NI Available to Com Stockholders": "114,774", "Basic EPS": "-", "Diluted EPS": "-", "Basic Average Shares": "-", "Diluted Average Shares": "-", "INTEREST_INCOME_AFTER_PROVISION_FOR_LOAN_LOSS": "312,775", "Net Income from Continuing & Discontinued Operation": "114,774", "Normalized Income": "116,956", "Reconciled Depreciation": "38,198", "Net Income from Continuing Operation Net Minority Interest": "114,774", "Total Unusual Items Excluding Goodwill": "-2,790", "Total Unusual Items": "-2,790", "Tax Rate for Calcs": "0", "Tax Effect of Unusual Items": "-608.22"}, "12/31/2019": {"Duration": "12/31/2019", "Total Revenue": "633,057", "Credit Losses Provision": "-25,560", "Non Interest Expense": "396,994", "Special Income Charges": "-16,133", "Pretax Income": "194,370", "Tax Provision": "46,452", "Net Income Common Stockholders": "148,809", "Diluted NI Available to Com Stockholders": "148,809", "Basic EPS": "2.89", "Diluted EPS": "2.89", "Basic Average Shares": "51,567", "Diluted Average Shares": "51,567", "INTEREST_INCOME_AFTER_PROVISION_FOR_LOAN_LOSS": "419,388", "Net Income from Continuing & Discontinued Operation": "148,809", "Normalized Income": "161,086", "Reconciled Depreciation": "49,815", "Net Income from Continuing Operation Net Minority Interest": "148,809", "Total Unusual Items Excluding Goodwill": "-16,133", "Total Unusual Items": "-16,133", "Tax Rate for Calcs": "0", "Tax Effect of Unusual Items": "-3,856"}, "12/31/2018": {"Duration": "12/31/2018", "Total Revenue": "409,015", "Credit Losses Provision": "-13,170", "Non Interest Expense": "232,985", "Special Income Charges": "7,938", "Pretax Income": "170,798", "Tax Provision": "36,055", "Net Income Common Stockholders": "134,743", "Diluted NI Available to Com Stockholders": "134,743", "Basic EPS": "4.29", "Diluted EPS": "4.19", "Basic Average Shares": "31,374", "Diluted Average Shares": "32,168", "INTEREST_INCOME_AFTER_PROVISION_FOR_LOAN_LOSS": "233,304", "Net Income from Continuing & Discontinued Operation": "134,743", "Normalized Income": "128,480", "Reconciled Depreciation": "11,271", "Net Income from Continuing Operation Net Minority Interest": "134,743", "Total Unusual Items Excluding Goodwill": "7,938", "Total Unusual Items": "7,938", "Tax Rate for Calcs": "0", "Tax Effect of Unusual Items": "1,675"}}, "bs": {"12/31/2020": {"Duration": "12/31/2020", "Total Assets": "14,333,914", "Total Liabilities Net Minority Interest": "12,544,434", "Total Equity Gross Minority Interest": "1,789,480", "Total Capitalization": "2,132,367", "Common Stock Equity": "1,791,726", "Net Tangible Assets": "1,234,340", "Invested Capital": "2,132,367", "Tangible Book Value": "1,234,340", "Total Debt": "340,641", "Net Debt": "-", "Share Issued": "57,576", "Ordinary Shares Number": "47,756", "Treasury Shares Number": "9,820"}, "12/31/2019": {"Duration": "12/31/2019", "Total Assets": "12,256,302", "Total Liabilities Net Minority Interest": "10,406,811", "Total Equity Gross Minority Interest": "1,849,491", "Total Capitalization": "2,144,594", "Common Stock Equity": "1,850,306", "Net Tangible Assets": "1,281,561", "Invested Capital": "2,144,594", "Tangible Book Value": "1,281,561", "Total Debt": "294,288", "Net Debt": "-", "Share Issued": "57,436", "Ordinary Shares Number": "51,567", "Treasury Shares Number": "5,869"}, "12/31/2018": {"Duration": "12/31/2018", "Total Assets": "7,248,870", "Total Liabilities Net Minority Interest": "6,427,950", "Total Equity Gross Minority Interest": "820,920", "Total Capitalization": "1,362,733", "Common Stock Equity": "820,920", "Net Tangible Assets": "634,897", "Invested Capital": "1,362,733", "Tangible Book Value": "634,897", "Total Debt": "541,813", "Net Debt": "80,201", "Share Issued": "56,927", "Ordinary Shares Number": "31,374", "Treasury Shares Number": "25,553"}}, "cf": {"TTM": {"Duration": "TTM", "Operating Cash Flow": "15,142", "Investing Cash Flow": "-874,944", "Financing Cash Flow": "1,942,785", "End Cash Position": "1,654,735", "Income Tax Paid Supplemental Data": "72,756", "Interest Paid Supplemental Data": "50,103", "Capital Expenditure": "-7,159", "Issuance of Debt": "13,225,679", "Repayment of Debt": "-13,378,951", "Repurchase of Capital Stock": "-155,832", "Free Cash Flow": "7,983"}, "12/31/2020": {"Duration": "12/31/2020", "Operating Cash Flow": "15,142", "Investing Cash Flow": "-874,944", "Financing Cash Flow": "1,942,785", "End Cash Position": "1,654,735", "Income Tax Paid Supplemental Data": "72,756", "Interest Paid Supplemental Data": "50,103", "Capital Expenditure": "-7,159", "Issuance of Debt": "13,225,679", "Repayment of Debt": "-13,378,951", "Repurchase of Capital Stock": "-155,832", "Free Cash Flow": "7,983"}, "12/31/2019": {"Duration": "12/31/2019", "Operating Cash Flow": "89,866", "Investing Cash Flow": "293,823", "Financing Cash Flow": "-432,694", "End Cash Position": "571,752", "Income Tax Paid Supplemental Data": "33,843", "Interest Paid Supplemental Data": "74,942", "Capital Expenditure": "-14,198", "Issuance of Debt": "64,573,231", "Repayment of Debt": "-64,751,996", "Repurchase of Capital Stock": "-97,186", "Free Cash Flow": "75,668"}, "12/31/2018": {"Duration": "12/31/2018", "Operating Cash Flow": "135,574", "Investing Cash Flow": "-359,910", "Financing Cash Flow": "121,227", "End Cash Position": "620,757", "Income Tax Paid Supplemental Data": "33,316", "Interest Paid Supplemental Data": "45,636", "Capital Expenditure": "-5,500", "Issuance of Debt": "104,961,207", "Repayment of Debt": "-105,212,768", "Repurchase of Capital Stock": "-31,202", "Free Cash Flow": "130,074"}}}}, {"CZNC": {"quote": {"04/04/2021": {"value": "23.86", "Market Cap": "381.781M", "Beta (5Y Monthly)": "0.38", "PE Ratio (TTM)": "18.41", "EPS (TTM)": "1.30", "Earnings Date": "May 05, 2021 - May 10, 2021", "Forward Dividend & Yield": "1.08 (4.53%)", "Ex-Dividend Date": "Jan 29, 2021", "1y Target Est": "27.00"}}, "fin": {"TTM": {"Duration": "TTM", "Total Revenue": "90,847", "Credit Losses Provision": "-3,913", "Non Interest Expense": "54,378", "Special Income Charges": "-9,344", "Pretax Income": "23,212", "Tax Provision": "3,990", "Net Income Common Stockholders": "19,148", "Diluted NI Available to Com Stockholders": "19,148", "Basic EPS": "-", "Diluted EPS": "-", "Basic Average Shares": "-", "Diluted Average Shares": "-", "INTEREST_INCOME_AFTER_PROVISION_FOR_LOAN_LOSS": "63,638", "Net Income from Continuing & Discontinued Operation": "19,222", "Normalized Income": "26,960", "Total Money Market Investments": "251", "Reconciled Depreciation": "1,981", "Net Income from Continuing Operation Net Minority Interest": "19,222", "Total Unusual Items Excluding Goodwill": "-9,344", "Total Unusual Items": "-9,344", "Tax Rate for Calcs": "0", "Tax Effect of Unusual Items": "-1,606"}, "12/31/2020": {"Duration": "12/31/2020", "Total Revenue": "90,847", "Credit Losses Provision": "-3,913", "Non Interest Expense": "54,378", "Special Income Charges": "-9,344", "Pretax Income": "23,212", "Tax Provision": "3,990", "Net Income Common Stockholders": "19,106", "Diluted NI Available to Com Stockholders": "19,106", "Basic EPS": "-", "Diluted EPS": "-", "Basic Average Shares": "-", "Diluted Average Shares": "-", "INTEREST_INCOME_AFTER_PROVISION_FOR_LOAN_LOSS": "63,634", "Net Income from Continuing & Discontinued Operation": "19,222", "Normalized Income": "26,959", "Total Money Market Investments": "251", "Reconciled Depreciation": "1,981", "Net Income from Continuing Operation Net Minority Interest": "19,222", "Total Unusual Items Excluding Goodwill": "-9,344", "Total Unusual Items": "-9,344", "Tax Rate for Calcs": "0", "Tax Effect of Unusual Items": "-1,607"}, "12/31/2019": {"Duration": "12/31/2019", "Total Revenue": "72,692", "Credit Losses Provision": "-849", "Non Interest Expense": "44,335", "Special Income Charges": "-4,099", "Pretax Income": "23,409", "Tax Provision": "3,905", "Net Income Common Stockholders": "19,404", "Diluted NI Available to Com Stockholders": "19,404", "Basic EPS": "1.46", "Diluted EPS": "1.46", "Basic Average Shares": "13,299", "Diluted Average Shares": "13,322", "INTEREST_INCOME_AFTER_PROVISION_FOR_LOAN_LOSS": "53,616", "Net Income from Continuing & Discontinued Operation": "19,504", "Normalized Income": "22,919", "Total Money Market Investments": "514", "Reconciled Depreciation": "1,749", "Net Income from Continuing Operation Net Minority Interest": "19,504", "Total Unusual Items Excluding Goodwill": "-4,099", "Total Unusual Items": "-4,099", "Tax Rate for Calcs": "0", "Tax Effect of Unusual Items": "-683.7132"}, "12/31/2018": {"Duration": "12/31/2018", "Total Revenue": "65,029", "Credit Losses Provision": "-584", "Non Interest Expense": "38,182", "Special Income Charges": "-", "Pretax Income": "26,263", "Tax Provision": "4,250", "Net Income Common Stockholders": "21,903", "Diluted NI Available to Com Stockholders": "21,903", "Basic EPS": "1.80", "Diluted EPS": "1.79", "Basic Average Shares": "12,230", "Diluted Average Shares": "12,259", "INTEREST_INCOME_AFTER_PROVISION_FOR_LOAN_LOSS": "45,097", "Net Income from Continuing & Discontinued Operation": "22,013", "Normalized Income": "22,013", "Total Money Market Investments": "415", "Reconciled Depreciation": "1,754", "Net Income from Continuing Operation Net Minority Interest": "22,013", "Total Unusual Items Excluding Goodwill": "-", "Total Unusual Items": "-", "Tax Rate for Calcs": "0", "Tax Effect of Unusual Items": "0"}}, "bs": {"12/31/2020": {"Duration": "12/31/2020", "Total Assets": "2,239,100", "Total Liabilities Net Minority Interest": "1,939,344", "Total Equity Gross Minority Interest": "299,756", "Total Capitalization": "370,917", "Common Stock Equity": "299,756", "Net Tangible Assets": "243,400", "Invested Capital": "388,983", "Tangible Book Value": "243,400", "Total Debt": "89,227", "Net Debt": "-", "Share Issued": "15,983", "Ordinary Shares Number": "15,912", "Treasury Shares Number": "70.831"}, "12/31/2019": {"Duration": "12/31/2019", "Total Assets": "1,654,145", "Total Liabilities Net Minority Interest": "1,409,693", "Total Equity Gross Minority Interest": "244,452", "Total Capitalization": "303,079", "Common Stock Equity": "244,452", "Net Tangible Assets": "214,817", "Invested Capital": "387,371", "Tangible Book Value": "214,817", "Total Debt": "142,919", "Net Debt": "107,717", "Share Issued": "13,935", "Ordinary Shares Number": "13,716", "Treasury Shares Number": "218.551"}, "12/31/2018": {"Duration": "12/31/2018", "Total Assets": "1,290,893", "Total Liabilities Net Minority Interest": "1,093,525", "Total Equity Gross Minority Interest": "197,368", "Total Capitalization": "233,283", "Common Stock Equity": "197,368", "Net Tangible Assets": "185,417", "Invested Capital": "240,283", "Tangible Book Value": "185,417", "Total Debt": "42,915", "Net Debt": "5,428", "Share Issued": "12,655", "Ordinary Shares Number": "12,319", "Treasury Shares Number": "335.841"}}, "cf": {"TTM": {"Duration": "TTM", "Operating Cash Flow": "24,784", "Investing Cash Flow": "96,580", "Financing Cash Flow": "-56,469", "End Cash Position": "96,017", "Income Tax Paid Supplemental Data": "3,137", "Interest Paid Supplemental Data": "10,742", "Capital Expenditure": "-3,137", "Issuance of Capital Stock": "131", "Issuance of Debt": "25,891", "Repayment of Debt": "-154,800", "Repurchase of Capital Stock": "-163", "Free Cash Flow": "21,647"}, "12/31/2020": {"Duration": "12/31/2020", "Operating Cash Flow": "24,784", "Investing Cash Flow": "96,580", "Financing Cash Flow": "-56,469", "End Cash Position": "96,017", "Income Tax Paid Supplemental Data": "3,137", "Interest Paid Supplemental Data": "10,742", "Capital Expenditure": "-3,137", "Issuance of Capital Stock": "131", "Issuance of Debt": "25,891", "Repayment of Debt": "-154,800", "Repurchase of Capital Stock": "-163", "Free Cash Flow": "21,647"}, "12/31/2019": {"Duration": "12/31/2019", "Operating Cash Flow": "22,461", "Investing Cash Flow": "22,668", "Financing Cash Flow": "-46,834", "End Cash Position": "31,122", "Income Tax Paid Supplemental Data": "3,234", "Interest Paid Supplemental Data": "9,601", "Capital Expenditure": "-2,870", "Issuance of Capital Stock": "198", "Issuance of Debt": "48,500", "Repayment of Debt": "-76,480", "Repurchase of Capital Stock": "-189", "Free Cash Flow": "19,591"}, "12/31/2018": {"Duration": "12/31/2018", "Operating Cash Flow": "25,892", "Investing Cash Flow": "-21,648", "Financing Cash Flow": "-8,421", "End Cash Position": "32,827", "Income Tax Paid Supplemental Data": "4,277", "Interest Paid Supplemental Data": "4,529", "Capital Expenditure": "-1,167", "Issuance of Capital Stock": "189", "Issuance of Debt": "33,000", "Repayment of Debt": "-6,274", "Repurchase of Capital Stock": "-", "Free Cash Flow": "24,725"}}}}, {"CHFN": {"quote": {"04/04/2021": {"value": "", "Net Assets": "N/A", "Beta (5Y Monthly)": "N/A", "Yield": "N/A", "5y Average Return": "N/A", "Holdings Turnover": "N/A", "Last Dividend": "N/A", "Average for Category": "N/A", "Inception Date": "N/A"}}, "fin": {}, "bs": {}, "cf": {}}}, {"SSB": {"quote": {"04/04/2021": {"value": "79.63", "Market Cap": "5.656B", "Beta (5Y Monthly)": "1.07", "PE Ratio (TTM)": "36.36", "EPS (TTM)": "2.19", "Earnings Date": "Apr 28, 2021", "Forward Dividend & Yield": "1.88 (2.36%)", "Ex-Dividend Date": "Feb 11, 2021", "1y Target Est": "84.50"}}, "fin": {"TTM": {"Duration": "TTM", "Total Revenue": "1,130,276", "Credit Losses Provision": "-235,989", "Non Interest Expense": "654,780", "Special Income Charges": "-135,535", "Pretax Income": "103,972", "Tax Provision": "-16,660", "Net Income Common Stockholders": "120,632", "Diluted NI Available to Com Stockholders": "120,632", "Basic EPS": "-", "Diluted EPS": "-", "Basic Average Shares": "-", "Diluted Average Shares": "-", "INTEREST_INCOME_AFTER_PROVISION_FOR_LOAN_LOSS": "590,476", "Net Income from Continuing & Discontinued Operation": "120,632", "Normalized Income": "219,573", "Total Money Market Investments": "4,198", "Reconciled Depreciation": "46,367", "Net Income from Continuing Operation Net Minority Interest": "120,632", "Total Unusual Items Excluding Goodwill": "-135,535", "Total Unusual Items": "-135,535", "Tax Rate for Calcs": "0", "Tax Effect of Unusual Items": "-36,594"}, "12/31/2020": {"Duration": "12/31/2020", "Total Revenue": "1,130,276", "Credit Losses Provision": "-235,989", "Non Interest Expense": "654,780", "Special Income Charges": "-135,535", "Pretax Income": "103,972", "Tax Provision": "-16,660", "Net Income Common Stockholders": "120,632", "Diluted NI Available to Com Stockholders": "120,632", "Basic EPS": "-", "Diluted EPS": "-", "Basic Average Shares": "-", "Diluted Average Shares": "-", "INTEREST_INCOME_AFTER_PROVISION_FOR_LOAN_LOSS": "590,476", "Net Income from Continuing & Discontinued Operation": "120,632", "Normalized Income": "219,573", "Total Money Market Investments": "4,198", "Reconciled Depreciation": "46,367", "Net Income from Continuing Operation Net Minority Interest": "120,632", "Total Unusual Items Excluding Goodwill": "-135,535", "Total Unusual Items": "-135,535", "Tax Rate for Calcs": "0", "Tax Effect of Unusual Items": "-36,594"}, "12/31/2019": {"Duration": "12/31/2019", "Total Revenue": "643,422", "Credit Losses Provision": "-12,777", "Non Interest Expense": "386,831", "Special Income Charges": "-13,389", "Pretax Income": "230,425", "Tax Provision": "43,942", "Net Income Common Stockholders": "186,483", "Diluted NI Available to Com Stockholders": "186,483", "Basic EPS": "5.40", "Diluted EPS": "5.36", "Basic Average Shares": "34,561", "Diluted Average Shares": "34,797", "INTEREST_INCOME_AFTER_PROVISION_FOR_LOAN_LOSS": "491,498", "Net Income from Continuing & Discontinued Operation": "186,483", "Normalized Income": "197,319", "Total Money Market Investments": "9,902", "Reconciled Depreciation": "33,121", "Net Income from Continuing Operation Net Minority Interest": "186,483", "Total Unusual Items Excluding Goodwill": "-13,389", "Total Unusual Items": "-13,389", "Tax Rate for Calcs": "0", "Tax Effect of Unusual Items": "-2,553"}, "12/31/2018": {"Duration": "12/31/2018", "Total Revenue": "655,154", "Credit Losses Provision": "-13,783", "Non Interest Expense": "377,712", "Special Income Charges": "-39,404", "Pretax Income": "224,255", "Tax Provision": "45,384", "Net Income Common Stockholders": "178,871", "Diluted NI Available to Com Stockholders": "178,871", "Basic EPS": "4.90", "Diluted EPS": "4.86", "Basic Average Shares": "36,530", "Diluted Average Shares": "36,776", "INTEREST_INCOME_AFTER_PROVISION_FOR_LOAN_LOSS": "499,433", "Net Income from Continuing & Discontinued Operation": "178,871", "Normalized Income": "210,300", "Total Money Market Investments": "4,015", "Reconciled Depreciation": "35,696", "Net Income from Continuing Operation Net Minority Interest": "178,871", "Total Unusual Items Excluding Goodwill": "-39,404", "Total Unusual Items": "-39,404", "Tax Rate for Calcs": "0", "Tax Effect of Unusual Items": "-7,975"}}, "bs": {"12/31/2020": {"Duration": "12/31/2020", "Total Assets": "37,789,873", "Total Liabilities Net Minority Interest": "33,141,993", "Total Equity Gross Minority Interest": "4,647,880", "Total Capitalization": "5,027,749", "Common Stock Equity": "4,647,880", "Net Tangible Assets": "2,877,526", "Invested Capital": "5,027,749", "Tangible Book Value": "2,877,526", "Total Debt": "379,869", "Net Debt": "-", "Share Issued": "70,973", "Ordinary Shares Number": "70,973"}, "12/31/2019": {"Duration": "12/31/2019", "Total Assets": "15,921,092", "Total Liabilities Net Minority Interest": "13,548,079", "Total Equity Gross Minority Interest": "2,373,013", "Total Capitalization": "2,478,639", "Common Stock Equity": "2,373,013", "Net Tangible Assets": "1,289,772", "Invested Capital": "3,178,639", "Tangible Book Value": "1,289,772", "Total Debt": "805,626", "Net Debt": "116,922", "Share Issued": "33,744", "Ordinary Shares Number": "33,744"}, "12/31/2018": {"Duration": "12/31/2018", "Total Assets": "14,676,328", "Total Liabilities Net Minority Interest": "12,310,032", "Total Equity Gross Minority Interest": "2,366,296", "Total Capitalization": "2,482,380", "Common Stock Equity": "2,366,296", "Net Tangible Assets": "1,265,769", "Invested Capital": "2,632,380", "Tangible Book Value": "1,265,769", "Total Debt": "266,084", "Net Debt": "-", "Share Issued": "35,830", "Ordinary Shares Number": "35,830"}}, "cf": {"TTM": {"Duration": "TTM", "Operating Cash Flow": "536,943", "Investing Cash Flow": "1,229,778", "Financing Cash Flow": "2,153,830", "End Cash Position": "4,609,255", "Income Tax Paid Supplemental Data": "103,801", "Interest Paid Supplemental Data": "87,246", "Capital Expenditure": "-16,930", "Issuance of Capital Stock": "1,537", "Issuance of Debt": "500,000", "Repayment of Debt": "-1,200,103", "Repurchase of Capital Stock": "-32,431", "Free Cash Flow": "520,013"}, "12/31/2020": {"Duration": "12/31/2020", "Operating Cash Flow": "536,943", "Investing Cash Flow": "1,229,778", "Financing Cash Flow": "2,153,830", "End Cash Position": "4,609,255", "Income Tax Paid Supplemental Data": "103,801", "Interest Paid Supplemental Data": "87,246", "Capital Expenditure": "-16,930", "Issuance of Capital Stock": "1,537", "Issuance of Debt": "500,000", "Repayment of Debt": "-1,200,103", "Repurchase of Capital Stock": "-32,431", "Free Cash Flow": "520,013"}, "12/31/2019": {"Duration": "12/31/2019", "Operating Cash Flow": "181,028", "Investing Cash Flow": "-795,053", "Financing Cash Flow": "893,746", "End Cash Position": "688,704", "Income Tax Paid Supplemental Data": "55,674", "Interest Paid Supplemental Data": "86,355", "Capital Expenditure": "-15,798", "Issuance of Capital Stock": "1,394", "Issuance of Debt": "700,001", "Repayment of Debt": "-150,007", "Repurchase of Capital Stock": "-159,431", "Free Cash Flow": "165,230"}, "12/31/2018": {"Duration": "12/31/2018", "Operating Cash Flow": "283,711", "Investing Cash Flow": "-282,149", "Financing Cash Flow": "29,794", "End Cash Position": "408,983", "Income Tax Paid Supplemental Data": "31,941", "Interest Paid Supplemental Data": "52,062", "Capital Expenditure": "-14,538", "Issuance of Capital Stock": "1,331", "Issuance of Debt": "590,001", "Repayment of Debt": "-540,007", "Repurchase of Capital Stock": "-70,577", "Free Cash Flow": "269,173"}}}}, {"CFFI": {"quote": {"04/04/2021": {"value": "46.25", "Market Cap": "170.395M", "Beta (5Y Monthly)": "0.59", "PE Ratio (TTM)": "7.63", "EPS (TTM)": "6.06", "Earnings Date": "Jan 27, 2021", "Forward Dividend & Yield": "1.52 (3.29%)", "Ex-Dividend Date": "Mar 11, 2021", "1y Target Est": "N/A"}}, "fin": {"TTM": {"Duration": "TTM", "Total Revenue": "135,714", "Credit Losses Provision": "-11,080", "Non Interest Expense": "93,218", "Special Income Charges": "-2,197", "Pretax Income": "29,219", "Tax Provision": "6,795", "Net Income Common Stockholders": "22,117", "Diluted NI Available to Com Stockholders": "22,117", "Basic EPS": "-", "Diluted EPS": "-", "Basic Average Shares": "-", "Diluted Average Shares": "-", "INTEREST_INCOME_AFTER_PROVISION_FOR_LOAN_LOSS": "72,451", "Net Income from Continuing & Discontinued Operation": "22,117", "Normalized Income": "23,802", "Total Money Market Investments": "713", "Reconciled Depreciation": "4,189", "Net Income from Continuing Operation Net Minority Interest": "22,117", "Total Unusual Items Excluding Goodwill": "-2,197", "Total Unusual Items": "-2,197", "Tax Rate for Calcs": "0", "Tax Effect of Unusual Items": "-511.901"}, "12/31/2020": {"Duration": "12/31/2020", "Total Revenue": "135,714", "Credit Losses Provision": "-11,080", "Non Interest Expense": "93,218", "Special Income Charges": "-2,197", "Pretax Income": "29,219", "Tax Provision": "6,795", "Net Income Common Stockholders": "22,117", "Diluted NI Available to Com Stockholders": "22,117", "Basic EPS": "-", "Diluted EPS": "-", "Basic Average Shares": "-", "Diluted Average Shares": "-", "INTEREST_INCOME_AFTER_PROVISION_FOR_LOAN_LOSS": "72,451", "Net Income from Continuing & Discontinued Operation": "22,117", "Normalized Income": "23,802", "Total Money Market Investments": "713", "Reconciled Depreciation": "4,189", "Net Income from Continuing Operation Net Minority Interest": "22,117", "Total Unusual Items Excluding Goodwill": "-2,197", "Total Unusual Items": "-2,197", "Tax Rate for Calcs": "0", "Tax Effect of Unusual Items": "-511.901"}, "12/31/2019": {"Duration": "12/31/2019", "Total Revenue": "112,466", "Credit Losses Provision": "-8,515", "Non Interest Expense": "80,019", "Special Income Charges": "-", "Pretax Income": "23,932", "Tax Provision": "5,082", "Net Income Common Stockholders": "18,859", "Diluted NI Available to Com Stockholders": "18,859", "Basic EPS": "5.47", "Diluted EPS": "5.47", "Basic Average Shares": "3,451", "Diluted Average Shares": "3,451", "INTEREST_INCOME_AFTER_PROVISION_FOR_LOAN_LOSS": "71,939", "Net Income from Continuing & Discontinued Operation": "18,859", "Normalized Income": "18,859", "Total Money Market Investments": "2,179", "Reconciled Depreciation": "3,866", "Net Income from Continuing Operation Net Minority Interest": "18,859", "Total Unusual Items Excluding Goodwill": "-", "Total Unusual Items": "-", "Tax Rate for Calcs": "0", "Tax Effect of Unusual Items": "0"}, "12/31/2018": {"Duration": "12/31/2018", "Total Revenue": "107,279", "Credit Losses Provision": "-11,006", "Non Interest Expense": "73,732", "Special Income Charges": "-", "Pretax Income": "22,541", "Tax Provision": "4,521", "Net Income Common Stockholders": "18,020", "Diluted NI Available to Com Stockholders": "18,020", "Basic EPS": "5.15", "Diluted EPS": "5.15", "Basic Average Shares": "3,501", "Diluted Average Shares": "3,501", "INTEREST_INCOME_AFTER_PROVISION_FOR_LOAN_LOSS": "70,515", "Net Income from Continuing & Discontinued Operation": "18,020", "Normalized Income": "18,020", "Total Money Market Investments": "2,097", "Reconciled Depreciation": "3,671", "Net Income from Continuing Operation Net Minority Interest": "18,020", "Total Unusual Items Excluding Goodwill": "-", "Total Unusual Items": "-", "Tax Rate for Calcs": "0", "Tax Effect of Unusual Items": "0"}}, "bs": {"12/31/2020": {"Duration": "12/31/2020", "Total Assets": "2,086,310", "Total Liabilities Net Minority Interest": "1,891,839", "Total Equity Gross Minority Interest": "194,471", "Total Capitalization": "249,519", "Common Stock Equity": "193,805", "Net Tangible Assets": "166,323", "Invested Capital": "269,974", "Tangible Book Value": "166,323", "Total Debt": "76,169", "Net Debt": "-", "Share Issued": "3,670", "Ordinary Shares Number": "3,670"}, "12/31/2019": {"Duration": "12/31/2019", "Total Assets": "1,657,432", "Total Liabilities Net Minority Interest": "1,492,153", "Total Equity Gross Minority Interest": "165,279", "Total Capitalization": "234,579", "Common Stock Equity": "164,798", "Net Tangible Assets": "149,461", "Invested Capital": "325,968", "Tangible Book Value": "149,461", "Total Debt": "161,170", "Net Debt": "-", "Share Issued": "3,438", "Ordinary Shares Number": "3,438"}, "12/31/2018": {"Duration": "12/31/2018", "Total Assets": "1,521,411", "Total Liabilities Net Minority Interest": "1,369,453", "Total Equity Gross Minority Interest": "151,958", "Total Capitalization": "296,732", "Common Stock Equity": "151,958", "Net Tangible Assets": "136,391", "Invested Capital": "311,649", "Tangible Book Value": "136,391", "Total Debt": "159,691", "Net Debt": "44,678", "Share Issued": "3,497", "Ordinary Shares Number": "3,497"}}, "cf": {"TTM": {"Duration": "TTM", "Operating Cash Flow": "-80,374", "Investing Cash Flow": "-183,286", "Financing Cash Flow": "184,896", "End Cash Position": "86,669", "Income Tax Paid Supplemental Data": "6,410", "Interest Paid Supplemental Data": "14,168", "Capital Expenditure": "-10,228", "Issuance of Capital Stock": "-", "Issuance of Debt": "19,924", "Repayment of Debt": "-121,726", "Repurchase of Capital Stock": "-1,061", "Free Cash Flow": "-90,602"}, "12/31/2020": {"Duration": "12/31/2020", "Operating Cash Flow": "-80,374", "Investing Cash Flow": "-183,286", "Financing Cash Flow": "184,896", "End Cash Position": "86,669", "Income Tax Paid Supplemental Data": "6,410", "Interest Paid Supplemental Data": "14,168", "Capital Expenditure": "-10,228", "Issuance of Capital Stock": "-", "Issuance of Debt": "19,924", "Repayment of Debt": "-121,726", "Repurchase of Capital Stock": "-1,061", "Free Cash Flow": "-90,602"}, "12/31/2019": {"Duration": "12/31/2019", "Operating Cash Flow": "-15,164", "Investing Cash Flow": "-35,929", "Financing Cash Flow": "101,513", "End Cash Position": "165,433", "Income Tax Paid Supplemental Data": "2,296", "Interest Paid Supplemental Data": "14,150", "Capital Expenditure": "-2,706", "Issuance of Capital Stock": "-", "Issuance of Debt": "7,000", "Repayment of Debt": "-7,000", "Repurchase of Capital Stock": "-4,385", "Free Cash Flow": "-17,870"}, "12/31/2018": {"Duration": "12/31/2018", "Operating Cash Flow": "47,122", "Investing Cash Flow": "-47,523", "Financing Cash Flow": "-4,009", "End Cash Position": "115,013", "Income Tax Paid Supplemental Data": "821", "Interest Paid Supplemental Data": "10,909", "Capital Expenditure": "-3,374", "Issuance of Capital Stock": "144", "Issuance of Debt": "0", "Repayment of Debt": "-2,500", "Repurchase of Capital Stock": "-1,105", "Free Cash Flow": "43,748"}}}}, {"FUNC": {"quote": {"04/04/2021": {"value": "18.24", "Market Cap": "127.605M", "Beta (5Y Monthly)": "1.08", "PE Ratio (TTM)": "9.26", "EPS (TTM)": "1.97", "Earnings Date": "Feb 19, 2021", "Forward Dividend & Yield": "0.60 (3.29%)", "Ex-Dividend Date": "Apr 16, 2021", "1y Target Est": "N/A"}}, "fin": {"TTM": {"Duration": "TTM", "Total Revenue": "67,273", "Credit Losses Provision": "-5,401", "Non Interest Expense": "43,934", "Special Income Charges": "-20", "Pretax Income": "17,788", "Tax Provision": "3,947", "Net Income Common Stockholders": "13,841", "Diluted NI Available to Com Stockholders": "13,841", "Basic EPS": "-", "Diluted EPS": "-", "Basic Average Shares": "-", "Diluted Average Shares": "-", "Rent Expense Supplemental": "-", "INTEREST_INCOME_AFTER_PROVISION_FOR_LOAN_LOSS": "43,145", "Net Income from Continuing & Discontinued Operation": "13,841", "Normalized Income": "13,958", "Reconciled Depreciation": "3,495", "Net Income from Continuing Operation Net Minority Interest": "13,841", "Total Unusual Items Excluding Goodwill": "-20", "Total Unusual Items": "-20", "Tax Rate for Calcs": "0", "Tax Effect of Unusual Items": "-33.3"}, "12/31/2020": {"Duration": "12/31/2020", "Total Revenue": "67,273", "Credit Losses Provision": "-5,401", "Non Interest Expense": "43,934", "Special Income Charges": "-150", "Pretax Income": "17,788", "Tax Provision": "3,947", "Net Income Common Stockholders": "13,841", "Diluted NI Available to Com Stockholders": "13,841", "Basic EPS": "-", "Diluted EPS": "-", "Basic Average Shares": "-", "Diluted Average Shares": "-", "Rent Expense Supplemental": "-", "INTEREST_INCOME_AFTER_PROVISION_FOR_LOAN_LOSS": "43,145", "Net Income from Continuing & Discontinued Operation": "13,841", "Normalized Income": "13,958", "Reconciled Depreciation": "3,554", "Net Income from Continuing Operation Net Minority Interest": "13,841", "Total Unusual Items Excluding Goodwill": "-150", "Total Unusual Items": "-150", "Tax Rate for Calcs": "0", "Tax Effect of Unusual Items": "-33.3"}, "12/31/2019": {"Duration": "12/31/2019", "Total Revenue": "63,177", "Credit Losses Provision": "-1,320", "Non Interest Expense": "45,389", "Special Income Charges": "-3", "Pretax Income": "16,465", "Tax Provision": "3,336", "Net Income Common Stockholders": "13,129", "Diluted NI Available to Com Stockholders": "13,129", "Basic EPS": "1.85", "Diluted EPS": "1.85", "Basic Average Shares": "7,110", "Diluted Average Shares": "7,110", "Rent Expense Supplemental": "-", "INTEREST_INCOME_AFTER_PROVISION_FOR_LOAN_LOSS": "45,071", "Net Income from Continuing & Discontinued Operation": "13,129", "Normalized Income": "13,131", "Reconciled Depreciation": "3,392", "Net Income from Continuing Operation Net Minority Interest": "13,129", "Total Unusual Items Excluding Goodwill": "-3", "Total Unusual Items": "-3", "Tax Rate for Calcs": "0", "Tax Effect of Unusual Items": "-0.609"}, "12/31/2018": {"Duration": "12/31/2018", "Total Revenue": "59,424", "Credit Losses Provision": "-2,111", "Non Interest Expense": "43,808", "Special Income Charges": "-74", "Pretax Income": "13,431", "Tax Provision": "2,764", "Net Income Common Stockholders": "10,667", "Diluted NI Available to Com Stockholders": "10,667", "Basic EPS": "1.51", "Diluted EPS": "1.51", "Basic Average Shares": "7,079", "Diluted Average Shares": "7,079", "Rent Expense Supplemental": "-", "INTEREST_INCOME_AFTER_PROVISION_FOR_LOAN_LOSS": "42,071", "Net Income from Continuing & Discontinued Operation": "10,667", "Normalized Income": "10,726", "Reconciled Depreciation": "2,435", "Net Income from Continuing Operation Net Minority Interest": "10,667", "Total Unusual Items Excluding Goodwill": "-74", "Total Unusual Items": "-74", "Tax Rate for Calcs": "0", "Tax Effect of Unusual Items": "-15.244"}}, "bs": {"12/31/2020": {"Duration": "12/31/2020", "Total Assets": "1,733,414", "Total Liabilities Net Minority Interest": "1,602,367", "Total Equity Gross Minority Interest": "131,047", "Total Capitalization": "231,976", "Common Stock Equity": "131,047", "Capital Lease Obligations": "2,958", "Net Tangible Assets": "120,043", "Invested Capital": "231,976", "Tangible Book Value": "120,043", "Total Debt": "103,887", "Net Debt": "-", "Share Issued": "6,993", "Ordinary Shares Number": "6,993"}, "12/31/2019": {"Duration": "12/31/2019", "Total Assets": "1,442,027", "Total Liabilities Net Minority Interest": "1,316,087", "Total Equity Gross Minority Interest": "125,940", "Total Capitalization": "226,869", "Common Stock Equity": "125,940", "Capital Lease Obligations": "3,239", "Net Tangible Assets": "114,936", "Invested Capital": "226,869", "Tangible Book Value": "114,936", "Total Debt": "104,168", "Net Debt": "50,950", "Share Issued": "7,110", "Ordinary Shares Number": "7,110"}, "12/31/2018": {"Duration": "12/31/2018", "Total Assets": "1,384,516", "Total Liabilities Net Minority Interest": "1,267,450", "Total Equity Gross Minority Interest": "117,066", "Total Capitalization": "217,995", "Common Stock Equity": "117,066", "Capital Lease Obligations": "-", "Net Tangible Assets": "106,062", "Invested Capital": "257,995", "Tangible Book Value": "106,062", "Total Debt": "140,929", "Net Debt": "117,388", "Share Issued": "7,087", "Ordinary Shares Number": "7,087"}}, "cf": {"TTM": {"Duration": "TTM", "Operating Cash Flow": "17,326", "Investing Cash Flow": "-166,319", "Financing Cash Flow": "227,094", "End Cash Position": "117,090", "Income Tax Paid Supplemental Data": "415", "Interest Paid Supplemental Data": "11,129", "Capital Expenditure": "-3,414", "Issuance of Capital Stock": "191", "Repayment of Debt": "33,825", "Repurchase of Capital Stock": "-2,754", "Free Cash Flow": "13,912"}, "12/31/2020": {"Duration": "12/31/2020", "Operating Cash Flow": "16,169", "Investing Cash Flow": "-191,281", "Financing Cash Flow": "274,565", "End Cash Position": "149,432", "Income Tax Paid Supplemental Data": "1,210", "Interest Paid Supplemental Data": "9,763", "Capital Expenditure": "-1,604", "Issuance of Capital Stock": "198", "Repayment of Debt": "-", "Repurchase of Capital Stock": "-2,754", "Free Cash Flow": "14,565"}, "12/31/2019": {"Duration": "12/31/2019", "Operating Cash Flow": "16,390", "Investing Cash Flow": "-32,522", "Financing Cash Flow": "42,570", "End Cash Position": "49,979", "Income Tax Paid Supplemental Data": "1,011", "Interest Paid Supplemental Data": "11,485", "Capital Expenditure": "-3,973", "Issuance of Capital Stock": "170", "Repayment of Debt": "0", "Repurchase of Capital Stock": "-", "Free Cash Flow": "12,417"}, "12/31/2018": {"Duration": "12/31/2018", "Operating Cash Flow": "18,294", "Investing Cash Flow": "-113,712", "Financing Cash Flow": "35,207", "End Cash Position": "23,541", "Income Tax Paid Supplemental Data": "530", "Interest Paid Supplemental Data": "8,110", "Capital Expenditure": "-9,483", "Issuance of Capital Stock": "119", "Repayment of Debt": "-20,000", "Repurchase of Capital Stock": "0", "Free Cash Flow": "8,811"}}}}, {"EFSI": {"quote": {"04/04/2021": {"value": "31.99", "Market Cap": "109.716M", "Beta (5Y Monthly)": "0.71", "PE Ratio (TTM)": "9.78", "EPS (TTM)": "3.27", "Earnings Date": "Jan 29, 2021", "Forward Dividend & Yield": "1.08 (3.38%)", "Ex-Dividend Date": "Feb 05, 2021", "1y Target Est": "N/A"}}, "fin": {"TTM": {"Duration": "TTM", "Total Revenue": "43,335", "Credit Losses Provision": "-1,457", "Non Interest Expense": "28,575", "Special Income Charges": "5", "Pretax Income": "13,308", "Tax Provision": "2,136", "Net Income Common Stockholders": "11,172", "Diluted NI Available to Com Stockholders": "11,172", "Basic EPS": "-", "Diluted EPS": "-", "Basic Average Shares": "-", "Diluted Average Shares": "-", "INTEREST_INCOME_AFTER_PROVISION_FOR_LOAN_LOSS": "34,094", "Net Income from Continuing & Discontinued Operation": "11,172", "Normalized Income": "11,048", "Total Money Market Investments": "113", "Reconciled Depreciation": "-", "Net Income from Continuing Operation Net Minority Interest": "11,172", "Total Unusual Items Excluding Goodwill": "148", "Total Unusual Items": "148", "Tax Rate for Calcs": "0", "Tax Effect of Unusual Items": "23.7547"}, "12/31/2020": {"Duration": "12/31/2020", "Total Revenue": "43,335", "Credit Losses Provision": "-1,457", "Non Interest Expense": "28,575", "Special Income Charges": "5", "Pretax Income": "13,308", "Tax Provision": "2,136", "Net Income Common Stockholders": "11,172", "Diluted NI Available to Com Stockholders": "11,172", "Basic EPS": "-", "Diluted EPS": "-", "Basic Average Shares": "-", "Diluted Average Shares": "-", "INTEREST_INCOME_AFTER_PROVISION_FOR_LOAN_LOSS": "34,094", "Net Income from Continuing & Discontinued Operation": "11,172", "Normalized Income": "11,048", "Total Money Market Investments": "113", "Reconciled Depreciation": "-", "Net Income from Continuing Operation Net Minority Interest": "11,172", "Total Unusual Items Excluding Goodwill": "148", "Total Unusual Items": "148", "Tax Rate for Calcs": "0", "Tax Effect of Unusual Items": "23.7547"}, "12/31/2019": {"Duration": "12/31/2019", "Total Revenue": "37,253", "Credit Losses Provision": "-629", "Non Interest Expense": "25,192", "Special Income Charges": "137", "Pretax Income": "11,569", "Tax Provision": "1,810", "Net Income Common Stockholders": "9,759", "Diluted NI Available to Com Stockholders": "9,759", "Basic EPS": "2.84", "Diluted EPS": "2.84", "Basic Average Shares": "3,436", "Diluted Average Shares": "3,436", "INTEREST_INCOME_AFTER_PROVISION_FOR_LOAN_LOSS": "30,516", "Net Income from Continuing & Discontinued Operation": "9,759", "Normalized Income": "10,017", "Total Money Market Investments": "301", "Reconciled Depreciation": "957", "Net Income from Continuing Operation Net Minority Interest": "9,759", "Total Unusual Items Excluding Goodwill": "-306", "Total Unusual Items": "-306", "Tax Rate for Calcs": "0", "Tax Effect of Unusual Items": "-47.889"}, "12/31/2018": {"Duration": "12/31/2018", "Total Revenue": "34,512", "Credit Losses Provision": "-777", "Non Interest Expense": "23,417", "Special Income Charges": "-3", "Pretax Income": "10,315", "Tax Provision": "1,314", "Net Income Common Stockholders": "9,001", "Diluted NI Available to Com Stockholders": "9,001", "Basic EPS": "2.60", "Diluted EPS": "2.60", "Basic Average Shares": "3,462", "Diluted Average Shares": "3,462", "INTEREST_INCOME_AFTER_PROVISION_FOR_LOAN_LOSS": "28,572", "Net Income from Continuing & Discontinued Operation": "9,001", "Normalized Income": "9,759", "Total Money Market Investments": "179", "Reconciled Depreciation": "1,126", "Net Income from Continuing Operation Net Minority Interest": "9,001", "Total Unusual Items Excluding Goodwill": "-869", "Total Unusual Items": "-869", "Tax Rate for Calcs": "0", "Tax Effect of Unusual Items": "-110.7106"}}, "bs": {"12/31/2020": {"Duration": "12/31/2020", "Total Assets": "1,130,152", "Total Liabilities Net Minority Interest": "1,025,078", "Total Equity Gross Minority Interest": "105,074", "Common Stock Equity": "105,074", "Net Tangible Assets": "105,074", "Tangible Book Value": "105,074", "Share Issued": "3,405", "Ordinary Shares Number": "3,405"}, "12/31/2019": {"Duration": "12/31/2019", "Total Assets": "877,320", "Total Liabilities Net Minority Interest": "780,994", "Total Equity Gross Minority Interest": "96,326", "Common Stock Equity": "96,326", "Net Tangible Assets": "96,326", "Tangible Book Value": "96,326", "Share Issued": "3,430", "Ordinary Shares Number": "3,430"}, "12/31/2018": {"Duration": "12/31/2018", "Total Assets": "799,617", "Total Liabilities Net Minority Interest": "712,018", "Total Equity Gross Minority Interest": "87,599", "Common Stock Equity": "87,599", "Net Tangible Assets": "87,599", "Tangible Book Value": "87,599", "Share Issued": "3,446", "Ordinary Shares Number": "3,446"}}, "cf": {"TTM": {"Duration": "TTM", "Operating Cash Flow": "-", "Investing Cash Flow": "-", "Financing Cash Flow": "-", "End Cash Position": "-", "Income Tax Paid Supplemental Data": "-", "Interest Paid Supplemental Data": "-", "Capital Expenditure": "-", "Issuance of Capital Stock": "-", "Repayment of Debt": "-", "Repurchase of Capital Stock": "-", "Free Cash Flow": "-"}, "12/31/2019": {"Duration": "12/31/2019", "Operating Cash Flow": "11,348", "Investing Cash Flow": "-57,982", "Financing Cash Flow": "61,940", "End Cash Position": "33,659", "Income Tax Paid Supplemental Data": "0", "Interest Paid Supplemental Data": "4,198", "Capital Expenditure": "-1,314", "Issuance of Capital Stock": "138", "Repayment of Debt": "-", "Repurchase of Capital Stock": "-1,771", "Free Cash Flow": "10,034"}, "12/31/2018": {"Duration": "12/31/2018", "Operating Cash Flow": "-1,523", "Investing Cash Flow": "-53,659", "Financing Cash Flow": "37,687", "End Cash Position": "18,353", "Income Tax Paid Supplemental Data": "2,161", "Interest Paid Supplemental Data": "2,458", "Capital Expenditure": "-432", "Issuance of Capital Stock": "163", "Repayment of Debt": "0", "Repurchase of Capital Stock": "-1,261", "Free Cash Flow": "-1,955"}}}}, {"FISI": {"quote": {"04/04/2021": {"value": "30.12", "Market Cap": "476.387M", "Beta (5Y Monthly)": "1.20", "PE Ratio (TTM)": "13.10", "EPS (TTM)": "2.30", "Earnings Date": "Apr 28, 2021 - May 03, 2021", "Forward Dividend & Yield": "1.08 (3.59%)", "Ex-Dividend Date": "Mar 18, 2021", "1y Target Est": "32.75"}}, "fin": {"TTM": {"Duration": "TTM", "Total Revenue": "182,057", "Credit Losses Provision": "-27,184", "Non Interest Expense": "107,762", "Income from Associates & Other Participating Interests": "104", "Special Income Charges": "-1,492", "Pretax Income": "45,723", "Tax Provision": "7,391", "Net Income Common Stockholders": "36,871", "Diluted NI Available to Com Stockholders": "36,871", "Basic EPS": "-", "Diluted EPS": "-", "Basic Average Shares": "-", "Diluted Average Shares": "-", "INTEREST_INCOME_AFTER_PROVISION_FOR_LOAN_LOSS": "111,801", "Net Income from Continuing & Discontinued Operation": "38,332", "Normalized Income": "39,633", "Reconciled Depreciation": "7,893", "Net Income from Continuing Operation Net Minority Interest": "38,332", "Total Unusual Items Excluding Goodwill": "-1,553", "Total Unusual Items": "-1,553", "Tax Rate for Calcs": "0", "Tax Effect of Unusual Items": "-251.586"}, "12/31/2020": {"Duration": "12/31/2020", "Total Revenue": "182,057", "Credit Losses Provision": "-27,184", "Non Interest Expense": "107,762", "Income from Associates & Other Participating Interests": "104", "Special Income Charges": "-1,492", "Pretax Income": "45,723", "Tax Provision": "7,391", "Net Income Common Stockholders": "36,871", "Diluted NI Available to Com Stockholders": "36,871", "Basic EPS": "-", "Diluted EPS": "-", "Basic Average Shares": "-", "Diluted Average Shares": "-", "INTEREST_INCOME_AFTER_PROVISION_FOR_LOAN_LOSS": "111,801", "Net Income from Continuing & Discontinued Operation": "38,332", "Normalized Income": "39,633", "Reconciled Depreciation": "7,893", "Net Income from Continuing Operation Net Minority Interest": "38,332", "Total Unusual Items Excluding Goodwill": "-1,553", "Total Unusual Items": "-1,553", "Tax Rate for Calcs": "0", "Tax Effect of Unusual Items": "-251.586"}, "12/31/2019": {"Duration": "12/31/2019", "Total Revenue": "169,941", "Credit Losses Provision": "-8,044", "Non Interest Expense": "102,828", "Income from Associates & Other Participating Interests": "352", "Special Income Charges": "0", "Pretax Income": "59,421", "Tax Provision": "10,559", "Net Income Common Stockholders": "47,401", "Diluted NI Available to Com Stockholders": "47,401", "Basic EPS": "2.97", "Diluted EPS": "2.96", "Basic Average Shares": "15,972", "Diluted Average Shares": "16,031", "INTEREST_INCOME_AFTER_PROVISION_FOR_LOAN_LOSS": "121,868", "Net Income from Continuing & Discontinued Operation": "48,862", "Normalized Income": "48,838", "Reconciled Depreciation": "8,213", "Net Income from Continuing Operation Net Minority Interest": "48,862", "Total Unusual Items Excluding Goodwill": "29", "Total Unusual Items": "29", "Tax Rate for Calcs": "0", "Tax Effect of Unusual Items": "5.162"}, "12/31/2018": {"Duration": "12/31/2018", "Total Revenue": "158,139", "Credit Losses Provision": "-8,934", "Non Interest Expense": "98,526", "Income from Associates & Other Participating Interests": "1,203", "Special Income Charges": "-2,350", "Pretax Income": "49,532", "Tax Provision": "10,006", "Net Income Common Stockholders": "38,065", "Diluted NI Available to Com Stockholders": "38,065", "Basic EPS": "2.39", "Diluted EPS": "2.39", "Basic Average Shares": "15,910", "Diluted Average Shares": "15,956", "INTEREST_INCOME_AFTER_PROVISION_FOR_LOAN_LOSS": "113,930", "Net Income from Continuing & Discontinued Operation": "39,526", "Normalized Income": "41,361", "Reconciled Depreciation": "6,477", "Net Income from Continuing Operation Net Minority Interest": "39,526", "Total Unusual Items Excluding Goodwill": "-2,300", "Total Unusual Items": "-2,300", "Tax Rate for Calcs": "0", "Tax Effect of Unusual Items": "-464.6"}}, "bs": {"12/31/2020": {"Duration": "12/31/2020", "Total Assets": "4,912,306", "Total Liabilities Net Minority Interest": "4,443,943", "Total Equity Gross Minority Interest": "468,363", "Total Capitalization": "541,986", "Preferred Stock Equity": "17,328", "Common Stock Equity": "451,035", "Net Tangible Assets": "394,574", "Invested Capital": "529,958", "Tangible Book Value": "377,246", "Total Debt": "78,923", "Net Debt": "-", "Share Issued": "16,100", "Ordinary Shares Number": "16,042", "Preferred Shares Number": "173.282", "Treasury Shares Number": "57.63"}, "12/31/2019": {"Duration": "12/31/2019", "Total Assets": "4,384,178", "Total Liabilities Net Minority Interest": "3,945,231", "Total Equity Gross Minority Interest": "438,947", "Total Capitalization": "478,220", "Preferred Stock Equity": "17,328", "Common Stock Equity": "421,619", "Net Tangible Assets": "364,024", "Invested Capital": "736,392", "Tangible Book Value": "346,696", "Total Debt": "314,773", "Net Debt": "201,826", "Share Issued": "16,100", "Ordinary Shares Number": "16,003", "Preferred Shares Number": "173.282", "Treasury Shares Number": "96.657"}, "12/31/2018": {"Duration": "12/31/2018", "Total Assets": "4,311,698", "Total Liabilities Net Minority Interest": "3,915,405", "Total Equity Gross Minority Interest": "396,293", "Total Capitalization": "435,495", "Preferred Stock Equity": "17,328", "Common Stock Equity": "378,965", "Net Tangible Assets": "320,120", "Invested Capital": "887,667", "Tangible Book Value": "302,792", "Total Debt": "508,702", "Net Debt": "405,947", "Share Issued": "16,056", "Ordinary Shares Number": "15,929", "Preferred Shares Number": "173.282", "Treasury Shares Number": "127.58"}}, "cf": {"TTM": {"Duration": "TTM", "Operating Cash Flow": "43,455", "Investing Cash Flow": "-531,071", "Financing Cash Flow": "468,547", "End Cash Position": "93,878", "Capital Expenditure": "-4,264", "Issuance of Capital Stock": "-", "Issuance of Debt": "35,000", "Repurchase of Capital Stock": "-209", "Free Cash Flow": "39,191"}, "12/31/2020": {"Duration": "12/31/2020", "Operating Cash Flow": "43,455", "Investing Cash Flow": "-531,071", "Financing Cash Flow": "468,547", "End Cash Position": "93,878", "Capital Expenditure": "-4,264", "Issuance of Capital Stock": "-", "Issuance of Debt": "35,000", "Repurchase of Capital Stock": "-209", "Free Cash Flow": "39,191"}, "12/31/2019": {"Duration": "12/31/2019", "Operating Cash Flow": "57,710", "Investing Cash Flow": "-24,733", "Financing Cash Flow": "-22,785", "End Cash Position": "112,947", "Capital Expenditure": "-3,639", "Issuance of Capital Stock": "0", "Issuance of Debt": "-", "Repurchase of Capital Stock": "-293", "Free Cash Flow": "54,071"}, "12/31/2018": {"Duration": "12/31/2018", "Operating Cash Flow": "65,139", "Investing Cash Flow": "-225,409", "Financing Cash Flow": "163,830", "End Cash Position": "102,755", "Capital Expenditure": "-2,842", "Issuance of Capital Stock": "0", "Issuance of Debt": "-", "Repurchase of Capital Stock": "-114", "Free Cash Flow": "62,297"}}}}, {"SMMF": {"quote": {"04/04/2021": {"value": "26.80", "Market Cap": "346.846M", "Beta (5Y Monthly)": "0.55", "PE Ratio (TTM)": "11.12", "EPS (TTM)": "2.41", "Earnings Date": "Apr 28, 2021 - May 03, 2021", "Forward Dividend & Yield": "0.68 (2.54%)", "Ex-Dividend Date": "Mar 12, 2021", "1y Target Est": "26.25"}}, "fin": {"TTM": {"Duration": "TTM", "Total Revenue": "113,340", "Credit Losses Provision": "-14,500", "Non Interest Expense": "58,415", "Special Income Charges": "-1,671", "Pretax Income": "38,754", "Tax Provision": "7,428", "Net Income Common Stockholders": "31,326", "Diluted NI Available to Com Stockholders": "31,326", "Basic EPS": "-", "Diluted EPS": "-", "Basic Average Shares": "-", "Diluted Average Shares": "-", "INTEREST_INCOME_AFTER_PROVISION_FOR_LOAN_LOSS": "80,982", "Net Income from Continuing & Discontinued Operation": "31,326", "Normalized Income": "32,676", "Total Money Market Investments": "266", "Reconciled Depreciation": "4,882", "Net Income from Continuing Operation Net Minority Interest": "31,326", "Total Unusual Items Excluding Goodwill": "-1,671", "Total Unusual Items": "-1,671", "Tax Rate for Calcs": "0", "Tax Effect of Unusual Items": "-320.832"}, "12/31/2020": {"Duration": "12/31/2020", "Total Revenue": "113,340", "Credit Losses Provision": "-14,500", "Non Interest Expense": "58,415", "Special Income Charges": "-1,671", "Pretax Income": "38,754", "Tax Provision": "7,428", "Net Income Common Stockholders": "31,326", "Diluted NI Available to Com Stockholders": "31,326", "Basic EPS": "-", "Diluted EPS": "-", "Basic Average Shares": "-", "Diluted Average Shares": "-", "INTEREST_INCOME_AFTER_PROVISION_FOR_LOAN_LOSS": "80,982", "Net Income from Continuing & Discontinued Operation": "31,326", "Normalized Income": "32,676", "Total Money Market Investments": "266", "Reconciled Depreciation": "4,882", "Net Income from Continuing Operation Net Minority Interest": "31,326", "Total Unusual Items Excluding Goodwill": "-1,671", "Total Unusual Items": "-1,671", "Tax Rate for Calcs": "0", "Tax Effect of Unusual Items": "-320.832"}, "12/31/2019": {"Duration": "12/31/2019", "Total Revenue": "94,467", "Credit Losses Provision": "-1,550", "Non Interest Expense": "52,717", "Special Income Charges": "-617", "Pretax Income": "39,583", "Tax Provision": "7,717", "Net Income Common Stockholders": "31,866", "Diluted NI Available to Com Stockholders": "31,866", "Basic EPS": "2.55", "Diluted EPS": "2.53", "Basic Average Shares": "12,516", "Diluted Average Shares": "12,575", "INTEREST_INCOME_AFTER_PROVISION_FOR_LOAN_LOSS": "75,534", "Net Income from Continuing & Discontinued Operation": "31,866", "Normalized Income": "32,363", "Total Money Market Investments": "595", "Reconciled Depreciation": "4,315", "Net Income from Continuing Operation Net Minority Interest": "31,866", "Total Unusual Items Excluding Goodwill": "-617", "Total Unusual Items": "-617", "Tax Rate for Calcs": "0", "Tax Effect of Unusual Items": "-120.315"}, "12/31/2018": {"Duration": "12/31/2018", "Total Revenue": "85,744", "Credit Losses Provision": "-2,250", "Non Interest Expense": "48,254", "Special Income Charges": "-144", "Pretax Income": "35,096", "Tax Provision": "7,024", "Net Income Common Stockholders": "28,072", "Diluted NI Available to Com Stockholders": "28,072", "Basic EPS": "2.27", "Diluted EPS": "2.26", "Basic Average Shares": "12,364", "Diluted Average Shares": "12,425", "INTEREST_INCOME_AFTER_PROVISION_FOR_LOAN_LOSS": "67,547", "Net Income from Continuing & Discontinued Operation": "28,072", "Normalized Income": "28,187", "Total Money Market Investments": "539", "Reconciled Depreciation": "3,839", "Net Income from Continuing Operation Net Minority Interest": "28,072", "Total Unusual Items Excluding Goodwill": "-144", "Total Unusual Items": "-144", "Tax Rate for Calcs": "0", "Tax Effect of Unusual Items": "-28.8"}}, "bs": {"12/31/2020": {"Duration": "12/31/2020", "Total Assets": "3,106,384", "Total Liabilities Net Minority Interest": "2,824,804", "Total Equity Gross Minority Interest": "281,580", "Total Capitalization": "331,232", "Common Stock Equity": "281,580", "Net Tangible Assets": "226,457", "Invested Capital": "471,232", "Tangible Book Value": "226,457", "Total Debt": "189,652", "Net Debt": "89,865", "Share Issued": "12,986", "Ordinary Shares Number": "12,942", "Treasury Shares Number": "43.704"}, "12/31/2019": {"Duration": "12/31/2019", "Total Assets": "2,403,492", "Total Liabilities Net Minority Interest": "2,155,728", "Total Equity Gross Minority Interest": "247,764", "Total Capitalization": "268,070", "Common Stock Equity": "247,764", "Net Tangible Assets": "224,742", "Invested Capital": "467,270", "Tangible Book Value": "224,742", "Total Debt": "219,506", "Net Debt": "157,618", "Share Issued": "12,409", "Ordinary Shares Number": "12,409", "Treasury Shares Number": "-"}, "12/31/2018": {"Duration": "12/31/2018", "Total Assets": "2,200,586", "Total Liabilities Net Minority Interest": "1,980,756", "Total Equity Gross Minority Interest": "219,830", "Total Capitalization": "240,154", "Common Stock Equity": "219,830", "Net Tangible Assets": "193,988", "Invested Capital": "544,104", "Tangible Book Value": "193,988", "Total Debt": "324,274", "Net Debt": "264,734", "Share Issued": "12,487", "Ordinary Shares Number": "12,313", "Treasury Shares Number": "174.035"}}, "cf": {"TTM": {"Duration": "TTM", "Operating Cash Flow": "44,681", "Investing Cash Flow": "-152,463", "Financing Cash Flow": "145,681", "End Cash Position": "99,787", "Income Tax Paid Supplemental Data": "11,440", "Interest Paid Supplemental Data": "19,975", "Capital Expenditure": "-8,637", "Issuance of Capital Stock": "178", "Issuance of Debt": "30,000", "Repayment of Debt": "-83,500", "Repurchase of Capital Stock": "-1,444", "Free Cash Flow": "36,044"}, "12/31/2020": {"Duration": "12/31/2020", "Operating Cash Flow": "44,681", "Investing Cash Flow": "-152,463", "Financing Cash Flow": "145,681", "End Cash Position": "99,787", "Income Tax Paid Supplemental Data": "11,440", "Interest Paid Supplemental Data": "19,975", "Capital Expenditure": "-8,637", "Issuance of Capital Stock": "178", "Issuance of Debt": "30,000", "Repayment of Debt": "-83,500", "Repurchase of Capital Stock": "-1,444", "Free Cash Flow": "36,044"}, "12/31/2019": {"Duration": "12/31/2019", "Operating Cash Flow": "40,927", "Investing Cash Flow": "-77,570", "Financing Cash Flow": "38,991", "End Cash Position": "61,888", "Income Tax Paid Supplemental Data": "7,850", "Interest Paid Supplemental Data": "29,855", "Capital Expenditure": "-9,218", "Issuance of Capital Stock": "159", "Issuance of Debt": "-", "Repayment of Debt": "-18", "Repurchase of Capital Stock": "-10,405", "Free Cash Flow": "31,709"}, "12/31/2018": {"Duration": "12/31/2018", "Operating Cash Flow": "38,521", "Investing Cash Flow": "-71,735", "Financing Cash Flow": "40,123", "End Cash Position": "59,540", "Income Tax Paid Supplemental Data": "7,539", "Interest Paid Supplemental Data": "25,426", "Capital Expenditure": "-5,545", "Issuance of Capital Stock": "237", "Issuance of Debt": "-", "Repayment of Debt": "-45,016", "Repurchase of Capital Stock": "-1,689", "Free Cash Flow": "32,976"}}}}, {"TCFC": {"quote": {"04/04/2021": {"value": "35.46", "Market Cap": "209.202M", "Beta (5Y Monthly)": "0.99", "PE Ratio (TTM)": "12.95", "EPS (TTM)": "2.74", "Earnings Date": "May 03, 2021 - May 07, 2021", "Forward Dividend & Yield": "0.60 (1.69%)", "Ex-Dividend Date": "Apr 09, 2021", "1y Target Est": "35.00"}}, "fin": {"TTM": {"Duration": "TTM", "Total Revenue": "69,333", "Credit Losses Provision": "-10,700", "Non Interest Expense": "38,003", "Special Income Charges": "-", "Pretax Income": "20,630", "Tax Provision": "4,494", "Net Income Common Stockholders": "16,136", "Diluted NI Available to Com Stockholders": "16,136", "Basic EPS": "-", "Diluted EPS": "-", "Basic Average Shares": "-", "Diluted Average Shares": "-", "INTEREST_INCOME_AFTER_PROVISION_FOR_LOAN_LOSS": "50,217", "Net Income from Continuing & Discontinued Operation": "16,136", "Normalized Income": "16,131", "Total Money Market Investments": "172", "Reconciled Depreciation": "1,196", "Net Income from Continuing Operation Net Minority Interest": "16,136", "Total Unusual Items Excluding Goodwill": "6", "Total Unusual Items": "6", "Tax Rate for Calcs": "0", "Tax Effect of Unusual Items": "1.307"}, "12/31/2020": {"Duration": "12/31/2020", "Total Revenue": "69,333", "Credit Losses Provision": "-10,700", "Non Interest Expense": "38,003", "Special Income Charges": "-", "Pretax Income": "20,630", "Tax Provision": "4,494", "Net Income Common Stockholders": "16,136", "Diluted NI Available to Com Stockholders": "16,136", "Basic EPS": "-", "Diluted EPS": "-", "Basic Average Shares": "-", "Diluted Average Shares": "-", "INTEREST_INCOME_AFTER_PROVISION_FOR_LOAN_LOSS": "50,217", "Net Income from Continuing & Discontinued Operation": "16,136", "Normalized Income": "16,131", "Total Money Market Investments": "172", "Reconciled Depreciation": "2,773", "Net Income from Continuing Operation Net Minority Interest": "16,136", "Total Unusual Items Excluding Goodwill": "6", "Total Unusual Items": "6", "Tax Rate for Calcs": "0", "Tax Effect of Unusual Items": "1.308"}, "12/31/2019": {"Duration": "12/31/2019", "Total Revenue": "59,300", "Credit Losses Provision": "-2,130", "Non Interest Expense": "36,233", "Special Income Charges": "0", "Pretax Income": "20,937", "Tax Provision": "5,665", "Net Income Common Stockholders": "15,272", "Diluted NI Available to Com Stockholders": "15,272", "Basic EPS": "2.75", "Diluted EPS": "2.75", "Basic Average Shares": "5,561", "Diluted Average Shares": "5,561", "INTEREST_INCOME_AFTER_PROVISION_FOR_LOAN_LOSS": "51,404", "Net Income from Continuing & Discontinued Operation": "15,272", "Normalized Income": "15,273", "Total Money Market Investments": "437", "Reconciled Depreciation": "2,325", "Net Income from Continuing Operation Net Minority Interest": "15,272", "Total Unusual Items Excluding Goodwill": "-1", "Total Unusual Items": "-1", "Tax Rate for Calcs": "0", "Tax Effect of Unusual Items": "-0.2706"}, "12/31/2018": {"Duration": "12/31/2018", "Total Revenue": "54,955", "Credit Losses Provision": "-1,405", "Non Interest Expense": "34,524", "Special Income Charges": "-3,625", "Pretax Income": "15,401", "Tax Provision": "4,173", "Net Income Common Stockholders": "11,228", "Diluted NI Available to Com Stockholders": "11,228", "Basic EPS": "2.02", "Diluted EPS": "2.02", "Basic Average Shares": "5,551", "Diluted Average Shares": "5,551", "INTEREST_INCOME_AFTER_PROVISION_FOR_LOAN_LOSS": "49,482", "Net Income from Continuing & Discontinued Operation": "11,228", "Normalized Income": "13,870", "Total Money Market Investments": "265", "Reconciled Depreciation": "2,463", "Net Income from Continuing Operation Net Minority Interest": "11,228", "Total Unusual Items Excluding Goodwill": "-3,624", "Total Unusual Items": "-3,624", "Tax Rate for Calcs": "0", "Tax Effect of Unusual Items": "-982.104"}}, "bs": {"12/31/2020": {"Duration": "12/31/2020", "Total Assets": "2,026,439", "Total Liabilities Net Minority Interest": "1,828,426", "Total Equity Gross Minority Interest": "198,013", "Total Capitalization": "256,841", "Common Stock Equity": "198,013", "Capital Lease Obligations": "8,088", "Net Tangible Assets": "185,651", "Invested Capital": "256,841", "Tangible Book Value": "185,651", "Total Debt": "66,916", "Net Debt": "-", "Share Issued": "5,904", "Ordinary Shares Number": "5,904"}, "12/31/2019": {"Duration": "12/31/2019", "Total Assets": "1,797,536", "Total Liabilities Net Minority Interest": "1,616,042", "Total Equity Gross Minority Interest": "181,494", "Total Capitalization": "256,864", "Common Stock Equity": "181,494", "Capital Lease Obligations": "8,495", "Net Tangible Assets": "168,541", "Invested Capital": "261,864", "Tangible Book Value": "168,541", "Total Debt": "88,865", "Net Debt": "47,901", "Share Issued": "5,900", "Ordinary Shares Number": "5,900"}, "12/31/2018": {"Duration": "12/31/2018", "Total Assets": "1,689,227", "Total Liabilities Net Minority Interest": "1,534,745", "Total Equity Gross Minority Interest": "154,482", "Total Capitalization": "209,918", "Common Stock Equity": "154,482", "Capital Lease Obligations": "-", "Net Tangible Assets": "140,841", "Invested Capital": "244,918", "Tangible Book Value": "140,841", "Total Debt": "90,436", "Net Debt": "63,100", "Share Issued": "5,578", "Ordinary Shares Number": "5,578"}}, "cf": {"TTM": {"Duration": "TTM", "Operating Cash Flow": "28,083", "Investing Cash Flow": "-192,726", "Financing Cash Flow": "209,239", "End Cash Position": "77,065", "Income Tax Paid Supplemental Data": "7,133", "Interest Paid Supplemental Data": "9,072", "Capital Expenditure": "-255", "Issuance of Capital Stock": "0", "Issuance of Debt": "183,552", "Repayment of Debt": "-205,104", "Repurchase of Capital Stock": "-298", "Free Cash Flow": "27,828"}, "12/31/2020": {"Duration": "12/31/2020", "Operating Cash Flow": "28,083", "Investing Cash Flow": "-192,726", "Financing Cash Flow": "209,239", "End Cash Position": "77,065", "Income Tax Paid Supplemental Data": "7,133", "Interest Paid Supplemental Data": "9,072", "Capital Expenditure": "-255", "Issuance of Capital Stock": "0", "Issuance of Debt": "183,552", "Repayment of Debt": "-205,104", "Repurchase of Capital Stock": "-298", "Free Cash Flow": "27,828"}, "12/31/2019": {"Duration": "12/31/2019", "Operating Cash Flow": "15,690", "Investing Cash Flow": "-96,462", "Financing Cash Flow": "80,205", "End Cash Position": "32,469", "Income Tax Paid Supplemental Data": "6,503", "Interest Paid Supplemental Data": "18,914", "Capital Expenditure": "-808", "Issuance of Capital Stock": "10,632", "Issuance of Debt": "35,000", "Repayment of Debt": "-15,066", "Repurchase of Capital Stock": "-17", "Free Cash Flow": "14,882"}, "12/31/2018": {"Duration": "12/31/2018", "Operating Cash Flow": "19,400", "Investing Cash Flow": "-36,190", "Financing Cash Flow": "34,409", "End Cash Position": "33,036", "Income Tax Paid Supplemental Data": "3,494", "Interest Paid Supplemental Data": "14,246", "Capital Expenditure": "-1,777", "Issuance of Capital Stock": "-", "Issuance of Debt": "20,000", "Repayment of Debt": "-55,064", "Repurchase of Capital Stock": "-70", "Free Cash Flow": "17,623"}}}}, {"OPOF": {"quote": {"04/04/2021": {"value": "23.07", "Market Cap": "120.548M", "Beta (5Y Monthly)": "1.08", "PE Ratio (TTM)": "22.40", "EPS (TTM)": "1.03", "Earnings Date": "Jan 27, 2021", "Forward Dividend & Yield": "0.48 (2.03%)", "Ex-Dividend Date": "Mar 02, 2021", "1y Target Est": "N/A"}}, "fin": {"TTM": {"Duration": "TTM", "Total Revenue": "48,560", "Credit Losses Provision": "-1,000", "Non Interest Expense": "41,978", "Special Income Charges": "328", "Pretax Income": "5,910", "Tax Provision": "521", "Net Income Common Stockholders": "5,389", "Diluted NI Available to Com Stockholders": "5,389", "Basic EPS": "-", "Diluted EPS": "-", "Basic Average Shares": "-", "Diluted Average Shares": "-", "INTEREST_INCOME_AFTER_PROVISION_FOR_LOAN_LOSS": "33,583", "Net Income from Continuing & Discontinued Operation": "5,389", "Normalized Income": "5,033", "Total Money Market Investments": "279", "Reconciled Depreciation": "-", "Net Income from Continuing Operation Net Minority Interest": "5,389", "Total Unusual Items Excluding Goodwill": "390", "Total Unusual Items": "390", "Tax Rate for Calcs": "0", "Tax Effect of Unusual Items": "34.3807"}, "12/31/2020": {"Duration": "12/31/2020", "Total Revenue": "48,560", "Credit Losses Provision": "-1,000", "Non Interest Expense": "41,978", "Special Income Charges": "328", "Pretax Income": "5,910", "Tax Provision": "521", "Net Income Common Stockholders": "5,389", "Diluted NI Available to Com Stockholders": "5,389", "Basic EPS": "-", "Diluted EPS": "-", "Basic Average Shares": "-", "Diluted Average Shares": "-", "INTEREST_INCOME_AFTER_PROVISION_FOR_LOAN_LOSS": "33,583", "Net Income from Continuing & Discontinued Operation": "5,389", "Normalized Income": "5,033", "Total Money Market Investments": "279", "Reconciled Depreciation": "-", "Net Income from Continuing Operation Net Minority Interest": "5,389", "Total Unusual Items Excluding Goodwill": "390", "Total Unusual Items": "390", "Tax Rate for Calcs": "0", "Tax Effect of Unusual Items": "34.3807"}, "12/31/2019": {"Duration": "12/31/2019", "Total Revenue": "47,898", "Credit Losses Provision": "-318", "Non Interest Expense": "38,640", "Special Income Charges": "0", "Pretax Income": "8,940", "Tax Provision": "1,080", "Net Income Common Stockholders": "7,860", "Diluted NI Available to Com Stockholders": "7,860", "Basic EPS": "1.51", "Diluted EPS": "1.51", "Basic Average Shares": "5,197", "Diluted Average Shares": "5,197", "INTEREST_INCOME_AFTER_PROVISION_FOR_LOAN_LOSS": "33,280", "Net Income from Continuing & Discontinued Operation": "7,860", "Normalized Income": "7,858", "Total Money Market Investments": "720", "Reconciled Depreciation": "2,539", "Net Income from Continuing Operation Net Minority Interest": "7,860", "Total Unusual Items Excluding Goodwill": "2", "Total Unusual Items": "2", "Tax Rate for Calcs": "0", "Tax Effect of Unusual Items": "0.242"}, "12/31/2018": {"Duration": "12/31/2018", "Total Revenue": "46,473", "Credit Losses Provision": "-2,861", "Non Interest Expense": "37,759", "Special Income Charges": "-655", "Pretax Income": "5,198", "Tax Provision": "279", "Net Income Common Stockholders": "4,919", "Diluted NI Available to Com Stockholders": "4,919", "Basic EPS": "0.96", "Diluted EPS": "0.96", "Basic Average Shares": "5,141", "Diluted Average Shares": "5,141", "INTEREST_INCOME_AFTER_PROVISION_FOR_LOAN_LOSS": "30,136", "Net Income from Continuing & Discontinued Operation": "4,919", "Normalized Income": "5,620", "Total Money Market Investments": "219", "Reconciled Depreciation": "2,469", "Net Income from Continuing Operation Net Minority Interest": "4,919", "Total Unusual Items Excluding Goodwill": "-741", "Total Unusual Items": "-741", "Tax Rate for Calcs": "0", "Tax Effect of Unusual Items": "-39.7917"}}, "bs": {"12/31/2020": {"Duration": "12/31/2020", "Total Assets": "1,226,191", "Total Liabilities Net Minority Interest": "1,109,046", "Total Equity Gross Minority Interest": "117,145", "Total Capitalization": "118,495", "Common Stock Equity": "117,145", "Net Tangible Assets": "115,176", "Invested Capital": "118,495", "Tangible Book Value": "115,176", "Total Debt": "1,350", "Net Debt": "-", "Share Issued": "5,224", "Ordinary Shares Number": "5,224"}, "12/31/2019": {"Duration": "12/31/2019", "Total Assets": "1,054,488", "Total Liabilities Net Minority Interest": "944,732", "Total Equity Gross Minority Interest": "109,756", "Total Capitalization": "148,706", "Common Stock Equity": "109,756", "Net Tangible Assets": "107,743", "Invested Capital": "148,706", "Tangible Book Value": "107,743", "Total Debt": "38,950", "Net Debt": "-", "Share Issued": "5,200", "Ordinary Shares Number": "5,200"}, "12/31/2018": {"Duration": "12/31/2018", "Total Assets": "1,038,183", "Total Liabilities Net Minority Interest": "936,177", "Total Equity Gross Minority Interest": "102,006", "Total Capitalization": "164,556", "Common Stock Equity": "102,006", "Net Tangible Assets": "99,949", "Invested Capital": "164,556", "Tangible Book Value": "99,949", "Total Debt": "62,550", "Net Debt": "22,635", "Share Issued": "5,184", "Ordinary Shares Number": "5,184"}}, "cf": {"TTM": {"Duration": "TTM", "Operating Cash Flow": "-", "Investing Cash Flow": "-", "Financing Cash Flow": "-", "End Cash Position": "-", "Income Tax Paid Supplemental Data": "-", "Interest Paid Supplemental Data": "-", "Capital Expenditure": "-", "Issuance of Debt": "-", "Repayment of Debt": "-", "Repurchase of Capital Stock": "-", "Free Cash Flow": "-"}, "12/31/2019": {"Duration": "12/31/2019", "Operating Cash Flow": "12,370", "Investing Cash Flow": "29,131", "Financing Cash Flow": "6,147", "End Cash Position": "89,865", "Income Tax Paid Supplemental Data": "-", "Interest Paid Supplemental Data": "6,396", "Capital Expenditure": "-1,782", "Issuance of Debt": "10,000", "Repayment of Debt": "-33,000", "Repurchase of Capital Stock": "-", "Free Cash Flow": "10,588"}, "12/31/2018": {"Duration": "12/31/2018", "Operating Cash Flow": "12,154", "Investing Cash Flow": "12,027", "Financing Cash Flow": "3,624", "End Cash Position": "42,217", "Income Tax Paid Supplemental Data": "0", "Interest Paid Supplemental Data": "4,735", "Capital Expenditure": "-478", "Issuance of Debt": "140,500", "Repayment of Debt": "-148,000", "Repurchase of Capital Stock": "0", "Free Cash Flow": "11,676"}}}}, {"FXNC": {"quote": {"04/04/2021": {"value": "18.01", "Market Cap": "87.536M", "Beta (5Y Monthly)": "0.59", "PE Ratio (TTM)": "9.92", "EPS (TTM)": "1.82", "Earnings Date": "Jan 29, 2021", "Forward Dividend & Yield": "0.48 (2.63%)", "Ex-Dividend Date": "Feb 25, 2021", "1y Target Est": "N/A"}}, "fin": {"TTM": {"Duration": "TTM", "Total Revenue": "36,713", "Credit Losses Provision": "-3,000", "Non Interest Expense": "22,835", "Special Income Charges": "29", "Pretax Income": "10,907", "Tax Provision": "2,049", "Net Income Common Stockholders": "8,858", "Diluted NI Available to Com Stockholders": "8,858", "Basic EPS": "-", "Diluted EPS": "-", "Basic Average Shares": "-", "Diluted Average Shares": "-", "INTEREST_INCOME_AFTER_PROVISION_FOR_LOAN_LOSS": "26,369", "Net Income from Continuing & Discontinued Operation": "8,858", "Normalized Income": "8,834", "Total Money Market Investments": "190", "Reconciled Depreciation": "1,467", "Net Income from Continuing Operation Net Minority Interest": "8,858", "Total Unusual Items Excluding Goodwill": "29", "Total Unusual Items": "29", "Tax Rate for Calcs": "0", "Tax Effect of Unusual Items": "5.448"}, "12/31/2020": {"Duration": "12/31/2020", "Total Revenue": "36,713", "Credit Losses Provision": "-3,000", "Non Interest Expense": "22,835", "Special Income Charges": "29", "Pretax Income": "10,907", "Tax Provision": "2,049", "Net Income Common Stockholders": "8,858", "Diluted NI Available to Com Stockholders": "8,858", "Basic EPS": "-", "Diluted EPS": "-", "Basic Average Shares": "-", "Diluted Average Shares": "-", "INTEREST_INCOME_AFTER_PROVISION_FOR_LOAN_LOSS": "26,369", "Net Income from Continuing & Discontinued Operation": "8,858", "Normalized Income": "8,834", "Total Money Market Investments": "190", "Reconciled Depreciation": "1,467", "Net Income from Continuing Operation Net Minority Interest": "8,858", "Total Unusual Items Excluding Goodwill": "29", "Total Unusual Items": "29", "Tax Rate for Calcs": "0", "Tax Effect of Unusual Items": "5.448"}, "12/31/2019": {"Duration": "12/31/2019", "Total Revenue": "35,665", "Credit Losses Provision": "-450", "Non Interest Expense": "23,407", "Special Income Charges": "-14", "Pretax Income": "11,794", "Tax Provision": "2,238", "Net Income Common Stockholders": "9,556", "Diluted NI Available to Com Stockholders": "9,556", "Basic EPS": "1.92", "Diluted EPS": "1.92", "Basic Average Shares": "4,965", "Diluted Average Shares": "4,968", "INTEREST_INCOME_AFTER_PROVISION_FOR_LOAN_LOSS": "27,457", "Net Income from Continuing & Discontinued Operation": "9,556", "Normalized Income": "9,567", "Total Money Market Investments": "503", "Reconciled Depreciation": "1,637", "Net Income from Continuing Operation Net Minority Interest": "9,556", "Total Unusual Items Excluding Goodwill": "-14", "Total Unusual Items": "-14", "Tax Rate for Calcs": "0", "Tax Effect of Unusual Items": "-2.6566"}, "12/31/2018": {"Duration": "12/31/2018", "Total Revenue": "35,974", "Credit Losses Provision": "-600", "Non Interest Expense": "22,950", "Special Income Charges": "-2", "Pretax Income": "12,422", "Tax Provision": "2,287", "Net Income Common Stockholders": "10,135", "Diluted NI Available to Com Stockholders": "10,135", "Basic EPS": "2.05", "Diluted EPS": "2.04", "Basic Average Shares": "4,954", "Diluted Average Shares": "4,956", "INTEREST_INCOME_AFTER_PROVISION_FOR_LOAN_LOSS": "26,935", "Net Income from Continuing & Discontinued Operation": "10,135", "Normalized Income": "10,137", "Total Money Market Investments": "539", "Reconciled Depreciation": "1,805", "Net Income from Continuing Operation Net Minority Interest": "10,135", "Total Unusual Items Excluding Goodwill": "-2", "Total Unusual Items": "-2", "Tax Rate for Calcs": "0", "Tax Effect of Unusual Items": "-0.3682"}}, "bs": {"12/31/2020": {"Duration": "12/31/2020", "Total Assets": "950,932", "Total Liabilities Net Minority Interest": "866,016", "Total Equity Gross Minority Interest": "84,916", "Total Capitalization": "104,186", "Common Stock Equity": "84,916", "Net Tangible Assets": "84,897", "Invested Capital": "104,186", "Tangible Book Value": "84,897", "Total Debt": "19,270", "Share Issued": "4,860", "Ordinary Shares Number": "4,860"}, "12/31/2019": {"Duration": "12/31/2019", "Total Assets": "800,048", "Total Liabilities Net Minority Interest": "722,829", "Total Equity Gross Minority Interest": "77,219", "Total Capitalization": "91,481", "Common Stock Equity": "77,219", "Net Tangible Assets": "77,049", "Invested Capital": "91,481", "Tangible Book Value": "77,049", "Total Debt": "14,262", "Share Issued": "4,970", "Ordinary Shares Number": "4,970"}, "12/31/2018": {"Duration": "12/31/2018", "Total Assets": "752,969", "Total Liabilities Net Minority Interest": "686,295", "Total Equity Gross Minority Interest": "66,674", "Total Capitalization": "80,918", "Common Stock Equity": "66,674", "Net Tangible Assets": "66,202", "Invested Capital": "80,918", "Tangible Book Value": "66,202", "Total Debt": "14,244", "Share Issued": "4,958", "Ordinary Shares Number": "4,958"}}, "cf": {"TTM": {"Duration": "TTM", "Operating Cash Flow": "15,091", "Investing Cash Flow": "-70,486", "Financing Cash Flow": "136,907", "End Cash Position": "127,297", "Income Tax Paid Supplemental Data": "3,088", "Interest Paid Supplemental Data": "3,457", "Capital Expenditure": "-909", "Issuance of Debt": "4,990", "Repurchase of Capital Stock": "-2,118", "Free Cash Flow": "14,182"}, "12/31/2020": {"Duration": "12/31/2020", "Operating Cash Flow": "15,091", "Investing Cash Flow": "-70,486", "Financing Cash Flow": "136,907", "End Cash Position": "127,297", "Income Tax Paid Supplemental Data": "3,088", "Interest Paid Supplemental Data": "3,457", "Capital Expenditure": "-909", "Issuance of Debt": "4,990", "Repurchase of Capital Stock": "-2,118", "Free Cash Flow": "14,182"}, "12/31/2019": {"Duration": "12/31/2019", "Operating Cash Flow": "11,851", "Investing Cash Flow": "-28,894", "Financing Cash Flow": "34,210", "End Cash Position": "45,785", "Income Tax Paid Supplemental Data": "2,178", "Interest Paid Supplemental Data": "4,903", "Capital Expenditure": "-1,030", "Issuance of Debt": "-", "Repurchase of Capital Stock": "-52", "Free Cash Flow": "10,821"}, "12/31/2018": {"Duration": "12/31/2018", "Operating Cash Flow": "13,758", "Investing Cash Flow": "-29,840", "Financing Cash Flow": "4,714", "End Cash Position": "28,618", "Income Tax Paid Supplemental Data": "1,343", "Interest Paid Supplemental Data": "3,553", "Capital Expenditure": "-1,539", "Issuance of Debt": "-", "Repurchase of Capital Stock": "-25", "Free Cash Flow": "12,219"}}}}, {"FDVA": {"quote": {"04/04/2021": {"value": "10.90", "Market Cap": "79.392M", "Beta (5Y Monthly)": "1.06", "PE Ratio (TTM)": "10.79", "EPS (TTM)": "1.01", "Earnings Date": "N/A", "Forward Dividend & Yield": "N/A (N/A)", "Ex-Dividend Date": "N/A", "1y Target Est": "N/A"}}, "fin": {"TTM": {"Duration": "TTM", "Total Revenue": "32,962", "Credit Losses Provision": "-1,492", "Non Interest Expense": "22,387", "Pretax Income": "9,083", "Tax Provision": "1,719", "Net Income Common Stockholders": "7,364", "Diluted NI Available to Com Stockholders": "7,364", "Basic EPS": "-", "Diluted EPS": "-", "Basic Average Shares": "-", "Diluted Average Shares": "-", "INTEREST_INCOME_AFTER_PROVISION_FOR_LOAN_LOSS": "17,977", "Net Income from Continuing & Discontinued Operation": "7,364", "Normalized Income": "7,364", "Total Money Market Investments": "109.557", "Reconciled Depreciation": "1,107", "Net Income from Continuing Operation Net Minority Interest": "7,364", "Tax Rate for Calcs": "0", "Tax Effect of Unusual Items": "0"}, "12/31/2020": {"Duration": "12/31/2020", "Total Revenue": "32,962", "Credit Losses Provision": "-1,492", "Non Interest Expense": "22,387", "Pretax Income": "9,083", "Tax Provision": "1,719", "Net Income Common Stockholders": "7,364", "Diluted NI Available to Com Stockholders": "7,364", "Basic EPS": "-", "Diluted EPS": "-", "Basic Average Shares": "-", "Diluted Average Shares": "-", "INTEREST_INCOME_AFTER_PROVISION_FOR_LOAN_LOSS": "17,977", "Net Income from Continuing & Discontinued Operation": "7,364", "Normalized Income": "7,364", "Total Money Market Investments": "109.557", "Reconciled Depreciation": "1,107", "Net Income from Continuing Operation Net Minority Interest": "7,364", "Tax Rate for Calcs": "0", "Tax Effect of Unusual Items": "0"}, "12/31/2019": {"Duration": "12/31/2019", "Total Revenue": "20,688", "Credit Losses Provision": "-194.5", "Non Interest Expense": "17,317", "Pretax Income": "3,176", "Tax Provision": "471.221", "Net Income Common Stockholders": "2,705", "Diluted NI Available to Com Stockholders": "2,705", "Basic EPS": "0.38", "Diluted EPS": "0.37", "Basic Average Shares": "7,144", "Diluted Average Shares": "7,227", "INTEREST_INCOME_AFTER_PROVISION_FOR_LOAN_LOSS": "15,928", "Net Income from Continuing & Discontinued Operation": "2,705", "Normalized Income": "2,705", "Total Money Market Investments": "391.377", "Reconciled Depreciation": "1,115", "Net Income from Continuing Operation Net Minority Interest": "2,705", "Tax Rate for Calcs": "0", "Tax Effect of Unusual Items": "0"}, "12/31/2018": {"Duration": "12/31/2018", "Total Revenue": "19,398", "Credit Losses Provision": "-406", "Non Interest Expense": "18,843", "Pretax Income": "148.854", "Tax Provision": "-42.423", "Net Income Common Stockholders": "191.277", "Diluted NI Available to Com Stockholders": "191.277", "Basic EPS": "0.03", "Diluted EPS": "0.03", "Basic Average Shares": "6,751", "Diluted Average Shares": "6,949", "INTEREST_INCOME_AFTER_PROVISION_FOR_LOAN_LOSS": "17,161", "Net Income from Continuing & Discontinued Operation": "191.277", "Normalized Income": "191.277", "Total Money Market Investments": "0.466", "Reconciled Depreciation": "289.809", "Net Income from Continuing Operation Net Minority Interest": "191.277", "Tax Rate for Calcs": "0", "Tax Effect of Unusual Items": "0"}}, "bs": {"12/31/2020": {"Duration": "12/31/2020", "Total Assets": "767,045", "Total Liabilities Net Minority Interest": "693,587", "Total Equity Gross Minority Interest": "73,458", "Total Capitalization": "205,481", "Common Stock Equity": "73,458", "Capital Lease Obligations": "3,347", "Net Tangible Assets": "73,458", "Invested Capital": "205,481", "Tangible Book Value": "73,458", "Total Debt": "135,370", "Net Debt": "104,686", "Share Issued": "7,284", "Ordinary Shares Number": "7,284"}, "12/31/2019": {"Duration": "12/31/2019", "Total Assets": "500,393", "Total Liabilities Net Minority Interest": "436,366", "Total Equity Gross Minority Interest": "64,026", "Total Capitalization": "99,884", "Common Stock Equity": "64,026", "Capital Lease Obligations": "2,981", "Net Tangible Assets": "64,026", "Invested Capital": "99,884", "Tangible Book Value": "64,026", "Total Debt": "38,838", "Net Debt": "10,195", "Share Issued": "7,221", "Ordinary Shares Number": "7,221"}, "12/31/2018": {"Duration": "12/31/2018", "Total Assets": "478,815", "Total Liabilities Net Minority Interest": "419,701", "Total Equity Gross Minority Interest": "59,114", "Total Capitalization": "76,257", "Common Stock Equity": "59,114", "Capital Lease Obligations": "-", "Net Tangible Assets": "59,114", "Invested Capital": "76,257", "Tangible Book Value": "59,114", "Total Debt": "17,143", "Net Debt": "1,496", "Share Issued": "7,097", "Ordinary Shares Number": "7,097"}}, "cf": {"TTM": {"Duration": "TTM", "Operating Cash Flow": "-24,987", "Investing Cash Flow": "-223,070", "Financing Cash Flow": "249,730", "End Cash Position": "27,336", "Income Tax Paid Supplemental Data": "1,825", "Interest Paid Supplemental Data": "5,016", "Capital Expenditure": "-105.769", "Issuance of Capital Stock": "-", "Issuance of Debt": "145,051", "Repayment of Debt": "-48,886", "Free Cash Flow": "-25,093"}, "12/31/2020": {"Duration": "12/31/2020", "Operating Cash Flow": "-24,987", "Investing Cash Flow": "-223,070", "Financing Cash Flow": "249,730", "End Cash Position": "27,336", "Income Tax Paid Supplemental Data": "1,825", "Interest Paid Supplemental Data": "5,016", "Capital Expenditure": "-105.769", "Issuance of Capital Stock": "-", "Issuance of Debt": "145,051", "Repayment of Debt": "-48,886", "Free Cash Flow": "-25,093"}, "12/31/2019": {"Duration": "12/31/2019", "Operating Cash Flow": "-2,854", "Investing Cash Flow": "-11,746", "Financing Cash Flow": "13,857", "End Cash Position": "927.322", "Income Tax Paid Supplemental Data": "120", "Interest Paid Supplemental Data": "6,537", "Capital Expenditure": "-23.182", "Issuance of Capital Stock": "-", "Issuance of Debt": "52,350", "Repayment of Debt": "-33,636", "Free Cash Flow": "-2,877"}, "12/31/2018": {"Duration": "12/31/2018", "Operating Cash Flow": "7,470", "Investing Cash Flow": "47,369", "Financing Cash Flow": "-54,860", "End Cash Position": "1,271", "Income Tax Paid Supplemental Data": "-", "Interest Paid Supplemental Data": "5,619", "Capital Expenditure": "-443.169", "Issuance of Capital Stock": "1,430", "Issuance of Debt": "39,000", "Repayment of Debt": "-32,286", "Free Cash Flow": "7,027"}}}}, {"OPHC": {"quote": {"04/04/2021": {"value": "3.8800", "Market Cap": "12.429M", "Beta (5Y Monthly)": "1.15", "PE Ratio (TTM)": "N/A", "EPS (TTM)": "-0.2700", "Earnings Date": "Dec 07, 2020", "Forward Dividend & Yield": "N/A (N/A)", "Ex-Dividend Date": "N/A", "1y Target Est": "N/A"}}, "fin": {"TTM": {"Duration": "TTM", "Total Revenue": "5,284", "Credit Losses Provision": "-1,020", "Non Interest Expense": "5,046", "Special Income Charges": "0", "Pretax Income": "-782", "Tax Provision": "0", "Net Income Common Stockholders": "-782", "Diluted NI Available to Com Stockholders": "-782", "Basic EPS": "-", "Diluted EPS": "-", "Basic Average Shares": "-", "Diluted Average Shares": "-", "INTEREST_INCOME_AFTER_PROVISION_FOR_LOAN_LOSS": "3,970", "Net Income from Continuing & Discontinued Operation": "-782", "Normalized Income": "-782", "Reconciled Depreciation": "327", "Net Income from Continuing Operation Net Minority Interest": "-782", "Total Unusual Items Excluding Goodwill": "0", "Total Unusual Items": "0", "Tax Rate for Calcs": "0", "Tax Effect of Unusual Items": "0"}, "12/31/2020": {"Duration": "12/31/2020", "Total Revenue": "5,284", "Credit Losses Provision": "-1,020", "Non Interest Expense": "5,046", "Special Income Charges": "0", "Pretax Income": "-782", "Tax Provision": "0", "Net Income Common Stockholders": "-782", "Diluted NI Available to Com Stockholders": "-782", "Basic EPS": "-", "Diluted EPS": "-", "Basic Average Shares": "-", "Diluted Average Shares": "-", "INTEREST_INCOME_AFTER_PROVISION_FOR_LOAN_LOSS": "3,970", "Net Income from Continuing & Discontinued Operation": "-782", "Normalized Income": "-782", "Reconciled Depreciation": "327", "Net Income from Continuing Operation Net Minority Interest": "-782", "Total Unusual Items Excluding Goodwill": "0", "Total Unusual Items": "0", "Tax Rate for Calcs": "0", "Tax Effect of Unusual Items": "0"}, "12/31/2019": {"Duration": "12/31/2019", "Total Revenue": "3,310", "Credit Losses Provision": "79", "Non Interest Expense": "4,326", "Special Income Charges": "-215", "Pretax Income": "-1,152", "Tax Provision": "-52", "Net Income Common Stockholders": "-1,100", "Diluted NI Available to Com Stockholders": "-1,100", "Basic EPS": "-0.58", "Diluted EPS": "-0.58", "Basic Average Shares": "1,902", "Diluted Average Shares": "1,902", "INTEREST_INCOME_AFTER_PROVISION_FOR_LOAN_LOSS": "3,207", "Net Income from Continuing & Discontinued Operation": "-1,100", "Normalized Income": "-894.46", "Reconciled Depreciation": "262", "Net Income from Continuing Operation Net Minority Interest": "-1,100", "Total Unusual Items Excluding Goodwill": "-215", "Total Unusual Items": "-215", "Tax Rate for Calcs": "0", "Tax Effect of Unusual Items": "-9.46"}, "12/31/2018": {"Duration": "12/31/2018", "Total Revenue": "3,130", "Credit Losses Provision": "1,754", "Non Interest Expense": "4,088", "Special Income Charges": "-", "Pretax Income": "796", "Tax Provision": "-", "Net Income Common Stockholders": "796", "Diluted NI Available to Com Stockholders": "796", "Basic EPS": "0.53", "Diluted EPS": "0.53", "Basic Average Shares": "1,493", "Diluted Average Shares": "1,493", "INTEREST_INCOME_AFTER_PROVISION_FOR_LOAN_LOSS": "4,800", "Net Income from Continuing & Discontinued Operation": "796", "Normalized Income": "796", "Reconciled Depreciation": "159", "Net Income from Continuing Operation Net Minority Interest": "796", "Total Unusual Items Excluding Goodwill": "-", "Total Unusual Items": "-", "Tax Rate for Calcs": "0", "Tax Effect of Unusual Items": "0"}}, "bs": {"12/31/2020": {"Duration": "12/31/2020", "Total Assets": "235,112", "Total Liabilities Net Minority Interest": "217,278", "Total Equity Gross Minority Interest": "17,834", "Total Capitalization": "42,902", "Common Stock Equity": "17,834", "Capital Lease Obligations": "923", "Net Tangible Assets": "17,834", "Invested Capital": "42,902", "Tangible Book Value": "17,834", "Total Debt": "25,991", "Net Debt": "-", "Share Issued": "3,203", "Ordinary Shares Number": "3,203", "Preferred Shares Number": "-"}, "12/31/2019": {"Duration": "12/31/2019", "Total Assets": "126,748", "Total Liabilities Net Minority Interest": "119,541", "Total Equity Gross Minority Interest": "7,207", "Total Capitalization": "22,787", "Common Stock Equity": "7,207", "Capital Lease Obligations": "1,061", "Net Tangible Assets": "7,207", "Invested Capital": "22,787", "Tangible Book Value": "7,207", "Total Debt": "16,641", "Net Debt": "6,646", "Share Issued": "2,853", "Ordinary Shares Number": "2,853", "Preferred Shares Number": "0.003"}, "12/31/2018": {"Duration": "12/31/2018", "Total Assets": "100,368", "Total Liabilities Net Minority Interest": "95,062", "Total Equity Gross Minority Interest": "5,306", "Total Capitalization": "35,061", "Common Stock Equity": "5,306", "Capital Lease Obligations": "-", "Net Tangible Assets": "5,306", "Invested Capital": "35,061", "Tangible Book Value": "5,306", "Total Debt": "29,755", "Net Debt": "21,772", "Share Issued": "1,858", "Ordinary Shares Number": "1,858", "Preferred Shares Number": "0.003"}}, "cf": {"TTM": {"Duration": "TTM", "Operating Cash Flow": "-1,458", "Investing Cash Flow": "-62,774", "Financing Cash Flow": "109,927", "End Cash Position": "54,629", "Income Tax Paid Supplemental Data": "-", "Interest Paid Supplemental Data": "2,681", "Capital Expenditure": "-200", "Issuance of Capital Stock": "10,540", "Issuance of Debt": "10,000", "Repayment of Debt": "0", "Free Cash Flow": "-1,658"}, "12/31/2020": {"Duration": "12/31/2020", "Operating Cash Flow": "-1,458", "Investing Cash Flow": "-62,774", "Financing Cash Flow": "109,927", "End Cash Position": "54,629", "Income Tax Paid Supplemental Data": "-", "Interest Paid Supplemental Data": "2,681", "Capital Expenditure": "-200", "Issuance of Capital Stock": "10,540", "Issuance of Debt": "10,000", "Repayment of Debt": "0", "Free Cash Flow": "-1,658"}, "12/31/2019": {"Duration": "12/31/2019", "Operating Cash Flow": "-558", "Investing Cash Flow": "-25,325", "Financing Cash Flow": "26,834", "End Cash Position": "8,934", "Income Tax Paid Supplemental Data": "0", "Interest Paid Supplemental Data": "1,756", "Capital Expenditure": "-509", "Issuance of Capital Stock": "0", "Issuance of Debt": "-", "Repayment of Debt": "-", "Free Cash Flow": "-1,067"}, "12/31/2018": {"Duration": "12/31/2018", "Operating Cash Flow": "24", "Investing Cash Flow": "-6,018", "Financing Cash Flow": "2,312", "End Cash Position": "7,983", "Income Tax Paid Supplemental Data": "0", "Interest Paid Supplemental Data": "931", "Capital Expenditure": "-234", "Issuance of Capital Stock": "525", "Issuance of Debt": "4,100", "Repayment of Debt": "-", "Free Cash Flow": "-210"}}}}, {"HFBK": {"quote": {"04/04/2021": {"value": "22.95", "Market Cap": "32.927M", "Beta (5Y Monthly)": "0.27", "PE Ratio (TTM)": "11.29", "EPS (TTM)": "2.03", "Earnings Date": "N/A", "Forward Dividend & Yield": "0.52 (2.27%)", "Ex-Dividend Date": "Feb 25, 2021", "1y Target Est": "N/A"}}, "fin": {"TTM": {"Duration": "TTM", "Total Revenue": "17,147", "Credit Losses Provision": "-1,878", "Non Interest Expense": "10,763", "Special Income Charges": "-285.85", "Pretax Income": "4,220", "Tax Provision": "1,023", "Net Income Common Stockholders": "3,197", "Diluted NI Available to Com Stockholders": "3,197", "Basic EPS": "-", "Diluted EPS": "-", "Basic Average Shares": "-", "Diluted Average Shares": "-", "INTEREST_INCOME_AFTER_PROVISION_FOR_LOAN_LOSS": "13,510", "Net Income from Continuing & Discontinued Operation": "3,197", "Normalized Income": "3,414", "Total Money Market Investments": "136.631", "Reconciled Depreciation": "520.566", "Net Income from Continuing Operation Net Minority Interest": "3,197", "Total Unusual Items Excluding Goodwill": "-285.85", "Total Unusual Items": "-285.85", "Tax Rate for Calcs": "0", "Tax Effect of Unusual Items": "-69.1757"}, "12/31/2020": {"Duration": "12/31/2020", "Total Revenue": "17,147", "Credit Losses Provision": "-1,878", "Non Interest Expense": "10,763", "Special Income Charges": "-285.85", "Pretax Income": "4,220", "Tax Provision": "1,023", "Net Income Common Stockholders": "3,197", "Diluted NI Available to Com Stockholders": "3,197", "Basic EPS": "-", "Diluted EPS": "-", "Basic Average Shares": "-", "Diluted Average Shares": "-", "INTEREST_INCOME_AFTER_PROVISION_FOR_LOAN_LOSS": "13,510", "Net Income from Continuing & Discontinued Operation": "3,197", "Normalized Income": "3,414", "Total Money Market Investments": "136.631", "Reconciled Depreciation": "520.566", "Net Income from Continuing Operation Net Minority Interest": "3,197", "Total Unusual Items Excluding Goodwill": "-285.85", "Total Unusual Items": "-285.85", "Tax Rate for Calcs": "0", "Tax Effect of Unusual Items": "-69.1757"}, "12/31/2019": {"Duration": "12/31/2019", "Total Revenue": "15,131", "Credit Losses Provision": "-195", "Non Interest Expense": "10,541", "Special Income Charges": "-", "Pretax Income": "4,395", "Tax Provision": "1,102", "Net Income Common Stockholders": "3,293", "Diluted NI Available to Com Stockholders": "3,293", "Basic EPS": "2.32", "Diluted EPS": "2.30", "Basic Average Shares": "1,417", "Diluted Average Shares": "1,433", "INTEREST_INCOME_AFTER_PROVISION_FOR_LOAN_LOSS": "13,503", "Net Income from Continuing & Discontinued Operation": "3,293", "Normalized Income": "3,293", "Total Money Market Investments": "581.315", "Reconciled Depreciation": "446.922", "Net Income from Continuing Operation Net Minority Interest": "3,293", "Total Unusual Items Excluding Goodwill": "-", "Total Unusual Items": "-", "Tax Rate for Calcs": "0", "Tax Effect of Unusual Items": "0"}, "12/31/2018": {"Duration": "12/31/2018", "Total Revenue": "14,580", "Credit Losses Provision": "-257.5", "Non Interest Expense": "10,040", "Special Income Charges": "-", "Pretax Income": "4,283", "Tax Provision": "1,093", "Net Income Common Stockholders": "3,190", "Diluted NI Available to Com Stockholders": "3,190", "Basic EPS": "2.27", "Diluted EPS": "2.24", "Basic Average Shares": "1,404", "Diluted Average Shares": "1,424", "INTEREST_INCOME_AFTER_PROVISION_FOR_LOAN_LOSS": "13,101", "Net Income from Continuing & Discontinued Operation": "3,190", "Normalized Income": "3,190", "Total Money Market Investments": "375.048", "Reconciled Depreciation": "349.092", "Net Income from Continuing Operation Net Minority Interest": "3,190", "Total Unusual Items Excluding Goodwill": "-", "Total Unusual Items": "-", "Tax Rate for Calcs": "0", "Tax Effect of Unusual Items": "0"}}, "bs": {"12/31/2020": {"Duration": "12/31/2020", "Total Assets": "485,949", "Total Liabilities Net Minority Interest": "440,752", "Total Equity Gross Minority Interest": "45,196", "Total Capitalization": "-", "Common Stock Equity": "45,196", "Net Tangible Assets": "45,196", "Invested Capital": "-", "Tangible Book Value": "45,196", "Total Debt": "-", "Net Debt": "-", "Share Issued": "1,434", "Ordinary Shares Number": "1,434"}, "12/31/2019": {"Duration": "12/31/2019", "Total Assets": "377,288", "Total Liabilities Net Minority Interest": "334,760", "Total Equity Gross Minority Interest": "42,528", "Total Capitalization": "61,528", "Common Stock Equity": "42,528", "Net Tangible Assets": "42,528", "Invested Capital": "61,528", "Tangible Book Value": "42,528", "Total Debt": "19,000", "Net Debt": "-", "Share Issued": "1,424", "Ordinary Shares Number": "1,424"}, "12/31/2018": {"Duration": "12/31/2018", "Total Assets": "364,571", "Total Liabilities Net Minority Interest": "324,973", "Total Equity Gross Minority Interest": "39,597", "Total Capitalization": "65,597", "Common Stock Equity": "39,597", "Net Tangible Assets": "39,597", "Invested Capital": "65,597", "Tangible Book Value": "39,597", "Total Debt": "26,000", "Net Debt": "-", "Share Issued": "1,410", "Ordinary Shares Number": "1,410"}}, "cf": {"TTM": {"Duration": "TTM", "Cash Flows from Used in Operating Activities Direct": "-", "Operating Cash Flow": "2,777", "Investing Cash Flow": "-83,268", "Financing Cash Flow": "105,118", "End Cash Position": "55,600", "Capital Expenditure": "-664.098", "Issuance of Debt": "4,257", "Repayment of Debt": "-23,543", "Repurchase of Capital Stock": "-117.401", "Free Cash Flow": "2,113"}, "12/31/2020": {"Duration": "12/31/2020", "Cash Flows from Used in Operating Activities Direct": "-", "Operating Cash Flow": "2,777", "Investing Cash Flow": "-83,268", "Financing Cash Flow": "105,118", "End Cash Position": "55,600", "Capital Expenditure": "-664.098", "Issuance of Debt": "4,257", "Repayment of Debt": "-23,543", "Repurchase of Capital Stock": "-117.401", "Free Cash Flow": "2,113"}, "12/31/2019": {"Duration": "12/31/2019", "Cash Flows from Used in Operating Activities Direct": "-", "Operating Cash Flow": "4,649", "Investing Cash Flow": "-11,411", "Financing Cash Flow": "8,442", "End Cash Position": "30,972", "Capital Expenditure": "-764.836", "Issuance of Debt": "-", "Repayment of Debt": "-", "Repurchase of Capital Stock": "0", "Free Cash Flow": "3,884"}, "12/31/2018": {"Duration": "12/31/2018", "Cash Flows from Used in Operating Activities Direct": "-", "Operating Cash Flow": "4,092", "Investing Cash Flow": "-10,434", "Financing Cash Flow": "8,784", "End Cash Position": "29,292", "Capital Expenditure": "-1,110", "Issuance of Debt": "-", "Repayment of Debt": "-6,000", "Repurchase of Capital Stock": "0", "Free Cash Flow": "2,982"}}}}, {"HBSI": {"quote": {"04/04/2021": {"value": "35.00", "Market Cap": "46.79M", "Beta (5Y Monthly)": "0.35", "PE Ratio (TTM)": "13.11", "EPS (TTM)": "2.67", "Earnings Date": "N/A", "Forward Dividend & Yield": "1.65 (4.71%)", "Ex-Dividend Date": "Feb 18, 2021", "1y Target Est": "N/A"}}, "fin": {"TTM": {"Duration": "TTM", "Total Revenue": "19,792", "Credit Losses Provision": "-348", "Non Interest Expense": "14,115", "Special Income Charges": "-362", "Pretax Income": "4,967", "Tax Provision": "1,078", "Net Income Common Stockholders": "3,889", "Diluted NI Available to Com Stockholders": "3,889", "Basic EPS": "-", "Diluted EPS": "-", "Basic Average Shares": "-", "Diluted Average Shares": "-", "INTEREST_INCOME_AFTER_PROVISION_FOR_LOAN_LOSS": "16,944", "Net Income from Continuing & Discontinued Operation": "3,889", "Normalized Income": "4,147", "Total Money Market Investments": "203", "Reconciled Depreciation": "759", "Net Income from Continuing Operation Net Minority Interest": "3,889", "Total Unusual Items Excluding Goodwill": "-329", "Total Unusual Items": "-329", "Tax Rate for Calcs": "0", "Tax Effect of Unusual Items": "-71.4037"}, "12/31/2018": {"Duration": "12/31/2018", "Total Revenue": "19,792", "Credit Losses Provision": "-348", "Non Interest Expense": "14,115", "Special Income Charges": "-362", "Pretax Income": "4,967", "Tax Provision": "1,078", "Net Income Common Stockholders": "3,889", "Diluted NI Available to Com Stockholders": "3,889", "Basic EPS": "-", "Diluted EPS": "-", "Basic Average Shares": "-", "Diluted Average Shares": "-", "INTEREST_INCOME_AFTER_PROVISION_FOR_LOAN_LOSS": "16,944", "Net Income from Continuing & Discontinued Operation": "3,889", "Normalized Income": "4,147", "Total Money Market Investments": "203", "Reconciled Depreciation": "759", "Net Income from Continuing Operation Net Minority Interest": "3,889", "Total Unusual Items Excluding Goodwill": "-329", "Total Unusual Items": "-329", "Tax Rate for Calcs": "0", "Tax Effect of Unusual Items": "-71.4037"}}, "bs": {"12/31/2018": {"Duration": "12/31/2018", "Total Assets": "413,193", "Total Liabilities Net Minority Interest": "359,913", "Total Equity Gross Minority Interest": "53,280", "Total Capitalization": "63,772", "Common Stock Equity": "53,280", "Net Tangible Assets": "51,702", "Invested Capital": "63,772", "Tangible Book Value": "51,702", "Total Debt": "10,492", "Share Issued": "1,437", "Ordinary Shares Number": "1,337", "Treasury Shares Number": "100.001"}}, "cf": {"TTM": {"Duration": "TTM", "Operating Cash Flow": "5,350", "Investing Cash Flow": "-8,346", "Financing Cash Flow": "4,180", "End Cash Position": "6,208", "Income Tax Paid Supplemental Data": "990", "Interest Paid Supplemental Data": "3,184", "Capital Expenditure": "-535", "Issuance of Debt": "7,000", "Repayment of Debt": "-1,476", "Free Cash Flow": "4,815"}, "12/31/2018": {"Duration": "12/31/2018", "Operating Cash Flow": "5,350", "Investing Cash Flow": "-8,346", "Financing Cash Flow": "4,180", "End Cash Position": "6,208", "Income Tax Paid Supplemental Data": "990", "Interest Paid Supplemental Data": "3,184", "Capital Expenditure": "-535", "Issuance of Debt": "7,000", "Repayment of Debt": "-1,476", "Free Cash Flow": "4,815"}}}}, {"WSBC": {"quote": {"04/04/2021": {"value": "36.70", "Market Cap": "2.469B", "Beta (5Y Monthly)": "1.10", "PE Ratio (TTM)": "20.73", "EPS (TTM)": "1.77", "Earnings Date": "Apr 26, 2021 - Apr 30, 2021", "Forward Dividend & Yield": "1.32 (3.60%)", "Ex-Dividend Date": "Mar 11, 2021", "1y Target Est": "34.75"}}, "fin": {"TTM": {"Duration": "TTM", "Total Revenue": "599,300", "Credit Losses Provision": "-107,741", "Non Interest Expense": "336,755", "Special Income Charges": "-9,725", "Pretax Income": "145,079", "Tax Provision": "23,035", "Net Income Common Stockholders": "119,400", "Diluted NI Available to Com Stockholders": "119,400", "Basic EPS": "-", "Diluted EPS": "-", "Basic Average Shares": "-", "Diluted Average Shares": "-", "INTEREST_INCOME_AFTER_PROVISION_FOR_LOAN_LOSS": "371,739", "Net Income from Continuing & Discontinued Operation": "122,044", "Normalized Income": "130,136", "Reconciled Depreciation": "14,131", "Net Income from Continuing Operation Net Minority Interest": "122,044", "Total Unusual Items Excluding Goodwill": "-9,622", "Total Unusual Items": "-9,622", "Tax Rate for Calcs": "0", "Tax Effect of Unusual Items": "-1,530"}, "12/31/2020": {"Duration": "12/31/2020", "Total Revenue": "599,300", "Credit Losses Provision": "-107,741", "Non Interest Expense": "336,755", "Special Income Charges": "-9,725", "Pretax Income": "145,079", "Tax Provision": "23,035", "Net Income Common Stockholders": "119,400", "Diluted NI Available to Com Stockholders": "119,400", "Basic EPS": "-", "Diluted EPS": "-", "Basic Average Shares": "-", "Diluted Average Shares": "-", "INTEREST_INCOME_AFTER_PROVISION_FOR_LOAN_LOSS": "371,739", "Net Income from Continuing & Discontinued Operation": "122,044", "Normalized Income": "130,136", "Reconciled Depreciation": "14,131", "Net Income from Continuing Operation Net Minority Interest": "122,044", "Total Unusual Items Excluding Goodwill": "-9,622", "Total Unusual Items": "-9,622", "Tax Rate for Calcs": "0", "Tax Effect of Unusual Items": "-1,530"}, "12/31/2019": {"Duration": "12/31/2019", "Total Revenue": "509,689", "Credit Losses Provision": "-11,198", "Non Interest Expense": "288,880", "Special Income Charges": "-16,397", "Pretax Income": "193,214", "Tax Provision": "34,341", "Net Income Common Stockholders": "158,873", "Diluted NI Available to Com Stockholders": "158,873", "Basic EPS": "2.83", "Diluted EPS": "2.83", "Basic Average Shares": "56,108", "Diluted Average Shares": "56,214", "INTEREST_INCOME_AFTER_PROVISION_FOR_LOAN_LOSS": "388,706", "Net Income from Continuing & Discontinued Operation": "158,873", "Normalized Income": "171,750", "Reconciled Depreciation": "11,567", "Net Income from Continuing Operation Net Minority Interest": "158,873", "Total Unusual Items Excluding Goodwill": "-15,665", "Total Unusual Items": "-15,665", "Tax Rate for Calcs": "0", "Tax Effect of Unusual Items": "-2,788"}, "12/31/2018": {"Duration": "12/31/2018", "Total Revenue": "441,794", "Credit Losses Provision": "-7,764", "Non Interest Expense": "241,646", "Special Income Charges": "-17,860", "Pretax Income": "174,524", "Tax Provision": "31,412", "Net Income Common Stockholders": "143,112", "Diluted NI Available to Com Stockholders": "143,112", "Basic EPS": "2.93", "Diluted EPS": "2.92", "Basic Average Shares": "48,889", "Diluted Average Shares": "49,023", "INTEREST_INCOME_AFTER_PROVISION_FOR_LOAN_LOSS": "339,472", "Net Income from Continuing & Discontinued Operation": "143,112", "Normalized Income": "157,328", "Reconciled Depreciation": "10,451", "Net Income from Continuing Operation Net Minority Interest": "143,112", "Total Unusual Items Excluding Goodwill": "-17,336", "Total Unusual Items": "-17,336", "Tax Rate for Calcs": "0", "Tax Effect of Unusual Items": "-3,120"}}, "bs": {"12/31/2020": {"Duration": "12/31/2020", "Total Assets": "16,425,610", "Total Liabilities Net Minority Interest": "13,668,873", "Total Equity Gross Minority Interest": "2,756,737", "Total Capitalization": "3,498,031", "Preferred Stock Equity": "144,484", "Common Stock Equity": "2,612,253", "Net Tangible Assets": "1,593,646", "Invested Capital": "3,595,497", "Tangible Book Value": "1,449,162", "Total Debt": "983,244", "Net Debt": "77,797", "Share Issued": "68,081", "Ordinary Shares Number": "67,255", "Preferred Shares Number": "6,000", "Treasury Shares Number": "826.6"}, "12/31/2019": {"Duration": "12/31/2019", "Total Assets": "15,720,112", "Total Liabilities Net Minority Interest": "13,126,191", "Total Equity Gross Minority Interest": "2,593,921", "Total Capitalization": "4,209,405", "Preferred Stock Equity": "-", "Common Stock Equity": "2,593,921", "Net Tangible Assets": "1,444,768", "Invested Capital": "4,491,767", "Tangible Book Value": "1,444,768", "Total Debt": "1,897,846", "Net Debt": "1,663,050", "Share Issued": "68,078", "Ordinary Shares Number": "67,824", "Preferred Shares Number": "-", "Treasury Shares Number": "253.688"}, "12/31/2018": {"Duration": "12/31/2018", "Total Assets": "12,458,632", "Total Liabilities Net Minority Interest": "10,479,805", "Total Equity Gross Minority Interest": "1,978,827", "Total Capitalization": "3,222,843", "Preferred Stock Equity": "-", "Common Stock Equity": "1,978,827", "Net Tangible Assets": "1,059,977", "Invested Capital": "3,222,843", "Tangible Book Value": "1,059,977", "Total Debt": "1,244,016", "Net Debt": "1,074,830", "Share Issued": "54,604", "Ordinary Shares Number": "54,598", "Preferred Shares Number": "-", "Treasury Shares Number": "6.16"}}, "cf": {"TTM": {"Duration": "TTM", "Operating Cash Flow": "59,606", "Investing Cash Flow": "57,792", "Financing Cash Flow": "553,253", "End Cash Position": "905,447", "Income Tax Paid Supplemental Data": "36,975", "Interest Paid Supplemental Data": "75,082", "Capital Expenditure": "-7,551", "Issuance of Capital Stock": "144,543", "Issuance of Debt": "475,000", "Repayment of Debt": "-1,348,938", "Repurchase of Capital Stock": "-24,540", "Free Cash Flow": "52,055"}, "12/31/2020": {"Duration": "12/31/2020", "Operating Cash Flow": "59,606", "Investing Cash Flow": "57,792", "Financing Cash Flow": "553,253", "End Cash Position": "905,447", "Income Tax Paid Supplemental Data": "36,975", "Interest Paid Supplemental Data": "75,082", "Capital Expenditure": "-7,551", "Issuance of Capital Stock": "144,543", "Issuance of Debt": "475,000", "Repayment of Debt": "-1,348,938", "Repurchase of Capital Stock": "-24,540", "Free Cash Flow": "52,055"}, "12/31/2019": {"Duration": "12/31/2019", "Operating Cash Flow": "163,363", "Investing Cash Flow": "103,786", "Financing Cash Flow": "-201,539", "End Cash Position": "234,796", "Income Tax Paid Supplemental Data": "31,375", "Interest Paid Supplemental Data": "87,145", "Capital Expenditure": "-12,201", "Issuance of Capital Stock": "72", "Issuance of Debt": "1,035,000", "Repayment of Debt": "-922,770", "Repurchase of Capital Stock": "-10,211", "Free Cash Flow": "151,162"}, "12/31/2018": {"Duration": "12/31/2018", "Operating Cash Flow": "191,557", "Investing Cash Flow": "-51,859", "Financing Cash Flow": "-88,084", "End Cash Position": "169,186", "Income Tax Paid Supplemental Data": "18,700", "Interest Paid Supplemental Data": "68,618", "Capital Expenditure": "-4,669", "Issuance of Capital Stock": "1,578", "Issuance of Debt": "640,000", "Repayment of Debt": "-607,065", "Repurchase of Capital Stock": "-426", "Free Cash Flow": "186,888"}}}}, {"CZBT": {"quote": {"04/04/2021": {"value": "25.50", "Market Cap": "49.131M", "Beta (5Y Monthly)": "0.85", "PE Ratio (TTM)": "10.87", "EPS (TTM)": "2.35", "Earnings Date": "N/A", "Forward Dividend & Yield": "0.96 (3.76%)", "Ex-Dividend Date": "Apr 01, 2021", "1y Target Est": "N/A"}}, "fin": {}, "bs": {}, "cf": {}}}, {"SNBN": {"quote": {"04/04/2021": {"value": "", "Net Assets": "N/A", "Beta (5Y Monthly)": "N/A", "Yield": "N/A", "5y Average Return": "N/A", "Holdings Turnover": "N/A", "Last Dividend": "N/A", "Average for Category": "N/A", "Inception Date": "N/A"}}, "fin": {}, "bs": {}, "cf": {}}}, {"PPBN": {"quote": {"04/04/2021": {"value": "26.00", "Market Cap": "56.118M", "Beta (5Y Monthly)": "0.64", "PE Ratio (TTM)": "14.13", "EPS (TTM)": "1.84", "Earnings Date": "Feb 12, 2021", "Forward Dividend & Yield": "0.56 (2.15%)", "Ex-Dividend Date": "Feb 18, 2021", "1y Target Est": "N/A"}}, "fin": {"TTM": {"Duration": "TTM", "Total Revenue": "18,269", "Credit Losses Provision": "-252", "Non Interest Expense": "-", "Pretax Income": "-", "Tax Provision": "-", "Net Income Common Stockholders": "3,380", "Diluted NI Available to Com Stockholders": "3,380", "Basic EPS": "-", "Diluted EPS": "-", "Basic Average Shares": "-", "Diluted Average Shares": "-", "INTEREST_INCOME_AFTER_PROVISION_FOR_LOAN_LOSS": "18,017", "Net Income from Continuing & Discontinued Operation": "3,380", "Normalized Income": "3,380", "Total Money Market Investments": "-", "Reconciled Depreciation": "-", "Net Income from Continuing Operation Net Minority Interest": "3,380", "Tax Rate for Calcs": "0", "Tax Effect of Unusual Items": "0"}, "12/31/2020": {"Duration": "12/31/2020", "Total Revenue": "18,269", "Credit Losses Provision": "-252", "Non Interest Expense": "-", "Pretax Income": "-", "Tax Provision": "-", "Net Income Common Stockholders": "3,380", "Diluted NI Available to Com Stockholders": "3,380", "Basic EPS": "-", "Diluted EPS": "-", "Basic Average Shares": "-", "Diluted Average Shares": "-", "INTEREST_INCOME_AFTER_PROVISION_FOR_LOAN_LOSS": "18,017", "Net Income from Continuing & Discontinued Operation": "3,380", "Normalized Income": "3,380", "Total Money Market Investments": "-", "Reconciled Depreciation": "-", "Net Income from Continuing Operation Net Minority Interest": "3,380", "Tax Rate for Calcs": "0", "Tax Effect of Unusual Items": "0"}, "12/31/2019": {"Duration": "12/31/2019", "Total Revenue": "22,299", "Credit Losses Provision": "-163", "Non Interest Expense": "16,772", "Pretax Income": "5,364", "Tax Provision": "968", "Net Income Common Stockholders": "4,396", "Diluted NI Available to Com Stockholders": "4,396", "Basic EPS": "2.84", "Diluted EPS": "2.82", "Basic Average Shares": "1,549", "Diluted Average Shares": "1,560", "INTEREST_INCOME_AFTER_PROVISION_FOR_LOAN_LOSS": "17,513", "Net Income from Continuing & Discontinued Operation": "4,396", "Normalized Income": "4,396", "Total Money Market Investments": "2", "Reconciled Depreciation": "730", "Net Income from Continuing Operation Net Minority Interest": "4,396", "Tax Rate for Calcs": "0", "Tax Effect of Unusual Items": "0"}, "12/31/2018": {"Duration": "12/31/2018", "Total Revenue": "20,584", "Credit Losses Provision": "-607", "Non Interest Expense": "14,928", "Pretax Income": "5,049", "Tax Provision": "889", "Net Income Common Stockholders": "4,160", "Diluted NI Available to Com Stockholders": "4,160", "Basic EPS": "2.71", "Diluted EPS": "2.68", "Basic Average Shares": "1,537", "Diluted Average Shares": "1,552", "INTEREST_INCOME_AFTER_PROVISION_FOR_LOAN_LOSS": "15,775", "Net Income from Continuing & Discontinued Operation": "4,160", "Normalized Income": "4,160", "Total Money Market Investments": "1", "Reconciled Depreciation": "684", "Net Income from Continuing Operation Net Minority Interest": "4,160", "Tax Rate for Calcs": "0", "Tax Effect of Unusual Items": "0"}}, "bs": {"12/31/2020": {"Duration": "12/31/2020", "Total Assets": "860,832", "Total Liabilities Net Minority Interest": "800,156", "Total Equity Gross Minority Interest": "60,676", "Common Stock Equity": "60,676", "Net Tangible Assets": "60,676", "Invested Capital": "-", "Tangible Book Value": "60,676", "Total Debt": "-", "Share Issued": "1,564", "Ordinary Shares Number": "1,564"}, "12/31/2019": {"Duration": "12/31/2019", "Total Assets": "500,530", "Total Liabilities Net Minority Interest": "455,085", "Total Equity Gross Minority Interest": "45,445", "Common Stock Equity": "45,445", "Net Tangible Assets": "44,906", "Invested Capital": "-", "Tangible Book Value": "44,906", "Total Debt": "-", "Share Issued": "1,551", "Ordinary Shares Number": "1,551"}, "12/31/2018": {"Duration": "12/31/2018", "Total Assets": "470,611", "Total Liabilities Net Minority Interest": "428,500", "Total Equity Gross Minority Interest": "42,111", "Common Stock Equity": "42,111", "Net Tangible Assets": "41,572", "Invested Capital": "-", "Tangible Book Value": "41,572", "Total Debt": "0", "Share Issued": "1,540", "Ordinary Shares Number": "1,540"}}, "cf": {"TTM": {"Duration": "TTM", "Operating Cash Flow": "-", "Investing Cash Flow": "-", "Financing Cash Flow": "-", "End Cash Position": "-", "Income Tax Paid Supplemental Data": "-", "Interest Paid Supplemental Data": "-", "Capital Expenditure": "-", "Repayment of Debt": "-", "Free Cash Flow": "-"}, "12/31/2019": {"Duration": "12/31/2019", "Operating Cash Flow": "5,471", "Investing Cash Flow": "-12,445", "Financing Cash Flow": "24,160", "End Cash Position": "32,903", "Income Tax Paid Supplemental Data": "1,480", "Interest Paid Supplemental Data": "2,526", "Capital Expenditure": "-825", "Repayment of Debt": "0", "Free Cash Flow": "4,646"}, "12/31/2018": {"Duration": "12/31/2018", "Operating Cash Flow": "6,109", "Investing Cash Flow": "-25,363", "Financing Cash Flow": "22,396", "End Cash Position": "15,717", "Income Tax Paid Supplemental Data": "940", "Interest Paid Supplemental Data": "1,861", "Capital Expenditure": "-414", "Repayment of Debt": "-513", "Free Cash Flow": "5,695"}}}}, {"PNBI": {"quote": {"04/04/2021": {"value": "25.00", "Market Cap": "21.761M", "Beta (5Y Monthly)": "0.39", "PE Ratio (TTM)": "10.59", "EPS (TTM)": "2.36", "Earnings Date": "Nov 06, 2017 - Nov 10, 2017", "Forward Dividend & Yield": "0.96 (3.84%)", "Ex-Dividend Date": "Mar 17, 2021", "1y Target Est": "N/A"}}, "fin": {}, "bs": {}, "cf": {}}}, {"SRYB": {"quote": {"04/04/2021": {"value": "12.67", "Market Cap": "52.808M", "Beta (5Y Monthly)": "0.64", "PE Ratio (TTM)": "11.52", "EPS (TTM)": "1.10", "Earnings Date": "Feb 24, 2021", "Forward Dividend & Yield": "0.42 (3.33%)", "Ex-Dividend Date": "Mar 17, 2021", "1y Target Est": "N/A"}}, "fin": {"TTM": {"Duration": "TTM", "Total Revenue": "15,354", "Credit Losses Provision": "-370.032", "Non Interest Expense": "8,875", "Pretax Income": "6,109", "Tax Provision": "1,007", "Net Income Common Stockholders": "5,096", "Diluted NI Available to Com Stockholders": "5,096", "Basic EPS": "-", "Diluted EPS": "-", "Basic Average Shares": "-", "Diluted Average Shares": "-", "INTEREST_INCOME_AFTER_PROVISION_FOR_LOAN_LOSS": "12,278", "Net Income from Continuing & Discontinued Operation": "5,102", "Normalized Income": "5,052", "Total Money Market Investments": "766.202", "Reconciled Depreciation": "387.051", "Net Income from Continuing Operation Net Minority Interest": "5,102", "Total Unusual Items Excluding Goodwill": "59.278", "Total Unusual Items": "59.278", "Tax Rate for Calcs": "0", "Tax Effect of Unusual Items": "9.7713"}, "12/31/2018": {"Duration": "12/31/2018", "Total Revenue": "15,354", "Credit Losses Provision": "-370.032", "Non Interest Expense": "8,875", "Pretax Income": "6,109", "Tax Provision": "1,007", "Net Income Common Stockholders": "5,096", "Diluted NI Available to Com Stockholders": "5,096", "Basic EPS": "-", "Diluted EPS": "-", "Basic Average Shares": "-", "Diluted Average Shares": "-", "INTEREST_INCOME_AFTER_PROVISION_FOR_LOAN_LOSS": "12,278", "Net Income from Continuing & Discontinued Operation": "5,102", "Normalized Income": "5,052", "Total Money Market Investments": "766.202", "Reconciled Depreciation": "387.051", "Net Income from Continuing Operation Net Minority Interest": "5,102", "Total Unusual Items Excluding Goodwill": "59.278", "Total Unusual Items": "59.278", "Tax Rate for Calcs": "0", "Tax Effect of Unusual Items": "9.7713"}}, "bs": {"12/31/2018": {"Duration": "12/31/2018", "Total Assets": "309,150", "Total Liabilities Net Minority Interest": "264,000", "Total Equity Gross Minority Interest": "45,150", "Preferred Stock Equity": "-", "Common Stock Equity": "45,150", "Net Tangible Assets": "45,030", "Tangible Book Value": "45,030", "Share Issued": "4,081", "Ordinary Shares Number": "4,081", "Preferred Shares Number": "-"}}, "cf": {"TTM": {"Duration": "TTM", "Operating Cash Flow": "6,056", "Investing Cash Flow": "-7,941", "Financing Cash Flow": "3,137", "End Cash Position": "8,733", "Income Tax Paid Supplemental Data": "1,084", "Interest Paid Supplemental Data": "968.111", "Capital Expenditure": "-191.159", "Repayment of Debt": "0", "Repurchase of Capital Stock": "-0.503", "Free Cash Flow": "5,865"}, "12/31/2018": {"Duration": "12/31/2018", "Operating Cash Flow": "6,056", "Investing Cash Flow": "-7,941", "Financing Cash Flow": "3,137", "End Cash Position": "8,733", "Income Tax Paid Supplemental Data": "1,084", "Interest Paid Supplemental Data": "968.111", "Capital Expenditure": "-191.159", "Repayment of Debt": "0", "Repurchase of Capital Stock": "-0.503", "Free Cash Flow": "5,865"}}}}, {"PKWY": {"quote": {"04/04/2021": {"value": "0.0031", "Market Cap": "1.13M", "Beta (5Y Monthly)": "-18.90", "PE Ratio (TTM)": "N/A", "EPS (TTM)": "-1.2200", "Earnings Date": "N/A", "Forward Dividend & Yield": "N/A (N/A)", "Ex-Dividend Date": "N/A", "1y Target Est": "N/A"}}, "fin": {}, "bs": {}, "cf": {}}}, {"CUMD": {"quote": {"04/04/2021": {"value": "", "Net Assets": "N/A", "Beta (5Y Monthly)": "N/A", "Yield": "N/A", "5y Average Return": "N/A", "Holdings Turnover": "N/A", "Last Dividend": "N/A", "Average for Category": "N/A", "Inception Date": "N/A"}}, "fin": {}, "bs": {}, "cf": {}}}, {"CTOT": {"quote": {"04/04/2021": {"value": "", "Net Assets": "N/A", "Beta (5Y Monthly)": "N/A", "Yield": "N/A", "5y Average Return": "N/A", "Holdings Turnover": "N/A", "Last Dividend": "N/A", "Average for Category": "N/A", "Inception Date": "N/A"}}, "fin": {}, "bs": {}, "cf": {}}}, {"CZYB": {"quote": {"04/04/2021": {"value": "", "Net Assets": "N/A", "Beta (5Y Monthly)": "N/A", "Yield": "N/A", "5y Average Return": "N/A", "Holdings Turnover": "N/A", "Last Dividend": "N/A", "Average for Category": "N/A", "Inception Date": "N/A"}}, "fin": {}, "bs": {}, "cf": {}}}, {"UBSH": {"fin": {}, "bs": {}, "cf": {}}}, {"OLBK": {"fin": {}, "bs": {}, "cf": {}}}, {"CART": {"fin": {}, "bs": {}, "cf": {}}}, {"BAYK": {"fin": {}, "bs": {}, "cf": {}}}, {"CROL": {"fin": {}, "bs": {}, "cf": {}}}, {"CARO": {"fin": {}, "bs": {}, "cf": {}}}, {"SGB": {"fin": {}, "bs": {}, "cf": {}}}, {"LION": {"fin": {}, "bs": {}, "cf": {}}}, {"DNBF": {"fin": {}, "bs": {}, "cf": {}}}]