[{"WAL": {"quote": {"04/24/2021": {"value": "106.73", "Market Cap": "10.451B", "Beta (5Y Monthly)": "1.68", "PE Ratio (TTM)": "17.43", "EPS (TTM)": "6.12", "Earnings Date": "Jul 14, 2021 - Jul 19, 2021", "Forward Dividend & Yield": "1.00 (1.00%)", "Ex-Dividend Date": "Feb 18, 2021", "1y Target Est": "120.17"}}, "fin": {"TTM": {"Duration": "TTM", "Total Revenue": "1,264,866", "Credit Losses Provision": "-40,024", "Non Interest Expense": "486,548", "Income from Associates & Other Participating Interests": "16,534", "Special Income Charges": "-", "Pretax Income": "754,428", "Tax Provision": "139,292", "Net Income Common Stockholders": "615,136", "Diluted NI Available to Com Stockholders": "615,136", "Basic EPS": "-", "Diluted EPS": "-", "Basic Average Shares": "-", "Diluted Average Shares": "-", "INTEREST_INCOME_AFTER_PROVISION_FOR_LOAN_LOSS": "1,167,071", "Net Income from Continuing & Discontinued Operation": "615,136", "Normalized Income": "614,852", "Reconciled Depreciation": "1,727", "Net Income from Continuing Operation Net Minority Interest": "615,136", "Total Unusual Items Excluding Goodwill": "348", "Total Unusual Items": "348", "Tax Rate for Calcs": "0", "Tax Effect of Unusual Items": "64.2521"}, "12/31/2020": {"Duration": "12/31/2020", "Total Revenue": "1,205,800", "Credit Losses Provision": "-123,600", "Non Interest Expense": "472,400", "Income from Associates & Other Participating Interests": "12,700", "Special Income Charges": "-", "Pretax Income": "622,500", "Tax Provision": "115,900", "Net Income Common Stockholders": "506,600", "Diluted NI Available to Com Stockholders": "506,600", "Basic EPS": "-", "Diluted EPS": "-", "Basic Average Shares": "-", "Diluted Average Shares": "-", "INTEREST_INCOME_AFTER_PROVISION_FOR_LOAN_LOSS": "1,033,600", "Net Income from Continuing & Discontinued Operation": "506,600", "Normalized Income": "505,379", "Reconciled Depreciation": "34,600", "Net Income from Continuing Operation Net Minority Interest": "506,600", "Total Unusual Items Excluding Goodwill": "1,500", "Total Unusual Items": "1,500", "Tax Rate for Calcs": "0", "Tax Effect of Unusual Items": "279.3"}, "12/31/2019": {"Duration": "12/31/2019", "Total Revenue": "1,059,334", "Credit Losses Provision": "-18,500", "Non Interest Expense": "444,898", "Income from Associates & Other Participating Interests": "8,290", "Special Income Charges": "-", "Pretax Income": "604,226", "Tax Provision": "105,055", "Net Income Common Stockholders": "499,171", "Diluted NI Available to Com Stockholders": "499,171", "Basic EPS": "4.86", "Diluted EPS": "4.84", "Basic Average Shares": "102,667", "Diluted Average Shares": "103,133", "INTEREST_INCOME_AFTER_PROVISION_FOR_LOAN_LOSS": "1,015,779", "Net Income from Continuing & Discontinued Operation": "499,171", "Normalized Income": "502,325", "Reconciled Depreciation": "28,915", "Net Income from Continuing Operation Net Minority Interest": "499,171", "Total Unusual Items Excluding Goodwill": "-3,818", "Total Unusual Items": "-3,818", "Tax Rate for Calcs": "0", "Tax Effect of Unusual Items": "-663.9502"}, "12/31/2018": {"Duration": "12/31/2018", "Total Revenue": "927,190", "Credit Losses Provision": "-23,000", "Non Interest Expense": "402,457", "Income from Associates & Other Participating Interests": "8,595", "Special Income Charges": "0", "Pretax Income": "510,328", "Tax Provision": "74,540", "Net Income Common Stockholders": "435,788", "Diluted NI Available to Com Stockholders": "435,788", "Basic EPS": "4.16", "Diluted EPS": "4.14", "Basic Average Shares": "104,669", "Diluted Average Shares": "105,370", "INTEREST_INCOME_AFTER_PROVISION_FOR_LOAN_LOSS": "884,964", "Net Income from Continuing & Discontinued Operation": "435,788", "Normalized Income": "435,796", "Reconciled Depreciation": "14,319", "Net Income from Continuing Operation Net Minority Interest": "435,788", "Total Unusual Items Excluding Goodwill": "-9", "Total Unusual Items": "-9", "Tax Rate for Calcs": "0", "Tax Effect of Unusual Items": "-1.3149"}}, "bs": {"12/31/2020": {"Duration": "12/31/2020", "Total Assets": "36,461,000", "Total Liabilities Net Minority Interest": "33,047,500", "Total Equity Gross Minority Interest": "3,413,500", "Total Capitalization": "3,962,200", "Common Stock Equity": "3,413,500", "Capital Lease Obligations": "79,900", "Net Tangible Assets": "3,115,000", "Invested Capital": "3,967,200", "Tangible Book Value": "3,115,000", "Total Debt": "633,600", "Net Debt": "-", "Share Issued": "105,183", "Ordinary Shares Number": "103,013", "Treasury Shares Number": "2,169"}, "12/31/2019": {"Duration": "12/31/2019", "Total Assets": "26,821,948", "Total Liabilities Net Minority Interest": "23,805,200", "Total Equity Gross Minority Interest": "3,016,748", "Total Capitalization": "3,410,311", "Common Stock Equity": "3,016,748", "Capital Lease Obligations": "78,112", "Net Tangible Assets": "2,719,140", "Invested Capital": "3,410,311", "Tangible Book Value": "2,719,140", "Total Debt": "471,675", "Net Debt": "-", "Share Issued": "104,528", "Ordinary Shares Number": "102,524", "Treasury Shares Number": "2,004"}, "12/31/2018": {"Duration": "12/31/2018", "Total Assets": "23,109,486", "Total Liabilities Net Minority Interest": "20,495,752", "Total Equity Gross Minority Interest": "2,613,734", "Total Capitalization": "2,974,192", "Common Stock Equity": "2,613,734", "Capital Lease Obligations": "-", "Net Tangible Assets": "2,314,579", "Invested Capital": "3,209,192", "Tangible Book Value": "2,314,579", "Total Debt": "595,458", "Net Debt": "96,886", "Share Issued": "106,742", "Ordinary Shares Number": "104,949", "Treasury Shares Number": "1,793"}}, "cf": {"TTM": {"Duration": "TTM", "Operating Cash Flow": "-", "Investing Cash Flow": "-", "Financing Cash Flow": "-", "End Cash Position": "-", "Income Tax Paid Supplemental Data": "-", "Interest Paid Supplemental Data": "-", "Capital Expenditure": "-", "Issuance of Capital Stock": "-", "Issuance of Debt": "-", "Repayment of Debt": "-", "Repurchase of Capital Stock": "-", "Free Cash Flow": "-"}, "12/31/2020": {"Duration": "12/31/2020", "Operating Cash Flow": "670,200", "Investing Cash Flow": "-7,537,500", "Financing Cash Flow": "9,104,400", "End Cash Position": "2,671,700", "Income Tax Paid Supplemental Data": "44,200", "Interest Paid Supplemental Data": "108,600", "Capital Expenditure": "-26,800", "Issuance of Capital Stock": "-", "Issuance of Debt": "226,200", "Repayment of Debt": "-75,000", "Repurchase of Capital Stock": "-71,600", "Free Cash Flow": "643,400"}, "12/31/2019": {"Duration": "12/31/2019", "Operating Cash Flow": "717,772", "Investing Cash Flow": "-3,723,033", "Financing Cash Flow": "2,941,285", "End Cash Position": "434,596", "Income Tax Paid Supplemental Data": "-", "Interest Paid Supplemental Data": "180,436", "Capital Expenditure": "-35,148", "Issuance of Capital Stock": "-", "Issuance of Debt": "-", "Repayment of Debt": "-496,736", "Repurchase of Capital Stock": "-120,131", "Free Cash Flow": "682,624"}, "12/31/2018": {"Duration": "12/31/2018", "Operating Cash Flow": "540,972", "Investing Cash Flow": "-2,713,433", "Financing Cash Flow": "2,254,265", "End Cash Position": "498,572", "Income Tax Paid Supplemental Data": "18,760", "Interest Paid Supplemental Data": "113,507", "Capital Expenditure": "-11,313", "Issuance of Capital Stock": "0", "Issuance of Debt": "97,394", "Repayment of Debt": "-", "Repurchase of Capital Stock": "-35,688", "Free Cash Flow": "529,659"}}}}, {"AMRB": {"quote": {"04/24/2021": {"value": "19.90", "Market Cap": "117.162M", "Beta (5Y Monthly)": "0.81", "PE Ratio (TTM)": "14.07", "EPS (TTM)": "1.41", "Earnings Date": "Jul 14, 2021 - Jul 19, 2021", "Forward Dividend & Yield": "0.28 (1.41%)", "Ex-Dividend Date": "Feb 02, 2021", "1y Target Est": "20.33"}}, "fin": {"TTM": {"Duration": "TTM", "Total Revenue": "28,927", "Credit Losses Provision": "-1,025", "Non Interest Expense": "16,560", "Pretax Income": "11,342", "Tax Provision": "3,072", "Net Income Common Stockholders": "8,270", "Average Dilution Earnings": "-", "Diluted NI Available to Com Stockholders": "8,270", "Basic EPS": "-", "Diluted EPS": "-", "Basic Average Shares": "-", "Diluted Average Shares": "-", "INTEREST_INCOME_AFTER_PROVISION_FOR_LOAN_LOSS": "26,237", "Net Income from Continuing & Discontinued Operation": "8,270", "Normalized Income": "8,270", "Total Money Market Investments": "-", "Reconciled Depreciation": "-", "Net Income from Continuing Operation Net Minority Interest": "8,270", "Total Unusual Items Excluding Goodwill": "-", "Total Unusual Items": "-", "Tax Rate for Calcs": "0", "Tax Effect of Unusual Items": "0"}, "12/31/2020": {"Duration": "12/31/2020", "Total Revenue": "27,844", "Credit Losses Provision": "-1,520", "Non Interest Expense": "16,713", "Pretax Income": "9,611", "Tax Provision": "2,556", "Net Income Common Stockholders": "7,055", "Average Dilution Earnings": "0", "Diluted NI Available to Com Stockholders": "7,055", "Basic EPS": "-", "Diluted EPS": "-", "Basic Average Shares": "-", "Diluted Average Shares": "-", "INTEREST_INCOME_AFTER_PROVISION_FOR_LOAN_LOSS": "24,798", "Net Income from Continuing & Discontinued Operation": "7,055", "Normalized Income": "7,055", "Total Money Market Investments": "88", "Reconciled Depreciation": "387", "Net Income from Continuing Operation Net Minority Interest": "7,055", "Total Unusual Items Excluding Goodwill": "-", "Total Unusual Items": "-", "Tax Rate for Calcs": "0", "Tax Effect of Unusual Items": "0"}, "12/31/2019": {"Duration": "12/31/2019", "Total Revenue": "24,897", "Credit Losses Provision": "-660", "Non Interest Expense": "16,846", "Pretax Income": "7,391", "Tax Provision": "1,891", "Net Income Common Stockholders": "5,500", "Average Dilution Earnings": "-", "Diluted NI Available to Com Stockholders": "5,500", "Basic EPS": "0.94", "Diluted EPS": "0.94", "Basic Average Shares": "5,851", "Diluted Average Shares": "5,869", "INTEREST_INCOME_AFTER_PROVISION_FOR_LOAN_LOSS": "22,549", "Net Income from Continuing & Discontinued Operation": "5,500", "Normalized Income": "5,500", "Total Money Market Investments": "206", "Reconciled Depreciation": "226", "Net Income from Continuing Operation Net Minority Interest": "5,500", "Total Unusual Items Excluding Goodwill": "-", "Total Unusual Items": "-", "Tax Rate for Calcs": "0", "Tax Effect of Unusual Items": "0"}, "12/31/2018": {"Duration": "12/31/2018", "Total Revenue": "22,159", "Credit Losses Provision": "-175", "Non Interest Expense": "15,510", "Pretax Income": "6,474", "Tax Provision": "1,574", "Net Income Common Stockholders": "4,900", "Average Dilution Earnings": "0", "Diluted NI Available to Com Stockholders": "4,900", "Basic EPS": "0.83", "Diluted EPS": "0.83", "Basic Average Shares": "5,904", "Diluted Average Shares": "5,909", "INTEREST_INCOME_AFTER_PROVISION_FOR_LOAN_LOSS": "20,471", "Net Income from Continuing & Discontinued Operation": "4,900", "Normalized Income": "4,900", "Total Money Market Investments": "381", "Reconciled Depreciation": "265", "Net Income from Continuing Operation Net Minority Interest": "4,900", "Total Unusual Items Excluding Goodwill": "0", "Total Unusual Items": "0", "Tax Rate for Calcs": "0", "Tax Effect of Unusual Items": "0"}}, "bs": {"12/31/2020": {"Duration": "12/31/2020", "Total Assets": "868,991", "Total Liabilities Net Minority Interest": "775,896", "Total Equity Gross Minority Interest": "93,095", "Total Capitalization": "106,882", "Common Stock Equity": "93,095", "Net Tangible Assets": "76,774", "Invested Capital": "113,882", "Tangible Book Value": "76,774", "Total Debt": "20,787", "Net Debt": "-", "Share Issued": "5,938", "Ordinary Shares Number": "5,938"}, "12/31/2019": {"Duration": "12/31/2019", "Total Assets": "720,353", "Total Liabilities Net Minority Interest": "637,444", "Total Equity Gross Minority Interest": "82,909", "Total Capitalization": "93,409", "Common Stock Equity": "82,909", "Net Tangible Assets": "66,588", "Invested Capital": "102,409", "Tangible Book Value": "66,588", "Total Debt": "19,500", "Net Debt": "1,690", "Share Issued": "5,899", "Ordinary Shares Number": "5,899"}, "12/31/2018": {"Duration": "12/31/2018", "Total Assets": "688,092", "Total Liabilities Net Minority Interest": "613,371", "Total Equity Gross Minority Interest": "74,721", "Total Capitalization": "85,221", "Common Stock Equity": "74,721", "Net Tangible Assets": "58,400", "Invested Capital": "90,221", "Tangible Book Value": "58,400", "Total Debt": "15,500", "Net Debt": "-", "Share Issued": "5,858", "Ordinary Shares Number": "5,858"}}, "cf": {"TTM": {"Duration": "TTM", "Operating Cash Flow": "-", "Investing Cash Flow": "-", "Financing Cash Flow": "-", "End Cash Position": "-", "Income Tax Paid Supplemental Data": "-", "Interest Paid Supplemental Data": "-", "Capital Expenditure": "-", "Issuance of Debt": "-", "Repayment of Debt": "-", "Repurchase of Capital Stock": "-", "Free Cash Flow": "-"}, "12/31/2020": {"Duration": "12/31/2020", "Operating Cash Flow": "6,621", "Investing Cash Flow": "-120,891", "Financing Cash Flow": "138,969", "End Cash Position": "42,509", "Income Tax Paid Supplemental Data": "2,650", "Interest Paid Supplemental Data": "1,660", "Capital Expenditure": "-198", "Issuance of Debt": "-", "Repayment of Debt": "-", "Repurchase of Capital Stock": "0", "Free Cash Flow": "6,423"}, "12/31/2019": {"Duration": "12/31/2019", "Operating Cash Flow": "7,870", "Investing Cash Flow": "-36,638", "Financing Cash Flow": "16,845", "End Cash Position": "17,810", "Income Tax Paid Supplemental Data": "1,888", "Interest Paid Supplemental Data": "2,519", "Capital Expenditure": "-346", "Issuance of Debt": "4,000", "Repayment of Debt": "0", "Repurchase of Capital Stock": "0", "Free Cash Flow": "7,524"}, "12/31/2018": {"Duration": "12/31/2018", "Operating Cash Flow": "7,682", "Investing Cash Flow": "-46,984", "Financing Cash Flow": "28,822", "End Cash Position": "27,987", "Income Tax Paid Supplemental Data": "1,095", "Interest Paid Supplemental Data": "1,598", "Capital Expenditure": "-178", "Issuance of Debt": "1,500", "Repayment of Debt": "-1,500", "Repurchase of Capital Stock": "-4,773", "Free Cash Flow": "7,504"}}}}, {"ARBV": {"quote": {"04/24/2021": {"value": "19.05", "Market Cap": "26.449M", "Beta (5Y Monthly)": "0.95", "PE Ratio (TTM)": "13.13", "EPS (TTM)": "1.45", "Earnings Date": "N/A", "Forward Dividend & Yield": "N/A (2.06%)", "Ex-Dividend Date": "N/A", "1y Target Est": "N/A"}}, "fin": {}, "bs": {}, "cf": {}}}, {"AUNB": {"quote": {"04/24/2021": {"value": "", "Net Assets": "N/A", "Beta (5Y Monthly)": "N/A", "Yield": "N/A", "5y Average Return": "N/A", "Holdings Turnover": "N/A", "Last Dividend": "N/A", "Average for Category": "N/A", "Inception Date": "N/A"}}, "fin": {}, "bs": {}, "cf": {}}}, {"FBAK": {"quote": {"04/24/2021": {"value": "238.04", "Market Cap": "760.052M", "Beta (5Y Monthly)": "0.44", "PE Ratio (TTM)": "13.10", "EPS (TTM)": "18.17", "Earnings Date": "Feb 04, 2021", "Forward Dividend & Yield": "12.80 (5.38%)", "Ex-Dividend Date": "Feb 26, 2021", "1y Target Est": "N/A"}}, "fin": {"TTM": {"Duration": "TTM", "Total Revenue": "168,706", "Credit Losses Provision": "-2,195", "Non Interest Expense": "89,369", "Pretax Income": "77,142", "Tax Provision": "19,607", "Net Income Common Stockholders": "57,535", "Diluted NI Available to Com Stockholders": "57,535", "Basic EPS": "-", "Diluted EPS": "-", "Basic Average Shares": "-", "Diluted Average Shares": "-", "INTEREST_INCOME_AFTER_PROVISION_FOR_LOAN_LOSS": "142,571", "Net Income from Continuing & Discontinued Operation": "57,535", "Normalized Income": "57,412", "Reconciled Depreciation": "5,274", "Net Income from Continuing Operation Net Minority Interest": "57,535", "Total Unusual Items Excluding Goodwill": "165", "Total Unusual Items": "165", "Tax Rate for Calcs": "0", "Tax Effect of Unusual Items": "41.9377"}, "12/31/2020": {"Duration": "12/31/2020", "Total Revenue": "168,706", "Credit Losses Provision": "-2,195", "Non Interest Expense": "89,369", "Pretax Income": "77,142", "Tax Provision": "19,607", "Net Income Common Stockholders": "57,535", "Diluted NI Available to Com Stockholders": "57,535", "Basic EPS": "-", "Diluted EPS": "-", "Basic Average Shares": "-", "Diluted Average Shares": "-", "INTEREST_INCOME_AFTER_PROVISION_FOR_LOAN_LOSS": "142,571", "Net Income from Continuing & Discontinued Operation": "57,535", "Normalized Income": "57,412", "Reconciled Depreciation": "5,274", "Net Income from Continuing Operation Net Minority Interest": "57,535", "Total Unusual Items Excluding Goodwill": "165", "Total Unusual Items": "165", "Tax Rate for Calcs": "0", "Tax Effect of Unusual Items": "41.9377"}, "12/31/2019": {"Duration": "12/31/2019", "Total Revenue": "157,924", "Credit Losses Provision": "-298", "Non Interest Expense": "83,608", "Pretax Income": "74,018", "Tax Provision": "18,373", "Net Income Common Stockholders": "55,645", "Diluted NI Available to Com Stockholders": "55,645", "Basic EPS": "17.56", "Diluted EPS": "17.56", "Basic Average Shares": "3,169", "Diluted Average Shares": "3,169", "INTEREST_INCOME_AFTER_PROVISION_FOR_LOAN_LOSS": "136,543", "Net Income from Continuing & Discontinued Operation": "55,645", "Normalized Income": "55,562", "Reconciled Depreciation": "5,011", "Net Income from Continuing Operation Net Minority Interest": "55,645", "Total Unusual Items Excluding Goodwill": "111", "Total Unusual Items": "111", "Tax Rate for Calcs": "0", "Tax Effect of Unusual Items": "27.5528"}, "12/31/2018": {"Duration": "12/31/2018", "Total Revenue": "156,149", "Credit Losses Provision": "-1,993", "Non Interest Expense": "83,413", "Pretax Income": "70,743", "Tax Provision": "16,641", "Net Income Common Stockholders": "54,102", "Diluted NI Available to Com Stockholders": "54,102", "Basic EPS": "17.07", "Diluted EPS": "17.07", "Basic Average Shares": "3,170", "Diluted Average Shares": "3,170", "INTEREST_INCOME_AFTER_PROVISION_FOR_LOAN_LOSS": "129,826", "Net Income from Continuing & Discontinued Operation": "54,102", "Normalized Income": "50,486", "Reconciled Depreciation": "4,876", "Net Income from Continuing Operation Net Minority Interest": "54,102", "Total Unusual Items Excluding Goodwill": "4,728", "Total Unusual Items": "4,728", "Tax Rate for Calcs": "0", "Tax Effect of Unusual Items": "1,112"}}, "bs": {"12/31/2020": {"Duration": "12/31/2020", "Total Assets": "4,695,315", "Total Liabilities Net Minority Interest": "4,108,726", "Total Equity Gross Minority Interest": "586,589", "Common Stock Equity": "586,589", "Net Tangible Assets": "586,589", "Tangible Book Value": "586,589", "Share Issued": "3,167", "Ordinary Shares Number": "3,167"}, "12/31/2019": {"Duration": "12/31/2019", "Total Assets": "3,808,254", "Total Liabilities Net Minority Interest": "3,260,572", "Total Equity Gross Minority Interest": "547,682", "Common Stock Equity": "547,682", "Net Tangible Assets": "547,682", "Tangible Book Value": "547,682", "Share Issued": "3,168", "Ordinary Shares Number": "3,168"}, "12/31/2018": {"Duration": "12/31/2018", "Total Assets": "3,753,466", "Total Liabilities Net Minority Interest": "3,246,615", "Total Equity Gross Minority Interest": "506,851", "Common Stock Equity": "506,851", "Net Tangible Assets": "506,851", "Tangible Book Value": "506,851", "Share Issued": "3,169", "Ordinary Shares Number": "3,169"}}, "cf": {"TTM": {"Duration": "TTM", "Operating Cash Flow": "64,910", "Investing Cash Flow": "-445,019", "Financing Cash Flow": "784,831", "End Cash Position": "532,379", "Income Tax Paid Supplemental Data": "23,064", "Interest Paid Supplemental Data": "4,045", "Capital Expenditure": "-3,106", "Issuance of Debt": "30,100", "Repayment of Debt": "-30,172", "Repurchase of Capital Stock": "-152", "Free Cash Flow": "61,804"}, "12/31/2020": {"Duration": "12/31/2020", "Operating Cash Flow": "64,910", "Investing Cash Flow": "-445,019", "Financing Cash Flow": "784,831", "End Cash Position": "532,379", "Income Tax Paid Supplemental Data": "23,064", "Interest Paid Supplemental Data": "4,045", "Capital Expenditure": "-3,106", "Issuance of Debt": "30,100", "Repayment of Debt": "-30,172", "Repurchase of Capital Stock": "-152", "Free Cash Flow": "61,804"}, "12/31/2019": {"Duration": "12/31/2019", "Operating Cash Flow": "65,597", "Investing Cash Flow": "-18,426", "Financing Cash Flow": "-28,071", "End Cash Position": "127,657", "Income Tax Paid Supplemental Data": "18,265", "Interest Paid Supplemental Data": "14,922", "Capital Expenditure": "-6,171", "Issuance of Debt": "-", "Repayment of Debt": "-71", "Repurchase of Capital Stock": "-269", "Free Cash Flow": "59,426"}, "12/31/2018": {"Duration": "12/31/2018", "Operating Cash Flow": "67,996", "Investing Cash Flow": "-161,239", "Financing Cash Flow": "67,749", "End Cash Position": "108,557", "Income Tax Paid Supplemental Data": "13,481", "Interest Paid Supplemental Data": "11,169", "Capital Expenditure": "-3,778", "Issuance of Debt": "-", "Repayment of Debt": "-72", "Repurchase of Capital Stock": "-477", "Free Cash Flow": "64,218"}}}}, {"AMBZ": {"quote": {"04/24/2021": {"value": "40.34", "Market Cap": "321.269M", "Beta (5Y Monthly)": "1.20", "PE Ratio (TTM)": "11.40", "EPS (TTM)": "3.54", "Earnings Date": "Oct 29, 2020", "Forward Dividend & Yield": "N/A (N/A)", "Ex-Dividend Date": "N/A", "1y Target Est": "N/A"}}, "fin": {"TTM": {"Duration": "TTM", "Total Revenue": "95,916", "Credit Losses Provision": "-2,564", "Non Interest Expense": "54,192", "Pretax Income": "39,160", "Tax Provision": "10,387", "Net Income Common Stockholders": "28,773", "Diluted NI Available to Com Stockholders": "28,773", "Basic EPS": "-", "Diluted EPS": "-", "Basic Average Shares": "-", "Diluted Average Shares": "-", "INTEREST_INCOME_AFTER_PROVISION_FOR_LOAN_LOSS": "87,847", "Net Income from Continuing & Discontinued Operation": "28,773", "Normalized Income": "28,773", "Total Money Market Investments": "294.645", "Reconciled Depreciation": "3,198", "Net Income from Continuing Operation Net Minority Interest": "28,773", "Tax Rate for Calcs": "0", "Tax Effect of Unusual Items": "0"}, "12/31/2020": {"Duration": "12/31/2020", "Total Revenue": "95,916", "Credit Losses Provision": "-2,564", "Non Interest Expense": "54,192", "Pretax Income": "39,160", "Tax Provision": "10,387", "Net Income Common Stockholders": "28,773", "Diluted NI Available to Com Stockholders": "28,773", "Basic EPS": "-", "Diluted EPS": "-", "Basic Average Shares": "-", "Diluted Average Shares": "-", "INTEREST_INCOME_AFTER_PROVISION_FOR_LOAN_LOSS": "87,847", "Net Income from Continuing & Discontinued Operation": "28,773", "Normalized Income": "28,773", "Total Money Market Investments": "294.645", "Reconciled Depreciation": "3,198", "Net Income from Continuing Operation Net Minority Interest": "28,773", "Tax Rate for Calcs": "0", "Tax Effect of Unusual Items": "0"}, "12/31/2019": {"Duration": "12/31/2019", "Total Revenue": "84,014", "Credit Losses Provision": "-3,279", "Non Interest Expense": "50,810", "Pretax Income": "29,924", "Tax Provision": "7,847", "Net Income Common Stockholders": "22,077", "Diluted NI Available to Com Stockholders": "22,077", "Basic EPS": "2.77", "Diluted EPS": "2.73", "Basic Average Shares": "7,966", "Diluted Average Shares": "8,088", "INTEREST_INCOME_AFTER_PROVISION_FOR_LOAN_LOSS": "75,015", "Net Income from Continuing & Discontinued Operation": "22,077", "Normalized Income": "22,077", "Total Money Market Investments": "1,628", "Reconciled Depreciation": "3,519", "Net Income from Continuing Operation Net Minority Interest": "22,077", "Tax Rate for Calcs": "0", "Tax Effect of Unusual Items": "0"}}, "bs": {"12/31/2020": {"Duration": "12/31/2020", "Total Assets": "3,454,262", "Total Liabilities Net Minority Interest": "3,206,423", "Total Equity Gross Minority Interest": "247,838", "Common Stock Equity": "247,838", "Net Tangible Assets": "247,838", "Tangible Book Value": "247,838", "Share Issued": "7,942", "Ordinary Shares Number": "7,942"}, "12/31/2019": {"Duration": "12/31/2019", "Total Assets": "2,401,911", "Total Liabilities Net Minority Interest": "2,195,246", "Total Equity Gross Minority Interest": "206,665", "Common Stock Equity": "206,665", "Net Tangible Assets": "206,665", "Tangible Book Value": "206,665", "Share Issued": "7,850", "Ordinary Shares Number": "7,850"}}, "cf": {"TTM": {"Duration": "TTM", "Operating Cash Flow": "47,023", "Investing Cash Flow": "-885,133", "Financing Cash Flow": "1,007,789", "End Cash Position": "246,053", "Income Tax Paid Supplemental Data": "11,275", "Interest Paid Supplemental Data": "2,934", "Capital Expenditure": "-694.16", "Issuance of Capital Stock": "-", "Repayment of Debt": "-", "Repurchase of Capital Stock": "-144.954", "Free Cash Flow": "46,328"}, "12/31/2020": {"Duration": "12/31/2020", "Operating Cash Flow": "47,023", "Investing Cash Flow": "-885,133", "Financing Cash Flow": "1,007,789", "End Cash Position": "246,053", "Income Tax Paid Supplemental Data": "11,275", "Interest Paid Supplemental Data": "2,934", "Capital Expenditure": "-694.16", "Issuance of Capital Stock": "-", "Repayment of Debt": "-", "Repurchase of Capital Stock": "-144.954", "Free Cash Flow": "46,328"}, "12/31/2019": {"Duration": "12/31/2019", "Operating Cash Flow": "54,061", "Investing Cash Flow": "-272,763", "Financing Cash Flow": "192,055", "End Cash Position": "76,375", "Income Tax Paid Supplemental Data": "9,502", "Interest Paid Supplemental Data": "4,798", "Capital Expenditure": "-8,623", "Issuance of Capital Stock": "0", "Repayment of Debt": "0", "Repurchase of Capital Stock": "-128.296", "Free Cash Flow": "45,438"}}}}, {"AVBH": {"quote": {"04/24/2021": {"value": "22.70", "Market Cap": "137.912M", "Beta (5Y Monthly)": "0.97", "PE Ratio (TTM)": "14.10", "EPS (TTM)": "1.61", "Earnings Date": "N/A", "Forward Dividend & Yield": "N/A (N/A)", "Ex-Dividend Date": "N/A", "1y Target Est": "N/A"}}, "fin": {"TTM": {"Duration": "TTM", "Total Revenue": "40,586", "Credit Losses Provision": "-1,612", "Non Interest Expense": "23,529", "Special Income Charges": "0", "Pretax Income": "15,444", "Tax Provision": "4,324", "Net Income Common Stockholders": "11,120", "Diluted NI Available to Com Stockholders": "11,120", "Basic EPS": "-", "Diluted EPS": "-", "Basic Average Shares": "-", "Diluted Average Shares": "-", "INTEREST_INCOME_AFTER_PROVISION_FOR_LOAN_LOSS": "36,254", "Net Income from Continuing & Discontinued Operation": "11,120", "Normalized Income": "10,913", "Total Money Market Investments": "1,132", "Reconciled Depreciation": "1,234", "Net Income from Continuing Operation Net Minority Interest": "11,120", "Total Unusual Items Excluding Goodwill": "288", "Total Unusual Items": "288", "Tax Rate for Calcs": "0", "Tax Effect of Unusual Items": "80.64"}, "12/31/2018": {"Duration": "12/31/2018", "Total Revenue": "40,586", "Credit Losses Provision": "-1,612", "Non Interest Expense": "23,529", "Special Income Charges": "0", "Pretax Income": "15,444", "Tax Provision": "4,324", "Net Income Common Stockholders": "11,120", "Diluted NI Available to Com Stockholders": "11,120", "Basic EPS": "-", "Diluted EPS": "-", "Basic Average Shares": "-", "Diluted Average Shares": "-", "INTEREST_INCOME_AFTER_PROVISION_FOR_LOAN_LOSS": "36,254", "Net Income from Continuing & Discontinued Operation": "11,120", "Normalized Income": "10,913", "Total Money Market Investments": "1,132", "Reconciled Depreciation": "1,234", "Net Income from Continuing Operation Net Minority Interest": "11,120", "Total Unusual Items Excluding Goodwill": "288", "Total Unusual Items": "288", "Tax Rate for Calcs": "0", "Tax Effect of Unusual Items": "80.64"}}, "bs": {"12/31/2018": {"Duration": "12/31/2018", "Total Assets": "916,905", "Total Liabilities Net Minority Interest": "816,389", "Total Equity Gross Minority Interest": "100,516", "Total Capitalization": "112,361", "Common Stock Equity": "100,516", "Net Tangible Assets": "100,516", "Invested Capital": "112,361", "Tangible Book Value": "100,516", "Total Debt": "11,845", "Net Debt": "-", "Share Issued": "5,968", "Ordinary Shares Number": "5,968"}}, "cf": {"TTM": {"Duration": "TTM", "Operating Cash Flow": "15,083", "Investing Cash Flow": "-141,012", "Financing Cash Flow": "120,221", "End Cash Position": "27,652", "Income Tax Paid Supplemental Data": "4,545", "Interest Paid Supplemental Data": "4,333", "Capital Expenditure": "-884", "Issuance of Capital Stock": "0", "Issuance of Debt": "-", "Repurchase of Capital Stock": "-769", "Free Cash Flow": "14,199"}, "12/31/2018": {"Duration": "12/31/2018", "Operating Cash Flow": "15,083", "Investing Cash Flow": "-141,012", "Financing Cash Flow": "120,221", "End Cash Position": "27,652", "Income Tax Paid Supplemental Data": "4,545", "Interest Paid Supplemental Data": "4,333", "Capital Expenditure": "-884", "Issuance of Capital Stock": "0", "Issuance of Debt": "-", "Repurchase of Capital Stock": "-769", "Free Cash Flow": "14,199"}}}}, {"FIBK": {"quote": {"04/24/2021": {"value": "48.60", "Market Cap": "2.965B", "Beta (5Y Monthly)": "1.17", "PE Ratio (TTM)": "19.21", "EPS (TTM)": "2.53", "Earnings Date": "Apr 27, 2021", "Forward Dividend & Yield": "1.64 (3.37%)", "Ex-Dividend Date": "Feb 08, 2021", "1y Target Est": "46.71"}}, "fin": {"TTM": {"Duration": "TTM", "Total Revenue": "653,700", "Credit Losses Provision": "-56,900", "Non Interest Expense": "387,500", "Special Income Charges": "0", "Pretax Income": "209,300", "Tax Provision": "48,100", "Net Income Common Stockholders": "161,200", "Diluted NI Available to Com Stockholders": "161,200", "Basic EPS": "-", "Diluted EPS": "-", "Basic Average Shares": "-", "Diluted Average Shares": "-", "INTEREST_INCOME_AFTER_PROVISION_FOR_LOAN_LOSS": "440,100", "Net Income from Continuing & Discontinued Operation": "161,200", "Normalized Income": "161,200", "Total Money Market Investments": "4,100", "Reconciled Depreciation": "45,100", "Net Income from Continuing Operation Net Minority Interest": "161,200", "Total Unusual Items Excluding Goodwill": "0", "Total Unusual Items": "0", "Tax Rate for Calcs": "0", "Tax Effect of Unusual Items": "0"}, "12/31/2020": {"Duration": "12/31/2020", "Total Revenue": "653,700", "Credit Losses Provision": "-56,900", "Non Interest Expense": "387,500", "Special Income Charges": "0", "Pretax Income": "209,300", "Tax Provision": "48,100", "Net Income Common Stockholders": "161,200", "Diluted NI Available to Com Stockholders": "161,200", "Basic EPS": "-", "Diluted EPS": "-", "Basic Average Shares": "-", "Diluted Average Shares": "-", "INTEREST_INCOME_AFTER_PROVISION_FOR_LOAN_LOSS": "440,100", "Net Income from Continuing & Discontinued Operation": "161,200", "Normalized Income": "161,200", "Total Money Market Investments": "4,100", "Reconciled Depreciation": "45,100", "Net Income from Continuing Operation Net Minority Interest": "161,200", "Total Unusual Items Excluding Goodwill": "0", "Total Unusual Items": "0", "Tax Rate for Calcs": "0", "Tax Effect of Unusual Items": "0"}, "12/31/2019": {"Duration": "12/31/2019", "Total Revenue": "644,900", "Credit Losses Provision": "-13,900", "Non Interest Expense": "375,200", "Special Income Charges": "-20,700", "Pretax Income": "235,100", "Tax Provision": "54,100", "Net Income Common Stockholders": "181,000", "Diluted NI Available to Com Stockholders": "181,000", "Basic EPS": "2.84", "Diluted EPS": "2.83", "Basic Average Shares": "63,645", "Diluted Average Shares": "63,885", "INTEREST_INCOME_AFTER_PROVISION_FOR_LOAN_LOSS": "481,100", "Net Income from Continuing & Discontinued Operation": "181,000", "Normalized Income": "196,939", "Total Money Market Investments": "18,800", "Reconciled Depreciation": "38,700", "Net Income from Continuing Operation Net Minority Interest": "181,000", "Total Unusual Items Excluding Goodwill": "-20,700", "Total Unusual Items": "-20,700", "Tax Rate for Calcs": "0", "Tax Effect of Unusual Items": "-4,761"}, "12/31/2018": {"Duration": "12/31/2018", "Total Revenue": "575,800", "Credit Losses Provision": "-8,600", "Non Interest Expense": "348,500", "Special Income Charges": "-12,400", "Pretax Income": "206,300", "Tax Provision": "46,100", "Net Income Common Stockholders": "160,200", "Diluted NI Available to Com Stockholders": "160,200", "Basic EPS": "2.77", "Diluted EPS": "2.77", "Basic Average Shares": "57,779", "Diluted Average Shares": "58,217", "INTEREST_INCOME_AFTER_PROVISION_FOR_LOAN_LOSS": "423,900", "Net Income from Continuing & Discontinued Operation": "160,200", "Normalized Income": "169,829", "Total Money Market Investments": "11,300", "Reconciled Depreciation": "27,600", "Net Income from Continuing Operation Net Minority Interest": "160,200", "Total Unusual Items Excluding Goodwill": "-12,400", "Total Unusual Items": "-12,400", "Tax Rate for Calcs": "0", "Tax Effect of Unusual Items": "-2,771"}}, "bs": {"12/31/2020": {"Duration": "12/31/2020", "Total Assets": "17,648,700", "Total Liabilities Net Minority Interest": "15,688,900", "Total Equity Gross Minority Interest": "1,959,800", "Total Capitalization": "2,158,100", "Common Stock Equity": "1,959,800", "Capital Lease Obligations": "1,100", "Net Tangible Assets": "1,263,000", "Invested Capital": "2,158,100", "Tangible Book Value": "1,263,000", "Total Debt": "199,400", "Share Issued": "62,096", "Ordinary Shares Number": "62,096"}, "12/31/2019": {"Duration": "12/31/2019", "Total Assets": "14,644,200", "Total Liabilities Net Minority Interest": "12,630,300", "Total Equity Gross Minority Interest": "2,013,900", "Total Capitalization": "2,113,500", "Common Stock Equity": "2,013,900", "Capital Lease Obligations": "1,200", "Net Tangible Assets": "1,300,000", "Invested Capital": "2,113,500", "Tangible Book Value": "1,300,000", "Total Debt": "100,800", "Share Issued": "65,246", "Ordinary Shares Number": "65,246"}, "12/31/2018": {"Duration": "12/31/2018", "Total Assets": "13,300,200", "Total Liabilities Net Minority Interest": "11,606,300", "Total Equity Gross Minority Interest": "1,693,900", "Total Capitalization": "1,795,300", "Common Stock Equity": "1,693,900", "Capital Lease Obligations": "1,300", "Net Tangible Assets": "1,062,600", "Invested Capital": "1,795,300", "Tangible Book Value": "1,062,600", "Total Debt": "102,700", "Share Issued": "60,623", "Ordinary Shares Number": "60,623"}}, "cf": {"TTM": {"Duration": "TTM", "Operating Cash Flow": "268,300", "Investing Cash Flow": "-1,869,800", "Financing Cash Flow": "2,801,500", "End Cash Position": "2,276,800", "Income Tax Paid Supplemental Data": "54,400", "Interest Paid Supplemental Data": "32,900", "Capital Expenditure": "-30,200", "Issuance of Capital Stock": "1,100", "Issuance of Debt": "98,600", "Repayment of Debt": "-100", "Repurchase of Capital Stock": "-116,800", "Free Cash Flow": "238,100"}, "12/31/2020": {"Duration": "12/31/2020", "Operating Cash Flow": "268,300", "Investing Cash Flow": "-1,869,800", "Financing Cash Flow": "2,801,500", "End Cash Position": "2,276,800", "Income Tax Paid Supplemental Data": "54,400", "Interest Paid Supplemental Data": "32,900", "Capital Expenditure": "-30,200", "Issuance of Capital Stock": "1,100", "Issuance of Debt": "98,600", "Repayment of Debt": "-100", "Repurchase of Capital Stock": "-116,800", "Free Cash Flow": "238,100"}, "12/31/2019": {"Duration": "12/31/2019", "Operating Cash Flow": "127,300", "Investing Cash Flow": "-16,800", "Financing Cash Flow": "144,300", "End Cash Position": "1,076,800", "Income Tax Paid Supplemental Data": "51,200", "Interest Paid Supplemental Data": "54,700", "Capital Expenditure": "-16,600", "Issuance of Capital Stock": "1,000", "Issuance of Debt": "100", "Repayment of Debt": "-6,100", "Repurchase of Capital Stock": "-2,500", "Free Cash Flow": "110,700"}, "12/31/2018": {"Duration": "12/31/2018", "Operating Cash Flow": "220,200", "Investing Cash Flow": "-182,300", "Financing Cash Flow": "25,200", "End Cash Position": "822,000", "Income Tax Paid Supplemental Data": "25,300", "Interest Paid Supplemental Data": "38,700", "Capital Expenditure": "-6,100", "Issuance of Capital Stock": "1,800", "Issuance of Debt": "2,800", "Repayment of Debt": "-33,200", "Repurchase of Capital Stock": "-1,000", "Free Cash Flow": "214,100"}}}}, {"ZION": {"quote": {"04/24/2021": {"value": "54.27", "Market Cap": "8.788B", "Beta (5Y Monthly)": "1.59", "PE Ratio (TTM)": "11.03", "EPS (TTM)": "4.92", "Earnings Date": "Jul 19, 2021", "Forward Dividend & Yield": "1.36 (2.51%)", "Ex-Dividend Date": "Feb 17, 2021", "1y Target Est": "60.36"}}, "fin": {"TTM": {"Duration": "TTM", "Total Revenue": "2,822,000", "Credit Losses Provision": "-24,000", "Non Interest Expense": "1,731,000", "Pretax Income": "1,067,000", "Tax Provision": "220,000", "Net Income Common Stockholders": "808,000", "Diluted NI Available to Com Stockholders": "808,000", "Basic EPS": "-", "Diluted EPS": "-", "Basic Average Shares": "-", "Diluted Average Shares": "-", "INTEREST_INCOME_AFTER_PROVISION_FOR_LOAN_LOSS": "2,189,000", "Net Income from Continuing & Discontinued Operation": "847,000", "Normalized Income": "847,000", "Total Money Market Investments": "9,000", "Reconciled Depreciation": "-", "Net Income from Continuing Operation Net Minority Interest": "847,000", "Tax Rate for Calcs": "0", "Tax Effect of Unusual Items": "0"}, "12/31/2020": {"Duration": "12/31/2020", "Total Revenue": "2,790,000", "Credit Losses Provision": "-414,000", "Non Interest Expense": "1,704,000", "Pretax Income": "672,000", "Tax Provision": "133,000", "Net Income Common Stockholders": "501,000", "Diluted NI Available to Com Stockholders": "501,000", "Basic EPS": "-", "Diluted EPS": "-", "Basic Average Shares": "-", "Diluted Average Shares": "-", "INTEREST_INCOME_AFTER_PROVISION_FOR_LOAN_LOSS": "1,802,000", "Net Income from Continuing & Discontinued Operation": "539,000", "Normalized Income": "539,000", "Total Money Market Investments": "14,000", "Reconciled Depreciation": "86,000", "Net Income from Continuing Operation Net Minority Interest": "539,000", "Tax Rate for Calcs": "0", "Tax Effect of Unusual Items": "0"}, "12/31/2019": {"Duration": "12/31/2019", "Total Revenue": "2,834,000", "Credit Losses Provision": "-39,000", "Non Interest Expense": "1,742,000", "Pretax Income": "1,053,000", "Tax Provision": "237,000", "Net Income Common Stockholders": "776,000", "Diluted NI Available to Com Stockholders": "776,000", "Basic EPS": "4.41", "Diluted EPS": "4.16", "Basic Average Shares": "175,984", "Diluted Average Shares": "186,504", "INTEREST_INCOME_AFTER_PROVISION_FOR_LOAN_LOSS": "2,233,000", "Net Income from Continuing & Discontinued Operation": "816,000", "Normalized Income": "816,000", "Total Money Market Investments": "32,000", "Reconciled Depreciation": "188,000", "Net Income from Continuing Operation Net Minority Interest": "816,000", "Tax Rate for Calcs": "0", "Tax Effect of Unusual Items": "0"}, "12/31/2018": {"Duration": "12/31/2018", "Total Revenue": "2,782,000", "Credit Losses Provision": "39,000", "Non Interest Expense": "1,678,000", "Pretax Income": "1,143,000", "Tax Provision": "259,000", "Net Income Common Stockholders": "843,000", "Diluted NI Available to Com Stockholders": "843,000", "Basic EPS": "4.36", "Diluted EPS": "4.08", "Basic Average Shares": "193,589", "Diluted Average Shares": "206,501", "INTEREST_INCOME_AFTER_PROVISION_FOR_LOAN_LOSS": "2,269,000", "Net Income from Continuing & Discontinued Operation": "884,000", "Normalized Income": "884,000", "Total Money Market Investments": "29,000", "Reconciled Depreciation": "193,000", "Net Income from Continuing Operation Net Minority Interest": "884,000", "Tax Rate for Calcs": "0", "Tax Effect of Unusual Items": "0"}}, "bs": {"12/31/2020": {"Duration": "12/31/2020", "Total Assets": "81,479,000", "Total Liabilities Net Minority Interest": "73,593,000", "Total Equity Gross Minority Interest": "7,886,000", "Total Capitalization": "9,218,000", "Preferred Stock Equity": "566,000", "Common Stock Equity": "7,320,000", "Capital Lease Obligations": "4,000", "Net Tangible Assets": "6,868,000", "Invested Capital": "8,652,000", "Tangible Book Value": "6,302,000", "Total Debt": "1,336,000", "Net Debt": "-", "Share Issued": "164,090", "Ordinary Shares Number": "164,090", "Preferred Shares Number": "13,230"}, "12/31/2019": {"Duration": "12/31/2019", "Total Assets": "69,172,000", "Total Liabilities Net Minority Interest": "61,819,000", "Total Equity Gross Minority Interest": "7,353,000", "Total Capitalization": "9,072,000", "Preferred Stock Equity": "566,000", "Common Stock Equity": "6,787,000", "Capital Lease Obligations": "4,000", "Net Tangible Assets": "6,338,000", "Invested Capital": "9,506,000", "Tangible Book Value": "5,772,000", "Total Debt": "2,723,000", "Net Debt": "1,271,000", "Share Issued": "165,057", "Ordinary Shares Number": "165,057", "Preferred Shares Number": "13,230"}, "12/31/2018": {"Duration": "12/31/2018", "Total Assets": "68,746,000", "Total Liabilities Net Minority Interest": "61,168,000", "Total Equity Gross Minority Interest": "7,578,000", "Total Capitalization": "8,302,000", "Preferred Stock Equity": "566,000", "Common Stock Equity": "7,012,000", "Capital Lease Obligations": "-", "Net Tangible Assets": "6,563,000", "Invested Capital": "12,236,000", "Tangible Book Value": "5,997,000", "Total Debt": "5,224,000", "Net Debt": "3,991,000", "Share Issued": "187,554", "Ordinary Shares Number": "187,554", "Preferred Shares Number": "13,230"}}, "cf": {"TTM": {"Duration": "TTM", "Operating Cash Flow": "-", "Investing Cash Flow": "-", "Financing Cash Flow": "-", "End Cash Position": "-", "Income Tax Paid Supplemental Data": "-", "Interest Paid Supplemental Data": "-", "Capital Expenditure": "-", "Issuance of Capital Stock": "-", "Issuance of Debt": "-", "Repayment of Debt": "-", "Repurchase of Capital Stock": "-", "Free Cash Flow": "-"}, "12/31/2020": {"Duration": "12/31/2020", "Operating Cash Flow": "719,000", "Investing Cash Flow": "-12,204,000", "Financing Cash Flow": "11,323,000", "End Cash Position": "543,000", "Income Tax Paid Supplemental Data": "169,000", "Interest Paid Supplemental Data": "195,000", "Capital Expenditure": "-171,000", "Issuance of Capital Stock": "8,000", "Issuance of Debt": "0", "Repayment of Debt": "-910,000", "Repurchase of Capital Stock": "-76,000", "Free Cash Flow": "548,000"}, "12/31/2019": {"Duration": "12/31/2019", "Operating Cash Flow": "697,000", "Investing Cash Flow": "375,000", "Financing Cash Flow": "-981,000", "End Cash Position": "705,000", "Income Tax Paid Supplemental Data": "233,000", "Interest Paid Supplemental Data": "401,000", "Capital Expenditure": "-117,000", "Issuance of Capital Stock": "14,000", "Issuance of Debt": "992,000", "Repayment of Debt": "-3,600,000", "Repurchase of Capital Stock": "-1,102,000", "Free Cash Flow": "580,000"}, "12/31/2018": {"Duration": "12/31/2018", "Operating Cash Flow": "1,176,000", "Investing Cash Flow": "-2,706,000", "Financing Cash Flow": "1,596,000", "End Cash Position": "614,000", "Income Tax Paid Supplemental Data": "207,000", "Interest Paid Supplemental Data": "237,000", "Capital Expenditure": "-129,000", "Issuance of Capital Stock": "20,000", "Issuance of Debt": "3,174,000", "Repayment of Debt": "-2,162,000", "Repurchase of Capital Stock": "-684,000", "Free Cash Flow": "1,047,000"}}}}, {"NRIM": {"quote": {"04/24/2021": {"value": "42.41", "Market Cap": "263.215M", "Beta (5Y Monthly)": "0.83", "PE Ratio (TTM)": "8.30", "EPS (TTM)": "5.11", "Earnings Date": "Apr 26, 2021 - Apr 30, 2021", "Forward Dividend & Yield": "1.48 (3.49%)", "Ex-Dividend Date": "Mar 10, 2021", "1y Target Est": "39.00"}}, "fin": {"TTM": {"Duration": "TTM", "Total Revenue": "133,993", "Credit Losses Provision": "-2,432", "Non Interest Expense": "89,114", "Special Income Charges": "0", "Pretax Income": "42,447", "Tax Provision": "9,559", "Net Income Common Stockholders": "32,888", "Diluted NI Available to Com Stockholders": "32,888", "Basic EPS": "-", "Diluted EPS": "-", "Basic Average Shares": "-", "Diluted Average Shares": "-", "INTEREST_INCOME_AFTER_PROVISION_FOR_LOAN_LOSS": "67,683", "Net Income from Continuing & Discontinued Operation": "32,888", "Normalized Income": "32,888", "Total Money Market Investments": "225", "Reconciled Depreciation": "4,299", "Net Income from Continuing Operation Net Minority Interest": "32,888", "Total Unusual Items Excluding Goodwill": "0", "Total Unusual Items": "0", "Tax Rate for Calcs": "0", "Tax Effect of Unusual Items": "0"}, "12/31/2020": {"Duration": "12/31/2020", "Total Revenue": "133,993", "Credit Losses Provision": "-2,432", "Non Interest Expense": "89,114", "Special Income Charges": "0", "Pretax Income": "42,447", "Tax Provision": "9,559", "Net Income Common Stockholders": "32,888", "Diluted NI Available to Com Stockholders": "32,888", "Basic EPS": "-", "Diluted EPS": "-", "Basic Average Shares": "-", "Diluted Average Shares": "-", "INTEREST_INCOME_AFTER_PROVISION_FOR_LOAN_LOSS": "67,683", "Net Income from Continuing & Discontinued Operation": "32,888", "Normalized Income": "32,888", "Total Money Market Investments": "225", "Reconciled Depreciation": "4,299", "Net Income from Continuing Operation Net Minority Interest": "32,888", "Total Unusual Items Excluding Goodwill": "0", "Total Unusual Items": "0", "Tax Rate for Calcs": "0", "Tax Effect of Unusual Items": "0"}, "12/31/2019": {"Duration": "12/31/2019", "Total Revenue": "101,788", "Credit Losses Provision": "1,175", "Non Interest Expense": "76,370", "Special Income Charges": "-468", "Pretax Income": "26,125", "Tax Provision": "5,434", "Net Income Common Stockholders": "20,691", "Diluted NI Available to Com Stockholders": "20,691", "Basic EPS": "3.08", "Diluted EPS": "3.04", "Basic Average Shares": "6,709", "Diluted Average Shares": "6,808", "INTEREST_INCOME_AFTER_PROVISION_FOR_LOAN_LOSS": "65,178", "Net Income from Continuing & Discontinued Operation": "20,691", "Normalized Income": "21,061", "Total Money Market Investments": "922", "Reconciled Depreciation": "4,065", "Net Income from Continuing Operation Net Minority Interest": "20,691", "Total Unusual Items Excluding Goodwill": "-468", "Total Unusual Items": "-468", "Tax Rate for Calcs": "0", "Tax Effect of Unusual Items": "-98.28"}, "12/31/2018": {"Duration": "12/31/2018", "Total Revenue": "93,375", "Credit Losses Provision": "500", "Non Interest Expense": "68,994", "Special Income Charges": "-806", "Pretax Income": "24,075", "Tax Provision": "4,071", "Net Income Common Stockholders": "20,004", "Diluted NI Available to Com Stockholders": "20,004", "Basic EPS": "2.91", "Diluted EPS": "2.86", "Basic Average Shares": "6,878", "Diluted Average Shares": "6,982", "INTEREST_INCOME_AFTER_PROVISION_FOR_LOAN_LOSS": "61,360", "Net Income from Continuing & Discontinued Operation": "20,004", "Normalized Income": "20,673", "Total Money Market Investments": "806", "Reconciled Depreciation": "3,264", "Net Income from Continuing Operation Net Minority Interest": "20,004", "Total Unusual Items Excluding Goodwill": "-806", "Total Unusual Items": "-806", "Tax Rate for Calcs": "0", "Tax Effect of Unusual Items": "-137.02"}, "9/30/2018": {"Duration": "9/30/2018", "Total Revenue": "-", "Credit Losses Provision": "-", "Non Interest Expense": "-", "Special Income Charges": "-", "Pretax Income": "-", "Tax Provision": "-", "Net Income Common Stockholders": "-", "Diluted NI Available to Com Stockholders": "-", "Basic EPS": "2.21", "Diluted EPS": "2.17", "Basic Average Shares": "6,874", "Diluted Average Shares": "6,979", "INTEREST_INCOME_AFTER_PROVISION_FOR_LOAN_LOSS": "-", "Net Income from Continuing & Discontinued Operation": "-", "Normalized Income": "-", "Total Money Market Investments": "-", "Reconciled Depreciation": "-", "Net Income from Continuing Operation Net Minority Interest": "-", "Total Unusual Items Excluding Goodwill": "-", "Total Unusual Items": "-", "Tax Rate for Calcs": "-", "Tax Effect of Unusual Items": "-"}}, "bs": {"12/31/2020": {"Duration": "12/31/2020", "Total Assets": "2,121,798", "Total Liabilities Net Minority Interest": "1,900,223", "Total Equity Gross Minority Interest": "221,575", "Total Capitalization": "246,702", "Common Stock Equity": "221,575", "Capital Lease Obligations": "12,378", "Net Tangible Assets": "189,096", "Invested Capital": "246,702", "Tangible Book Value": "189,096", "Total Debt": "37,505", "Share Issued": "6,251", "Ordinary Shares Number": "6,251"}, "12/31/2019": {"Duration": "12/31/2019", "Total Assets": "1,643,996", "Total Liabilities Net Minority Interest": "1,436,879", "Total Equity Gross Minority Interest": "207,117", "Total Capitalization": "226,318", "Common Stock Equity": "207,117", "Capital Lease Obligations": "14,229", "Net Tangible Assets": "173,299", "Invested Capital": "226,318", "Tangible Book Value": "173,299", "Total Debt": "33,430", "Share Issued": "6,559", "Ordinary Shares Number": "6,559"}, "12/31/2018": {"Duration": "12/31/2018", "Total Assets": "1,502,988", "Total Liabilities Net Minority Interest": "1,297,041", "Total Equity Gross Minority Interest": "205,947", "Total Capitalization": "223,498", "Common Stock Equity": "205,947", "Capital Lease Obligations": "-", "Net Tangible Assets": "173,054", "Invested Capital": "223,498", "Tangible Book Value": "173,054", "Total Debt": "17,551", "Share Issued": "6,883", "Ordinary Shares Number": "6,883"}}, "cf": {"TTM": {"Duration": "TTM", "Operating Cash Flow": "-36,454", "Investing Cash Flow": "-382,825", "Financing Cash Flow": "439,820", "End Cash Position": "115,965", "Income Tax Paid Supplemental Data": "7,790", "Interest Paid Supplemental Data": "6,009", "Capital Expenditure": "-3,265", "Issuance of Capital Stock": "84", "Issuance of Debt": "110,610", "Repayment of Debt": "-104,684", "Repurchase of Capital Stock": "-9,976", "Free Cash Flow": "-39,719"}, "12/31/2020": {"Duration": "12/31/2020", "Operating Cash Flow": "-36,454", "Investing Cash Flow": "-382,825", "Financing Cash Flow": "439,820", "End Cash Position": "115,965", "Income Tax Paid Supplemental Data": "7,790", "Interest Paid Supplemental Data": "6,009", "Capital Expenditure": "-3,265", "Issuance of Capital Stock": "84", "Issuance of Debt": "110,610", "Repayment of Debt": "-104,684", "Repurchase of Capital Stock": "-9,976", "Free Cash Flow": "-39,719"}, "12/31/2019": {"Duration": "12/31/2019", "Operating Cash Flow": "-821", "Investing Cash Flow": "-71,920", "Financing Cash Flow": "90,627", "End Cash Position": "95,424", "Income Tax Paid Supplemental Data": "1,658", "Interest Paid Supplemental Data": "5,640", "Capital Expenditure": "-3,039", "Issuance of Capital Stock": "73", "Issuance of Debt": "1,817", "Repayment of Debt": "-167", "Repurchase of Capital Stock": "-12,569", "Free Cash Flow": "-3,860"}, "12/31/2018": {"Duration": "12/31/2018", "Operating Cash Flow": "25,150", "Investing Cash Flow": "5,646", "Financing Cash Flow": "-31,099", "End Cash Position": "77,538", "Income Tax Paid Supplemental Data": "1,766", "Interest Paid Supplemental Data": "2,971", "Capital Expenditure": "-4,028", "Issuance of Capital Stock": "243", "Issuance of Debt": "0", "Repayment of Debt": "-121", "Repurchase of Capital Stock": "-494", "Free Cash Flow": "21,122"}}}}, {"BOH": {"quote": {"04/24/2021": {"value": "90.93", "Market Cap": "3.62B", "Beta (5Y Monthly)": "1.28", "PE Ratio (TTM)": "23.56", "EPS (TTM)": "3.86", "Earnings Date": "Apr 26, 2021", "Forward Dividend & Yield": "2.68 (2.95%)", "Ex-Dividend Date": "Feb 25, 2021", "1y Target Est": "92.33"}}, "fin": {"TTM": {"Duration": "TTM", "Total Revenue": "676,472", "Credit Losses Provision": "-117,800", "Non Interest Expense": "369,548", "Pretax Income": "189,124", "Tax Provision": "35,320", "Net Income Common Stockholders": "153,804", "Diluted NI Available to Com Stockholders": "153,804", "Basic EPS": "-", "Diluted EPS": "-", "Basic Average Shares": "-", "Diluted Average Shares": "-", "INTEREST_INCOME_AFTER_PROVISION_FOR_LOAN_LOSS": "378,522", "Net Income from Continuing & Discontinued Operation": "153,804", "Normalized Income": "153,804", "Total Money Market Investments": "916", "Reconciled Depreciation": "32,486", "Net Income from Continuing Operation Net Minority Interest": "153,804", "Tax Rate for Calcs": "0", "Tax Effect of Unusual Items": "0"}, "12/31/2020": {"Duration": "12/31/2020", "Total Revenue": "676,472", "Credit Losses Provision": "-117,800", "Non Interest Expense": "369,548", "Pretax Income": "189,124", "Tax Provision": "35,320", "Net Income Common Stockholders": "153,804", "Diluted NI Available to Com Stockholders": "153,804", "Basic EPS": "-", "Diluted EPS": "-", "Basic Average Shares": "-", "Diluted Average Shares": "-", "INTEREST_INCOME_AFTER_PROVISION_FOR_LOAN_LOSS": "378,522", "Net Income from Continuing & Discontinued Operation": "153,804", "Normalized Income": "153,804", "Total Money Market Investments": "916", "Reconciled Depreciation": "32,486", "Net Income from Continuing Operation Net Minority Interest": "153,804", "Tax Rate for Calcs": "0", "Tax Effect of Unusual Items": "0"}, "12/31/2019": {"Duration": "12/31/2019", "Total Revenue": "675,334", "Credit Losses Provision": "-16,000", "Non Interest Expense": "373,508", "Pretax Income": "285,826", "Tax Provision": "59,913", "Net Income Common Stockholders": "225,913", "Diluted NI Available to Com Stockholders": "225,913", "Basic EPS": "5.59", "Diluted EPS": "5.56", "Basic Average Shares": "40,384", "Diluted Average Shares": "40,650", "INTEREST_INCOME_AFTER_PROVISION_FOR_LOAN_LOSS": "481,715", "Net Income from Continuing & Discontinued Operation": "225,913", "Normalized Income": "225,913", "Total Money Market Investments": "3,594", "Reconciled Depreciation": "29,884", "Net Income from Continuing Operation Net Minority Interest": "225,913", "Tax Rate for Calcs": "0", "Tax Effect of Unusual Items": "0"}, "12/31/2018": {"Duration": "12/31/2018", "Total Revenue": "650,028", "Credit Losses Provision": "-13,425", "Non Interest Expense": "366,377", "Pretax Income": "270,226", "Tax Provision": "50,624", "Net Income Common Stockholders": "219,602", "Diluted NI Available to Com Stockholders": "219,602", "Basic EPS": "5.26", "Diluted EPS": "5.23", "Basic Average Shares": "41,715", "Diluted Average Shares": "41,999", "INTEREST_INCOME_AFTER_PROVISION_FOR_LOAN_LOSS": "472,927", "Net Income from Continuing & Discontinued Operation": "219,602", "Normalized Income": "219,602", "Total Money Market Investments": "3,757", "Reconciled Depreciation": "14,389", "Net Income from Continuing Operation Net Minority Interest": "219,602", "Tax Rate for Calcs": "0", "Tax Effect of Unusual Items": "0"}}, "bs": {"12/31/2020": {"Duration": "12/31/2020", "Total Assets": "20,603,651", "Total Liabilities Net Minority Interest": "19,229,144", "Total Equity Gross Minority Interest": "1,374,507", "Total Capitalization": "1,424,507", "Common Stock Equity": "1,374,507", "Capital Lease Obligations": "117,893", "Net Tangible Assets": "1,323,338", "Invested Capital": "1,424,507", "Tangible Book Value": "1,323,338", "Total Debt": "167,893", "Share Issued": "58,286", "Ordinary Shares Number": "40,119", "Treasury Shares Number": "18,166"}, "12/31/2019": {"Duration": "12/31/2019", "Total Assets": "18,095,496", "Total Liabilities Net Minority Interest": "16,808,664", "Total Equity Gross Minority Interest": "1,286,832", "Total Capitalization": "1,361,832", "Common Stock Equity": "1,286,832", "Capital Lease Obligations": "118,775", "Net Tangible Assets": "1,230,293", "Invested Capital": "1,361,832", "Tangible Book Value": "1,230,293", "Total Debt": "193,775", "Share Issued": "58,167", "Ordinary Shares Number": "40,040", "Treasury Shares Number": "18,127"}, "12/31/2018": {"Duration": "12/31/2018", "Total Assets": "17,143,974", "Total Liabilities Net Minority Interest": "15,875,774", "Total Equity Gross Minority Interest": "1,268,200", "Total Capitalization": "1,393,200", "Common Stock Equity": "1,268,200", "Capital Lease Obligations": "10,643", "Net Tangible Assets": "1,212,373", "Invested Capital": "1,393,399", "Tangible Book Value": "1,212,373", "Total Debt": "135,842", "Share Issued": "58,064", "Ordinary Shares Number": "41,500", "Treasury Shares Number": "16,564"}}, "cf": {"TTM": {"Duration": "TTM", "Operating Cash Flow": "146,416", "Investing Cash Flow": "-2,373,282", "Financing Cash Flow": "2,282,296", "End Cash Position": "614,088", "Income Tax Paid Supplemental Data": "60,182", "Interest Paid Supplemental Data": "53,026", "Capital Expenditure": "-33,287", "Issuance of Capital Stock": "9,389", "Issuance of Debt": "50,000", "Repayment of Debt": "-75,084", "Repurchase of Capital Stock": "-18,006", "Free Cash Flow": "113,129"}, "12/31/2020": {"Duration": "12/31/2020", "Operating Cash Flow": "146,416", "Investing Cash Flow": "-2,373,282", "Financing Cash Flow": "2,282,296", "End Cash Position": "614,088", "Income Tax Paid Supplemental Data": "60,182", "Interest Paid Supplemental Data": "53,026", "Capital Expenditure": "-33,287", "Issuance of Capital Stock": "9,389", "Issuance of Debt": "50,000", "Repayment of Debt": "-75,084", "Repurchase of Capital Stock": "-18,006", "Free Cash Flow": "113,129"}, "12/31/2019": {"Duration": "12/31/2019", "Operating Cash Flow": "234,238", "Investing Cash Flow": "-773,268", "Financing Cash Flow": "571,719", "End Cash Position": "558,658", "Income Tax Paid Supplemental Data": "58,152", "Interest Paid Supplemental Data": "89,894", "Capital Expenditure": "-53,900", "Issuance of Capital Stock": "7,872", "Issuance of Debt": "0", "Repayment of Debt": "-50,078", "Repurchase of Capital Stock": "-137,649", "Free Cash Flow": "180,338"}, "12/31/2018": {"Duration": "12/31/2018", "Operating Cash Flow": "317,922", "Investing Cash Flow": "-74,668", "Financing Cash Flow": "-165,136", "End Cash Position": "525,969", "Income Tax Paid Supplemental Data": "42,475", "Interest Paid Supplemental Data": "62,515", "Capital Expenditure": "-35,300", "Issuance of Capital Stock": "7,873", "Issuance of Debt": "50,000", "Repayment of Debt": "-175,000", "Repurchase of Capital Stock": "-91,988", "Free Cash Flow": "282,622"}}}}, {"BANC": {"quote": {"04/24/2021": {"value": "17.54", "Market Cap": "903.499M", "Beta (5Y Monthly)": "1.87", "PE Ratio (TTM)": "54.81", "EPS (TTM)": "0.32", "Earnings Date": "Jul 21, 2021 - Jul 26, 2021", "Forward Dividend & Yield": "0.24 (1.37%)", "Ex-Dividend Date": "Mar 12, 2021", "1y Target Est": "22.65"}}, "fin": {"TTM": {"Duration": "TTM", "Total Revenue": "251,487", "Credit Losses Provision": "-12,622", "Non Interest Expense": "170,249", "Income from Associates & Other Participating Interests": "-1,360", "Special Income Charges": "-27,469", "Pretax Income": "39,787", "Tax Provision": "6,245", "Net Income Common Stockholders": "16,416", "Diluted NI Available to Com Stockholders": "16,416", "Basic EPS": "-", "Diluted EPS": "-", "Basic Average Shares": "-", "Diluted Average Shares": "-", "INTEREST_INCOME_AFTER_PROVISION_FOR_LOAN_LOSS": "218,027", "Net Income from Continuing & Discontinued Operation": "33,542", "Normalized Income": "56,699", "Reconciled Depreciation": "1,371", "Net Income from Continuing Operation Net Minority Interest": "33,542", "Total Unusual Items Excluding Goodwill": "-27,469", "Total Unusual Items": "-27,469", "Tax Rate for Calcs": "0", "Tax Effect of Unusual Items": "-4,312"}, "12/31/2020": {"Duration": "12/31/2020", "Total Revenue": "243,112", "Credit Losses Provision": "-29,022", "Non Interest Expense": "173,326", "Income from Associates & Other Participating Interests": "365", "Special Income Charges": "-26,769", "Pretax Income": "14,360", "Tax Provision": "1,786", "Net Income Common Stockholders": "-1,103", "Diluted NI Available to Com Stockholders": "-1,103", "Basic EPS": "-", "Diluted EPS": "-", "Basic Average Shares": "-", "Diluted Average Shares": "-", "INTEREST_INCOME_AFTER_PROVISION_FOR_LOAN_LOSS": "195,572", "Net Income from Continuing & Discontinued Operation": "12,574", "Normalized Income": "36,024", "Reconciled Depreciation": "17,816", "Net Income from Continuing Operation Net Minority Interest": "12,574", "Total Unusual Items Excluding Goodwill": "-26,769", "Total Unusual Items": "-26,769", "Tax Rate for Calcs": "0", "Tax Effect of Unusual Items": "-3,319"}, "12/31/2019": {"Duration": "12/31/2019", "Total Revenue": "258,582", "Credit Losses Provision": "-35,727", "Non Interest Expense": "188,920", "Income from Associates & Other Participating Interests": "-1,694", "Special Income Charges": "-4,263", "Pretax Income": "27,978", "Tax Provision": "4,219", "Net Income Common Stockholders": "2,624", "Diluted NI Available to Com Stockholders": "2,624", "Basic EPS": "0.05", "Diluted EPS": "0.05", "Basic Average Shares": "50,622", "Diluted Average Shares": "50,725", "INTEREST_INCOME_AFTER_PROVISION_FOR_LOAN_LOSS": "212,436", "Net Income from Continuing & Discontinued Operation": "23,759", "Normalized Income": "27,378", "Reconciled Depreciation": "18,622", "Net Income from Continuing Operation Net Minority Interest": "23,759", "Total Unusual Items Excluding Goodwill": "-4,263", "Total Unusual Items": "-4,263", "Tax Rate for Calcs": "0", "Tax Effect of Unusual Items": "-643.713"}, "12/31/2018": {"Duration": "12/31/2018", "Total Revenue": "307,584", "Credit Losses Provision": "-27,727", "Non Interest Expense": "221,131", "Income from Associates & Other Participating Interests": "-5,044", "Special Income Charges": "-6,691", "Pretax Income": "46,991", "Tax Provision": "4,844", "Net Income Common Stockholders": "22,850", "Diluted NI Available to Com Stockholders": "22,850", "Basic EPS": "0.45", "Diluted EPS": "0.45", "Basic Average Shares": "50,623", "Diluted Average Shares": "50,852", "INTEREST_INCOME_AFTER_PROVISION_FOR_LOAN_LOSS": "258,349", "Net Income from Continuing & Discontinued Operation": "45,472", "Normalized Income": "48,149", "Reconciled Depreciation": "13,885", "Net Income from Continuing Operation Net Minority Interest": "42,147", "Total Unusual Items Excluding Goodwill": "-6,691", "Total Unusual Items": "-6,691", "Tax Rate for Calcs": "0", "Tax Effect of Unusual Items": "-689.173"}}, "bs": {"12/31/2020": {"Duration": "12/31/2020", "Total Assets": "7,877,334", "Total Liabilities Net Minority Interest": "6,980,127", "Total Equity Gross Minority Interest": "897,207", "Total Capitalization": "1,693,317", "Preferred Stock Equity": "184,878", "Common Stock Equity": "712,329", "Capital Lease Obligations": "20,647", "Net Tangible Assets": "857,430", "Invested Capital": "1,508,439", "Tangible Book Value": "672,552", "Total Debt": "816,757", "Net Debt": "575,291", "Share Issued": "52,656", "Ordinary Shares Number": "50,245", "Preferred Shares Number": "7,679", "Treasury Shares Number": "2,411"}, "12/31/2019": {"Duration": "12/31/2019", "Total Assets": "7,828,410", "Total Liabilities Net Minority Interest": "6,921,165", "Total Equity Gross Minority Interest": "907,245", "Total Capitalization": "2,275,666", "Preferred Stock Equity": "189,825", "Common Stock Equity": "717,420", "Capital Lease Obligations": "23,692", "Net Tangible Assets": "865,950", "Invested Capital": "2,085,841", "Tangible Book Value": "676,125", "Total Debt": "1,392,113", "Net Debt": "994,949", "Share Issued": "52,474", "Ordinary Shares Number": "50,891", "Preferred Shares Number": "7,884", "Treasury Shares Number": "1,583"}, "12/31/2018": {"Duration": "12/31/2018", "Total Assets": "10,630,067", "Total Liabilities Net Minority Interest": "9,684,533", "Total Equity Gross Minority Interest": "945,534", "Total Capitalization": "2,638,708", "Preferred Stock Equity": "231,128", "Common Stock Equity": "714,406", "Capital Lease Obligations": "-", "Net Tangible Assets": "898,616", "Invested Capital": "2,407,580", "Tangible Book Value": "667,488", "Total Debt": "1,693,174", "Net Debt": "1,301,582", "Share Issued": "52,233", "Ordinary Shares Number": "50,649", "Preferred Shares Number": "9,600", "Treasury Shares Number": "1,583"}}, "cf": {"TTM": {"Duration": "TTM", "Operating Cash Flow": "-", "Investing Cash Flow": "-", "Financing Cash Flow": "-", "End Cash Position": "-", "Income Tax Paid Supplemental Data": "-", "Interest Paid Supplemental Data": "-", "Capital Expenditure": "-", "Issuance of Capital Stock": "-", "Issuance of Debt": "-", "Repayment of Debt": "-", "Repurchase of Capital Stock": "-", "Free Cash Flow": "-"}, "12/31/2020": {"Duration": "12/31/2020", "Operating Cash Flow": "74,862", "Investing Cash Flow": "-266,915", "Financing Cash Flow": "39,400", "End Cash Position": "220,819", "Income Tax Paid Supplemental Data": "762", "Interest Paid Supplemental Data": "66,014", "Capital Expenditure": "-5,092", "Issuance of Capital Stock": "-", "Issuance of Debt": "193,570", "Repayment of Debt": "-760,000", "Repurchase of Capital Stock": "-16,420", "Free Cash Flow": "69,770"}, "12/31/2019": {"Duration": "12/31/2019", "Operating Cash Flow": "80,255", "Investing Cash Flow": "2,795,307", "Financing Cash Flow": "-2,893,682", "End Cash Position": "373,472", "Income Tax Paid Supplemental Data": "2,924", "Interest Paid Supplemental Data": "151,508", "Capital Expenditure": "-10,478", "Issuance of Capital Stock": "-", "Issuance of Debt": "0", "Repayment of Debt": "-325,000", "Repurchase of Capital Stock": "-46,396", "Free Cash Flow": "69,777"}, "12/31/2018": {"Duration": "12/31/2018", "Operating Cash Flow": "123,003", "Investing Cash Flow": "-469,746", "Financing Cash Flow": "350,636", "End Cash Position": "391,592", "Income Tax Paid Supplemental Data": "8,324", "Interest Paid Supplemental Data": "130,793", "Capital Expenditure": "-9,001", "Issuance of Capital Stock": "0", "Issuance of Debt": "380,000", "Repayment of Debt": "-125,000", "Repurchase of Capital Stock": "-40,250", "Free Cash Flow": "114,002"}}}}, {"WABC": {"quote": {"04/24/2021": {"value": "64.80", "Market Cap": "1.709B", "Beta (5Y Monthly)": "0.69", "PE Ratio (TTM)": "20.90", "EPS (TTM)": "3.10", "Earnings Date": "Jul 14, 2021 - Jul 19, 2021", "Forward Dividend & Yield": "1.64 (2.53%)", "Ex-Dividend Date": "Feb 05, 2021", "1y Target Est": "69.00"}}, "fin": {"TTM": {"Duration": "TTM", "Total Revenue": "206,966", "Credit Losses Provision": "0", "Non Interest Expense": "98,808", "Special Income Charges": "-", "Pretax Income": "111,694", "Tax Provision": "28,096", "Net Income Common Stockholders": "83,598", "Diluted NI Available to Com Stockholders": "83,598", "Basic EPS": "-", "Diluted EPS": "-", "Basic Average Shares": "-", "Diluted Average Shares": "-", "INTEREST_INCOME_AFTER_PROVISION_FOR_LOAN_LOSS": "166,324", "Net Income from Continuing & Discontinued Operation": "83,598", "Normalized Income": "80,951", "Reconciled Depreciation": "283", "Net Income from Continuing Operation Net Minority Interest": "83,598", "Total Unusual Items Excluding Goodwill": "3,536", "Total Unusual Items": "3,536", "Tax Rate for Calcs": "0", "Tax Effect of Unusual Items": "889.461"}, "12/31/2020": {"Duration": "12/31/2020", "Total Revenue": "206,133", "Credit Losses Provision": "-4,300", "Non Interest Expense": "98,566", "Special Income Charges": "3,536", "Pretax Income": "106,803", "Tax Provision": "26,390", "Net Income Common Stockholders": "80,413", "Diluted NI Available to Com Stockholders": "80,413", "Basic EPS": "-", "Diluted EPS": "-", "Basic Average Shares": "-", "Diluted Average Shares": "-", "INTEREST_INCOME_AFTER_PROVISION_FOR_LOAN_LOSS": "159,732", "Net Income from Continuing & Discontinued Operation": "80,413", "Normalized Income": "77,751", "Reconciled Depreciation": "22,647", "Net Income from Continuing Operation Net Minority Interest": "80,413", "Total Unusual Items Excluding Goodwill": "3,536", "Total Unusual Items": "3,536", "Tax Rate for Calcs": "0", "Tax Effect of Unusual Items": "873.7118"}, "12/31/2019": {"Duration": "12/31/2019", "Total Revenue": "204,202", "Credit Losses Provision": "0", "Non Interest Expense": "98,986", "Special Income Charges": "-", "Pretax Income": "105,216", "Tax Provision": "24,827", "Net Income Common Stockholders": "80,389", "Diluted NI Available to Com Stockholders": "80,389", "Basic EPS": "2.98", "Diluted EPS": "2.98", "Basic Average Shares": "26,956", "Diluted Average Shares": "27,006", "INTEREST_INCOME_AFTER_PROVISION_FOR_LOAN_LOSS": "156,794", "Net Income from Continuing & Discontinued Operation": "80,389", "Normalized Income": "80,389", "Reconciled Depreciation": "20,626", "Net Income from Continuing Operation Net Minority Interest": "80,389", "Total Unusual Items Excluding Goodwill": "-", "Total Unusual Items": "-", "Tax Rate for Calcs": "0", "Tax Effect of Unusual Items": "0"}, "12/31/2018": {"Duration": "12/31/2018", "Total Revenue": "197,913", "Credit Losses Provision": "0", "Non Interest Expense": "106,916", "Special Income Charges": "-", "Pretax Income": "90,997", "Tax Provision": "19,433", "Net Income Common Stockholders": "71,564", "Diluted NI Available to Com Stockholders": "71,564", "Basic EPS": "2.69", "Diluted EPS": "2.67", "Basic Average Shares": "26,649", "Diluted Average Shares": "26,756", "INTEREST_INCOME_AFTER_PROVISION_FOR_LOAN_LOSS": "149,764", "Net Income from Continuing & Discontinued Operation": "71,564", "Normalized Income": "71,564", "Reconciled Depreciation": "24,402", "Net Income from Continuing Operation Net Minority Interest": "71,564", "Total Unusual Items Excluding Goodwill": "-", "Total Unusual Items": "-", "Tax Rate for Calcs": "0", "Tax Effect of Unusual Items": "0"}}, "bs": {"12/31/2020": {"Duration": "12/31/2020", "Total Assets": "6,747,931", "Total Liabilities Net Minority Interest": "5,903,122", "Total Equity Gross Minority Interest": "844,809", "Common Stock Equity": "844,809", "Capital Lease Obligations": "18,832", "Net Tangible Assets": "722,032", "Invested Capital": "947,354", "Tangible Book Value": "722,032", "Total Debt": "18,832", "Share Issued": "26,807", "Ordinary Shares Number": "26,807"}, "12/31/2019": {"Duration": "12/31/2019", "Total Assets": "5,619,555", "Total Liabilities Net Minority Interest": "4,888,138", "Total Equity Gross Minority Interest": "731,417", "Common Stock Equity": "731,417", "Capital Lease Obligations": "17,136", "Net Tangible Assets": "608,353", "Invested Capital": "762,345", "Tangible Book Value": "608,353", "Total Debt": "48,064", "Share Issued": "27,062", "Ordinary Shares Number": "27,062"}, "12/31/2018": {"Duration": "12/31/2018", "Total Assets": "5,568,526", "Total Liabilities Net Minority Interest": "4,952,935", "Total Equity Gross Minority Interest": "615,591", "Common Stock Equity": "615,591", "Capital Lease Obligations": "-", "Net Tangible Assets": "491,989", "Invested Capital": "666,838", "Tangible Book Value": "491,989", "Total Debt": "51,247", "Share Issued": "26,730", "Ordinary Shares Number": "26,730"}}, "cf": {"TTM": {"Duration": "TTM", "Operating Cash Flow": "-", "Investing Cash Flow": "-", "Financing Cash Flow": "-", "End Cash Position": "-", "Income Tax Paid Supplemental Data": "-", "Interest Paid Supplemental Data": "-", "Capital Expenditure": "-", "Repayment of Debt": "-", "Repurchase of Capital Stock": "-", "Free Cash Flow": "-"}, "12/31/2020": {"Duration": "12/31/2020", "Operating Cash Flow": "107,744", "Investing Cash Flow": "-748,922", "Financing Cash Flow": "889,032", "End Cash Position": "621,275", "Income Tax Paid Supplemental Data": "26,462", "Interest Paid Supplemental Data": "1,830", "Capital Expenditure": "-2,200", "Repayment of Debt": "-", "Repurchase of Capital Stock": "-16,496", "Free Cash Flow": "105,544"}, "12/31/2019": {"Duration": "12/31/2019", "Operating Cash Flow": "80,702", "Investing Cash Flow": "-22,297", "Financing Cash Flow": "-105,268", "End Cash Position": "373,421", "Income Tax Paid Supplemental Data": "24,491", "Interest Paid Supplemental Data": "1,898", "Capital Expenditure": "-3,994", "Repayment of Debt": "-20,319", "Repurchase of Capital Stock": "-488", "Free Cash Flow": "76,708"}, "12/31/2018": {"Duration": "12/31/2018", "Operating Cash Flow": "96,629", "Investing Cash Flow": "-253,563", "Financing Cash Flow": "2,216", "End Cash Position": "420,284", "Income Tax Paid Supplemental Data": "13,627", "Interest Paid Supplemental Data": "1,932", "Capital Expenditure": "-3,123", "Repayment of Debt": "-", "Repurchase of Capital Stock": "-524", "Free Cash Flow": "93,506"}}}}, {"PPBI": {"quote": {"04/24/2021": {"value": "43.89", "Market Cap": "3.982B", "Beta (5Y Monthly)": "1.40", "PE Ratio (TTM)": "58.52", "EPS (TTM)": "0.75", "Earnings Date": "Apr 27, 2021", "Forward Dividend & Yield": "1.20 (2.88%)", "Ex-Dividend Date": "Feb 04, 2021", "1y Target Est": "45.33"}}, "fin": {"TTM": {"Duration": "TTM", "Total Revenue": "622,305", "Credit Losses Provision": "-191,816", "Non Interest Expense": "308,759", "Special Income Charges": "-49,129", "Pretax Income": "72,601", "Tax Provision": "12,250", "Net Income Common Stockholders": "59,553", "Diluted NI Available to Com Stockholders": "59,553", "Basic EPS": "-", "Diluted EPS": "-", "Basic Average Shares": "-", "Diluted Average Shares": "-", "INTEREST_INCOME_AFTER_PROVISION_FOR_LOAN_LOSS": "382,395", "Net Income from Continuing & Discontinued Operation": "60,351", "Normalized Income": "101,177", "Reconciled Depreciation": "30,421", "Net Income from Continuing Operation Net Minority Interest": "60,351", "Total Unusual Items Excluding Goodwill": "-49,129", "Total Unusual Items": "-49,129", "Tax Rate for Calcs": "0", "Tax Effect of Unusual Items": "-8,303"}, "12/31/2020": {"Duration": "12/31/2020", "Total Revenue": "622,305", "Credit Losses Provision": "-191,816", "Non Interest Expense": "308,759", "Special Income Charges": "-49,129", "Pretax Income": "72,601", "Tax Provision": "12,250", "Net Income Common Stockholders": "59,553", "Diluted NI Available to Com Stockholders": "59,553", "Basic EPS": "-", "Diluted EPS": "-", "Basic Average Shares": "-", "Diluted Average Shares": "-", "INTEREST_INCOME_AFTER_PROVISION_FOR_LOAN_LOSS": "382,395", "Net Income from Continuing & Discontinued Operation": "60,351", "Normalized Income": "101,177", "Reconciled Depreciation": "30,421", "Net Income from Continuing Operation Net Minority Interest": "60,351", "Total Unusual Items Excluding Goodwill": "-49,129", "Total Unusual Items": "-49,129", "Tax Rate for Calcs": "0", "Tax Effect of Unusual Items": "-8,303"}, "12/31/2019": {"Duration": "12/31/2019", "Total Revenue": "463,192", "Credit Losses Provision": "-5,719", "Non Interest Expense": "239,064", "Special Income Charges": "-656", "Pretax Income": "217,753", "Tax Provision": "58,035", "Net Income Common Stockholders": "158,068", "Diluted NI Available to Com Stockholders": "158,068", "Basic EPS": "2.62", "Diluted EPS": "2.60", "Basic Average Shares": "60,340", "Diluted Average Shares": "60,692", "INTEREST_INCOME_AFTER_PROVISION_FOR_LOAN_LOSS": "441,582", "Net Income from Continuing & Discontinued Operation": "159,718", "Normalized Income": "160,199", "Reconciled Depreciation": "27,060", "Net Income from Continuing Operation Net Minority Interest": "159,718", "Total Unusual Items Excluding Goodwill": "-656", "Total Unusual Items": "-656", "Tax Rate for Calcs": "0", "Tax Effect of Unusual Items": "-175.152"}, "12/31/2018": {"Duration": "12/31/2018", "Total Revenue": "410,452", "Credit Losses Provision": "-8,253", "Non Interest Expense": "218,165", "Special Income Charges": "-18,454", "Pretax Income": "165,580", "Tax Provision": "42,240", "Net Income Common Stockholders": "123,340", "Diluted NI Available to Com Stockholders": "123,340", "Basic EPS": "2.29", "Diluted EPS": "2.26", "Basic Average Shares": "53,963", "Diluted Average Shares": "54,613", "INTEREST_INCOME_AFTER_PROVISION_FOR_LOAN_LOSS": "384,458", "Net Income from Continuing & Discontinued Operation": "123,340", "Normalized Income": "137,088", "Reconciled Depreciation": "21,367", "Net Income from Continuing Operation Net Minority Interest": "123,340", "Total Unusual Items Excluding Goodwill": "-18,454", "Total Unusual Items": "-18,454", "Tax Rate for Calcs": "0", "Tax Effect of Unusual Items": "-4,706"}}, "bs": {"12/31/2020": {"Duration": "12/31/2020", "Total Assets": "19,736,544", "Total Liabilities Net Minority Interest": "16,989,895", "Total Equity Gross Minority Interest": "2,746,649", "Total Capitalization": "3,279,160", "Common Stock Equity": "2,746,649", "Net Tangible Assets": "1,762,573", "Invested Capital": "3,279,160", "Tangible Book Value": "1,762,573", "Total Debt": "532,511", "Net Debt": "-", "Share Issued": "94,483", "Ordinary Shares Number": "94,483"}, "12/31/2019": {"Duration": "12/31/2019", "Total Assets": "11,776,012", "Total Liabilities Net Minority Interest": "9,763,418", "Total Equity Gross Minority Interest": "2,012,594", "Total Capitalization": "2,744,765", "Common Stock Equity": "2,012,594", "Net Tangible Assets": "1,120,960", "Invested Capital": "2,744,765", "Tangible Book Value": "1,120,960", "Total Debt": "732,171", "Net Debt": "402,613", "Share Issued": "59,506", "Ordinary Shares Number": "59,506"}, "12/31/2018": {"Duration": "12/31/2018", "Total Assets": "11,487,387", "Total Liabilities Net Minority Interest": "9,517,690", "Total Equity Gross Minority Interest": "1,969,697", "Total Capitalization": "2,747,616", "Common Stock Equity": "1,969,697", "Net Tangible Assets": "1,060,415", "Invested Capital": "2,747,616", "Tangible Book Value": "1,060,415", "Total Debt": "777,919", "Net Debt": "568,370", "Share Issued": "62,481", "Ordinary Shares Number": "62,481"}}, "cf": {"TTM": {"Duration": "TTM", "Operating Cash Flow": "212,298", "Investing Cash Flow": "570,483", "Financing Cash Flow": "-228,865", "End Cash Position": "880,766", "Income Tax Paid Supplemental Data": "36,158", "Interest Paid Supplemental Data": "57,020", "Capital Expenditure": "-11,408", "Issuance of Debt": "147,359", "Repayment of Debt": "-5,000", "Repurchase of Capital Stock": "-1,653", "Free Cash Flow": "200,890"}, "12/31/2020": {"Duration": "12/31/2020", "Operating Cash Flow": "212,298", "Investing Cash Flow": "570,483", "Financing Cash Flow": "-228,865", "End Cash Position": "880,766", "Income Tax Paid Supplemental Data": "36,158", "Interest Paid Supplemental Data": "57,020", "Capital Expenditure": "-11,408", "Issuance of Debt": "147,359", "Repayment of Debt": "-5,000", "Repurchase of Capital Stock": "-1,653", "Free Cash Flow": "200,890"}, "12/31/2019": {"Duration": "12/31/2019", "Operating Cash Flow": "182,690", "Investing Cash Flow": "-98,251", "Financing Cash Flow": "39,005", "End Cash Position": "326,850", "Income Tax Paid Supplemental Data": "52,093", "Interest Paid Supplemental Data": "79,386", "Capital Expenditure": "-18,834", "Issuance of Debt": "122,453", "Repayment of Debt": "-54,058", "Repurchase of Capital Stock": "-103,285", "Free Cash Flow": "163,856"}, "12/31/2018": {"Duration": "12/31/2018", "Operating Cash Flow": "298,688", "Investing Cash Flow": "-239,690", "Financing Cash Flow": "-52,756", "End Cash Position": "203,406", "Income Tax Paid Supplemental Data": "32,296", "Interest Paid Supplemental Data": "53,960", "Capital Expenditure": "-10,295", "Issuance of Debt": "0", "Repayment of Debt": "-10,500", "Repurchase of Capital Stock": "-1,669", "Free Cash Flow": "288,393"}}}}, {"CATY": {"quote": {"04/24/2021": {"value": "41.24", "Market Cap": "3.207B", "Beta (5Y Monthly)": "1.54", "PE Ratio (TTM)": "14.37", "EPS (TTM)": "2.87", "Earnings Date": "Apr 26, 2021", "Forward Dividend & Yield": "1.24 (3.01%)", "Ex-Dividend Date": "Feb 26, 2021", "1y Target Est": "43.60"}}, "fin": {"TTM": {"Duration": "TTM", "Total Revenue": "594,930", "Credit Losses Provision": "-57,500", "Non Interest Expense": "224,547", "Income from Associates & Other Participating Interests": "-58,225", "Special Income Charges": "-693", "Pretax Income": "253,965", "Tax Provision": "25,105", "Net Income Common Stockholders": "228,860", "Diluted NI Available to Com Stockholders": "228,860", "Basic EPS": "-", "Diluted EPS": "-", "Basic Average Shares": "-", "Diluted Average Shares": "-", "INTEREST_INCOME_AFTER_PROVISION_FOR_LOAN_LOSS": "494,610", "Net Income from Continuing & Discontinued Operation": "228,860", "Normalized Income": "229,484", "Total Money Market Investments": "1,830", "Reconciled Depreciation": "16,512", "Net Income from Continuing Operation Net Minority Interest": "228,860", "Total Unusual Items Excluding Goodwill": "-693", "Total Unusual Items": "-693", "Tax Rate for Calcs": "0", "Tax Effect of Unusual Items": "-68.5377"}, "12/31/2020": {"Duration": "12/31/2020", "Total Revenue": "594,930", "Credit Losses Provision": "-57,500", "Non Interest Expense": "224,547", "Income from Associates & Other Participating Interests": "-58,225", "Special Income Charges": "-693", "Pretax Income": "253,965", "Tax Provision": "25,105", "Net Income Common Stockholders": "228,860", "Diluted NI Available to Com Stockholders": "228,860", "Basic EPS": "-", "Diluted EPS": "-", "Basic Average Shares": "-", "Diluted Average Shares": "-", "INTEREST_INCOME_AFTER_PROVISION_FOR_LOAN_LOSS": "494,610", "Net Income from Continuing & Discontinued Operation": "228,860", "Normalized Income": "229,484", "Total Money Market Investments": "1,830", "Reconciled Depreciation": "16,512", "Net Income from Continuing Operation Net Minority Interest": "228,860", "Total Unusual Items Excluding Goodwill": "-693", "Total Unusual Items": "-693", "Tax Rate for Calcs": "0", "Tax Effect of Unusual Items": "-68.5377"}, "12/31/2019": {"Duration": "12/31/2019", "Total Revenue": "619,657", "Credit Losses Provision": "7,000", "Non Interest Expense": "237,557", "Income from Associates & Other Participating Interests": "-39,731", "Special Income Charges": "0", "Pretax Income": "349,369", "Tax Provision": "70,234", "Net Income Common Stockholders": "279,135", "Diluted NI Available to Com Stockholders": "279,135", "Basic EPS": "3.49", "Diluted EPS": "3.48", "Basic Average Shares": "80,000", "Diluted Average Shares": "80,248", "INTEREST_INCOME_AFTER_PROVISION_FOR_LOAN_LOSS": "581,906", "Net Income from Continuing & Discontinued Operation": "279,135", "Normalized Income": "279,135", "Total Money Market Investments": "5,404", "Reconciled Depreciation": "15,122", "Net Income from Continuing Operation Net Minority Interest": "279,135", "Total Unusual Items Excluding Goodwill": "0", "Total Unusual Items": "0", "Tax Rate for Calcs": "0", "Tax Effect of Unusual Items": "0"}, "12/31/2018": {"Duration": "12/31/2018", "Total Revenue": "597,266", "Credit Losses Provision": "4,500", "Non Interest Expense": "221,799", "Income from Associates & Other Participating Interests": "-40,515", "Special Income Charges": "-1,765", "Pretax Income": "337,687", "Tax Provision": "65,802", "Net Income Common Stockholders": "271,885", "Diluted NI Available to Com Stockholders": "271,885", "Basic EPS": "3.35", "Diluted EPS": "3.34", "Basic Average Shares": "81,131", "Diluted Average Shares": "81,607", "INTEREST_INCOME_AFTER_PROVISION_FOR_LOAN_LOSS": "570,399", "Net Income from Continuing & Discontinued Operation": "271,885", "Normalized Income": "273,306", "Total Money Market Investments": "5,209", "Reconciled Depreciation": "7,314", "Net Income from Continuing Operation Net Minority Interest": "271,885", "Total Unusual Items Excluding Goodwill": "-1,765", "Total Unusual Items": "-1,765", "Tax Rate for Calcs": "0", "Tax Effect of Unusual Items": "-343.9985"}}, "bs": {"12/31/2020": {"Duration": "12/31/2020", "Total Assets": "19,043,134", "Total Liabilities Net Minority Interest": "16,624,990", "Total Equity Gross Minority Interest": "2,418,144", "Total Capitalization": "2,710,994", "Common Stock Equity": "2,418,144", "Capital Lease Obligations": "33,484", "Net Tangible Assets": "2,040,521", "Invested Capital": "2,710,994", "Tangible Book Value": "2,040,521", "Total Debt": "326,334", "Net Debt": "-", "Share Issued": "90,643", "Ordinary Shares Number": "79,508", "Treasury Shares Number": "11,135"}, "12/31/2019": {"Duration": "12/31/2019", "Total Assets": "18,094,144", "Total Liabilities Net Minority Interest": "15,799,861", "Total Equity Gross Minority Interest": "2,294,283", "Total Capitalization": "3,112,441", "Common Stock Equity": "2,294,283", "Capital Lease Obligations": "35,873", "Net Tangible Assets": "1,915,798", "Invested Capital": "3,138,124", "Tangible Book Value": "1,915,798", "Total Debt": "879,714", "Net Debt": "250,063", "Share Issued": "90,064", "Ordinary Shares Number": "79,729", "Treasury Shares Number": "10,335"}, "12/31/2018": {"Duration": "12/31/2018", "Total Assets": "16,784,737", "Total Liabilities Net Minority Interest": "14,662,871", "Total Equity Gross Minority Interest": "2,121,866", "Total Capitalization": "2,839,862", "Common Stock Equity": "2,121,866", "Capital Lease Obligations": "-", "Net Tangible Assets": "1,742,483", "Invested Capital": "2,858,612", "Tangible Book Value": "1,742,483", "Total Debt": "736,746", "Net Debt": "136,456", "Share Issued": "89,826", "Ordinary Shares Number": "80,502", "Treasury Shares Number": "9,324"}}, "cf": {"TTM": {"Duration": "TTM", "Operating Cash Flow": "319,955", "Investing Cash Flow": "-242,204", "Financing Cash Flow": "749,549", "End Cash Position": "1,421,078", "Income Tax Paid Supplemental Data": "45,371", "Interest Paid Supplemental Data": "162,434", "Capital Expenditure": "-5,778", "Issuance of Capital Stock": "9,777", "Issuance of Debt": "1,450,000", "Repayment of Debt": "-2,003,346", "Repurchase of Capital Stock": "-23,593", "Free Cash Flow": "314,177"}, "12/31/2020": {"Duration": "12/31/2020", "Operating Cash Flow": "319,955", "Investing Cash Flow": "-242,204", "Financing Cash Flow": "749,549", "End Cash Position": "1,421,078", "Income Tax Paid Supplemental Data": "45,371", "Interest Paid Supplemental Data": "162,434", "Capital Expenditure": "-5,778", "Issuance of Capital Stock": "9,777", "Issuance of Debt": "1,450,000", "Repayment of Debt": "-2,003,346", "Repurchase of Capital Stock": "-23,593", "Free Cash Flow": "314,177"}, "12/31/2019": {"Duration": "12/31/2019", "Operating Cash Flow": "434,979", "Investing Cash Flow": "-1,381,674", "Financing Cash Flow": "940,183", "End Cash Position": "593,778", "Income Tax Paid Supplemental Data": "61,548", "Interest Paid Supplemental Data": "182,527", "Capital Expenditure": "-7,133", "Issuance of Capital Stock": "3,366", "Issuance of Debt": "4,380,683", "Repayment of Debt": "-4,296,065", "Repurchase of Capital Stock": "-36,301", "Free Cash Flow": "427,846"}, "12/31/2018": {"Duration": "12/31/2018", "Operating Cash Flow": "336,538", "Investing Cash Flow": "-1,134,327", "Financing Cash Flow": "863,278", "End Cash Position": "600,290", "Income Tax Paid Supplemental Data": "65,866", "Interest Paid Supplemental Data": "116,524", "Capital Expenditure": "-6,670", "Issuance of Capital Stock": "2,822", "Issuance of Debt": "5,130,000", "Repayment of Debt": "-5,053,040", "Repurchase of Capital Stock": "-42,648", "Free Cash Flow": "329,868"}}}}, {"TBNK": {"quote": {"04/24/2021": {"value": "26.00", "Market Cap": "245.077M", "Beta (5Y Monthly)": "0.58", "PE Ratio (TTM)": "12.94", "EPS (TTM)": "2.01", "Earnings Date": "Apr 28, 2021 - May 03, 2021", "Forward Dividend & Yield": "0.92 (3.54%)", "Ex-Dividend Date": "Feb 10, 2021", "1y Target Est": "29.00"}}, "fin": {"TTM": {"Duration": "TTM", "Total Revenue": "64,370", "Credit Losses Provision": "-1,625", "Non Interest Expense": "37,425", "Pretax Income": "25,320", "Tax Provision": "6,715", "Net Income Common Stockholders": "18,527", "Diluted NI Available to Com Stockholders": "18,527", "Basic EPS": "-", "Diluted EPS": "-", "Basic Average Shares": "-", "Diluted Average Shares": "-", "INTEREST_INCOME_AFTER_PROVISION_FOR_LOAN_LOSS": "55,941", "Net Income from Continuing & Discontinued Operation": "18,605", "Normalized Income": "18,605", "Reconciled Depreciation": "4,513", "Net Income from Continuing Operation Net Minority Interest": "18,605", "Tax Rate for Calcs": "0", "Tax Effect of Unusual Items": "0"}, "12/31/2020": {"Duration": "12/31/2020", "Total Revenue": "64,370", "Credit Losses Provision": "-1,625", "Non Interest Expense": "37,425", "Pretax Income": "25,320", "Tax Provision": "6,715", "Net Income Common Stockholders": "18,527", "Diluted NI Available to Com Stockholders": "18,527", "Basic EPS": "2.03", "Diluted EPS": "2.01", "Basic Average Shares": "9,137", "Diluted Average Shares": "9,197", "INTEREST_INCOME_AFTER_PROVISION_FOR_LOAN_LOSS": "55,941", "Net Income from Continuing & Discontinued Operation": "18,605", "Normalized Income": "18,605", "Reconciled Depreciation": "4,513", "Net Income from Continuing Operation Net Minority Interest": "18,605", "Tax Rate for Calcs": "0", "Tax Effect of Unusual Items": "0"}, "12/31/2019": {"Duration": "12/31/2019", "Total Revenue": "66,373", "Credit Losses Provision": "-61", "Non Interest Expense": "38,006", "Pretax Income": "28,306", "Tax Provision": "6,311", "Net Income Common Stockholders": "21,846", "Diluted NI Available to Com Stockholders": "21,846", "Basic EPS": "2.38", "Diluted EPS": "2.34", "Basic Average Shares": "9,197", "Diluted Average Shares": "9,326", "INTEREST_INCOME_AFTER_PROVISION_FOR_LOAN_LOSS": "58,480", "Net Income from Continuing & Discontinued Operation": "21,995", "Normalized Income": "21,995", "Reconciled Depreciation": "3,932", "Net Income from Continuing Operation Net Minority Interest": "21,995", "Tax Rate for Calcs": "0", "Tax Effect of Unusual Items": "0"}, "12/31/2018": {"Duration": "12/31/2018", "Total Revenue": "62,936", "Credit Losses Provision": "-119", "Non Interest Expense": "37,494", "Pretax Income": "25,323", "Tax Provision": "6,111", "Net Income Common Stockholders": "19,122", "Diluted NI Available to Com Stockholders": "19,122", "Basic EPS": "2.07", "Diluted EPS": "2.03", "Basic Average Shares": "9,219", "Diluted Average Shares": "9,400", "INTEREST_INCOME_AFTER_PROVISION_FOR_LOAN_LOSS": "59,653", "Net Income from Continuing & Discontinued Operation": "19,212", "Normalized Income": "19,212", "Reconciled Depreciation": "1,255", "Net Income from Continuing Operation Net Minority Interest": "19,212", "Tax Rate for Calcs": "0", "Tax Effect of Unusual Items": "0"}}, "bs": {"12/31/2020": {"Duration": "12/31/2020", "Total Assets": "2,110,799", "Total Liabilities Net Minority Interest": "1,862,091", "Total Equity Gross Minority Interest": "248,708", "Total Capitalization": "389,708", "Common Stock Equity": "248,708", "Capital Lease Obligations": "13,119", "Net Tangible Assets": "248,708", "Invested Capital": "389,708", "Tangible Book Value": "248,708", "Total Debt": "154,119", "Net Debt": "-", "Share Issued": "9,514", "Ordinary Shares Number": "9,514"}, "12/31/2019": {"Duration": "12/31/2019", "Total Assets": "2,086,313", "Total Liabilities Net Minority Interest": "1,842,423", "Total Equity Gross Minority Interest": "243,890", "Total Capitalization": "399,890", "Common Stock Equity": "243,890", "Capital Lease Obligations": "12,183", "Net Tangible Assets": "243,890", "Invested Capital": "399,890", "Tangible Book Value": "243,890", "Total Debt": "168,183", "Net Debt": "111,194", "Share Issued": "9,681", "Ordinary Shares Number": "9,681"}, "12/31/2018": {"Duration": "12/31/2018", "Total Assets": "2,069,206", "Total Liabilities Net Minority Interest": "1,834,127", "Total Equity Gross Minority Interest": "235,079", "Total Capitalization": "377,279", "Common Stock Equity": "235,079", "Capital Lease Obligations": "-", "Net Tangible Assets": "235,079", "Invested Capital": "377,279", "Tangible Book Value": "235,079", "Total Debt": "142,200", "Net Debt": "95,137", "Share Issued": "9,646", "Ordinary Shares Number": "9,646"}}, "cf": {"TTM": {"Duration": "TTM", "Operating Cash Flow": "20,133", "Investing Cash Flow": "298,281", "Financing Cash Flow": "-533", "End Cash Position": "363,543", "Income Tax Paid Supplemental Data": "8,161", "Interest Paid Supplemental Data": "12,554", "Capital Expenditure": "-1,762", "Issuance of Capital Stock": "0", "Issuance of Debt": "0", "Repayment of Debt": "-15,000", "Repurchase of Capital Stock": "-5,000", "Free Cash Flow": "19,227"}, "12/31/2020": {"Duration": "12/31/2020", "Operating Cash Flow": "20,989", "Investing Cash Flow": "298,281", "Financing Cash Flow": "-533", "End Cash Position": "363,543", "Income Tax Paid Supplemental Data": "8,161", "Interest Paid Supplemental Data": "12,554", "Capital Expenditure": "-1,762", "Issuance of Capital Stock": "0", "Issuance of Debt": "0", "Repayment of Debt": "-15,000", "Repurchase of Capital Stock": "-5,000", "Free Cash Flow": "19,227"}, "12/31/2019": {"Duration": "12/31/2019", "Operating Cash Flow": "22,327", "Investing Cash Flow": "-6,037", "Financing Cash Flow": "-18,547", "End Cash Position": "44,806", "Income Tax Paid Supplemental Data": "4,947", "Interest Paid Supplemental Data": "16,873", "Capital Expenditure": "-718", "Issuance of Capital Stock": "170", "Issuance of Debt": "557,200", "Repayment of Debt": "-543,400", "Repurchase of Capital Stock": "-1,597", "Free Cash Flow": "21,609"}, "12/31/2018": {"Duration": "12/31/2018", "Operating Cash Flow": "21,626", "Investing Cash Flow": "-53,761", "Financing Cash Flow": "47,109", "End Cash Position": "47,063", "Income Tax Paid Supplemental Data": "2,787", "Interest Paid Supplemental Data": "13,862", "Capital Expenditure": "-363", "Issuance of Capital Stock": "-", "Issuance of Debt": "215,700", "Repayment of Debt": "-180,700", "Repurchase of Capital Stock": "-9,270", "Free Cash Flow": "21,263"}}}}, {"BSRR": {"quote": {"04/24/2021": {"value": "27.95", "Market Cap": "436.587M", "Beta (5Y Monthly)": "1.29", "PE Ratio (TTM)": "11.04", "EPS (TTM)": "2.53", "Earnings Date": "Jul 19, 2021 - Jul 23, 2021", "Forward Dividend & Yield": "0.84 (3.01%)", "Ex-Dividend Date": "Apr 28, 2021", "1y Target Est": "30.50"}}, "fin": {"TTM": {"Duration": "TTM", "Total Revenue": "127,115", "Credit Losses Provision": "-7,000", "Non Interest Expense": "69,003", "Income from Associates & Other Participating Interests": "-", "Special Income Charges": "-", "Pretax Income": "51,112", "Tax Provision": "12,397", "Net Income Common Stockholders": "38,715", "Diluted NI Available to Com Stockholders": "38,715", "Basic EPS": "-", "Diluted EPS": "-", "Basic Average Shares": "-", "Diluted Average Shares": "-", "INTEREST_INCOME_AFTER_PROVISION_FOR_LOAN_LOSS": "102,603", "Net Income from Continuing & Discontinued Operation": "38,715", "Normalized Income": "38,715", "Total Money Market Investments": "35", "Reconciled Depreciation": "-", "Net Income from Continuing Operation Net Minority Interest": "38,715", "Total Unusual Items Excluding Goodwill": "0", "Total Unusual Items": "0", "Tax Rate for Calcs": "0", "Tax Effect of Unusual Items": "0"}, "12/31/2020": {"Duration": "12/31/2020", "Total Revenue": "121,623", "Credit Losses Provision": "-8,550", "Non Interest Expense": "66,550", "Income from Associates & Other Participating Interests": "-", "Special Income Charges": "0", "Pretax Income": "46,523", "Tax Provision": "11,079", "Net Income Common Stockholders": "35,444", "Diluted NI Available to Com Stockholders": "35,444", "Basic EPS": "-", "Diluted EPS": "-", "Basic Average Shares": "-", "Diluted Average Shares": "-", "INTEREST_INCOME_AFTER_PROVISION_FOR_LOAN_LOSS": "96,285", "Net Income from Continuing & Discontinued Operation": "35,444", "Normalized Income": "35,444", "Total Money Market Investments": "156", "Reconciled Depreciation": "4,099", "Net Income from Continuing Operation Net Minority Interest": "35,444", "Total Unusual Items Excluding Goodwill": "0", "Total Unusual Items": "0", "Tax Rate for Calcs": "0", "Tax Effect of Unusual Items": "0"}, "12/31/2019": {"Duration": "12/31/2019", "Total Revenue": "112,209", "Credit Losses Provision": "-2,550", "Non Interest Expense": "61,919", "Income from Associates & Other Participating Interests": "-", "Special Income Charges": "-22", "Pretax Income": "47,718", "Tax Provision": "11,757", "Net Income Common Stockholders": "35,961", "Diluted NI Available to Com Stockholders": "35,961", "Basic EPS": "2.35", "Diluted EPS": "2.33", "Basic Average Shares": "15,311", "Diluted Average Shares": "15,437", "INTEREST_INCOME_AFTER_PROVISION_FOR_LOAN_LOSS": "94,819", "Net Income from Continuing & Discontinued Operation": "35,961", "Normalized Income": "35,978", "Total Money Market Investments": "376", "Reconciled Depreciation": "4,062", "Net Income from Continuing Operation Net Minority Interest": "35,961", "Total Unusual Items Excluding Goodwill": "-22", "Total Unusual Items": "-22", "Tax Rate for Calcs": "0", "Tax Effect of Unusual Items": "-5.412"}, "12/31/2018": {"Duration": "12/31/2018", "Total Revenue": "107,403", "Credit Losses Provision": "-4,350", "Non Interest Expense": "63,020", "Income from Associates & Other Participating Interests": "-2,561", "Special Income Charges": "-449", "Pretax Income": "39,584", "Tax Provision": "9,907", "Net Income Common Stockholders": "29,677", "Diluted NI Available to Com Stockholders": "29,677", "Basic EPS": "1.94", "Diluted EPS": "1.92", "Basic Average Shares": "15,262", "Diluted Average Shares": "15,432", "INTEREST_INCOME_AFTER_PROVISION_FOR_LOAN_LOSS": "88,044", "Net Income from Continuing & Discontinued Operation": "29,677", "Normalized Income": "30,014", "Total Money Market Investments": "238", "Reconciled Depreciation": "4,194", "Net Income from Continuing Operation Net Minority Interest": "29,677", "Total Unusual Items Excluding Goodwill": "-449", "Total Unusual Items": "-449", "Tax Rate for Calcs": "0", "Tax Effect of Unusual Items": "-112.25"}}, "bs": {"12/31/2020": {"Duration": "12/31/2020", "Total Assets": "3,220,742", "Total Liabilities Net Minority Interest": "2,876,846", "Total Equity Gross Minority Interest": "343,896", "Total Capitalization": "379,020", "Preferred Stock Equity": "-", "Common Stock Equity": "343,896", "Net Tangible Assets": "312,232", "Invested Capital": "521,920", "Tangible Book Value": "312,232", "Total Debt": "178,024", "Net Debt": "106,607", "Share Issued": "15,388", "Ordinary Shares Number": "15,388"}, "12/31/2019": {"Duration": "12/31/2019", "Total Assets": "2,593,819", "Total Liabilities Net Minority Interest": "2,284,534", "Total Equity Gross Minority Interest": "309,285", "Total Capitalization": "344,230", "Preferred Stock Equity": "113,179", "Common Stock Equity": "309,285", "Net Tangible Assets": "276,547", "Invested Capital": "364,230", "Tangible Book Value": "276,547", "Total Debt": "54,945", "Net Debt": "-", "Share Issued": "15,285", "Ordinary Shares Number": "15,285"}, "12/31/2018": {"Duration": "12/31/2018", "Total Assets": "2,522,502", "Total Liabilities Net Minority Interest": "2,249,478", "Total Equity Gross Minority Interest": "273,024", "Total Capitalization": "307,791", "Preferred Stock Equity": "-", "Common Stock Equity": "273,024", "Net Tangible Assets": "239,212", "Invested Capital": "363,891", "Tangible Book Value": "239,212", "Total Debt": "90,867", "Net Debt": "16,735", "Share Issued": "15,300", "Ordinary Shares Number": "15,300"}}, "cf": {"TTM": {"Duration": "TTM", "Operating Cash Flow": "-", "Investing Cash Flow": "-", "Financing Cash Flow": "-", "End Cash Position": "-", "Income Tax Paid Supplemental Data": "-", "Interest Paid Supplemental Data": "-", "Capital Expenditure": "-", "Repurchase of Capital Stock": "-", "Free Cash Flow": "-"}, "12/31/2020": {"Duration": "12/31/2020", "Operating Cash Flow": "40,027", "Investing Cash Flow": "-627,252", "Financing Cash Flow": "578,565", "End Cash Position": "71,417", "Income Tax Paid Supplemental Data": "14,490", "Interest Paid Supplemental Data": "6,007", "Capital Expenditure": "-2,916", "Repurchase of Capital Stock": "-2,562", "Free Cash Flow": "37,111"}, "12/31/2019": {"Duration": "12/31/2019", "Operating Cash Flow": "46,737", "Investing Cash Flow": "-53,290", "Financing Cash Flow": "12,498", "End Cash Position": "80,077", "Income Tax Paid Supplemental Data": "12,000", "Interest Paid Supplemental Data": "13,769", "Capital Expenditure": "-783", "Repurchase of Capital Stock": "-2,544", "Free Cash Flow": "45,954"}, "12/31/2018": {"Duration": "12/31/2018", "Operating Cash Flow": "30,446", "Investing Cash Flow": "-188,188", "Financing Cash Flow": "161,737", "End Cash Position": "74,132", "Income Tax Paid Supplemental Data": "11,300", "Interest Paid Supplemental Data": "8,707", "Capital Expenditure": "-3,123", "Repurchase of Capital Stock": "0", "Free Cash Flow": "27,323"}}}}, {"PFBC": {"quote": {"04/24/2021": {"value": "67.28", "Market Cap": "975.95M", "Beta (5Y Monthly)": "1.54", "PE Ratio (TTM)": "14.47", "EPS (TTM)": "4.65", "Earnings Date": "Jul 19, 2021 - Jul 23, 2021", "Forward Dividend & Yield": "1.52 (2.26%)", "Ex-Dividend Date": "Apr 06, 2021", "1y Target Est": "75.17"}}, "fin": {"TTM": {"Duration": "TTM", "Total Revenue": "180,211", "Credit Losses Provision": "-26,000", "Non Interest Expense": "57,352", "Pretax Income": "96,859", "Tax Provision": "27,391", "Net Income Common Stockholders": "69,274", "Average Dilution Earnings": "-", "Diluted NI Available to Com Stockholders": "69,274", "Basic EPS": "-", "Diluted EPS": "-", "Basic Average Shares": "-", "Diluted Average Shares": "-", "INTEREST_INCOME_AFTER_PROVISION_FOR_LOAN_LOSS": "148,154", "Net Income from Continuing & Discontinued Operation": "69,468", "Normalized Income": "69,472", "Total Money Market Investments": "215", "Reconciled Depreciation": "1,909", "Net Income from Continuing Operation Net Minority Interest": "69,468", "Total Unusual Items Excluding Goodwill": "-6", "Total Unusual Items": "-6", "Tax Rate for Calcs": "0", "Tax Effect of Unusual Items": "-1.698"}, "12/31/2020": {"Duration": "12/31/2020", "Total Revenue": "180,211", "Credit Losses Provision": "-26,000", "Non Interest Expense": "57,352", "Pretax Income": "96,859", "Tax Provision": "27,391", "Net Income Common Stockholders": "69,274", "Average Dilution Earnings": "-", "Diluted NI Available to Com Stockholders": "69,274", "Basic EPS": "-", "Diluted EPS": "-", "Basic Average Shares": "-", "Diluted Average Shares": "-", "INTEREST_INCOME_AFTER_PROVISION_FOR_LOAN_LOSS": "148,154", "Net Income from Continuing & Discontinued Operation": "69,468", "Normalized Income": "69,472", "Total Money Market Investments": "215", "Reconciled Depreciation": "1,909", "Net Income from Continuing Operation Net Minority Interest": "69,468", "Total Unusual Items Excluding Goodwill": "-6", "Total Unusual Items": "-6", "Tax Rate for Calcs": "0", "Tax Effect of Unusual Items": "-1.698"}, "12/31/2019": {"Duration": "12/31/2019", "Total Revenue": "170,883", "Credit Losses Provision": "-3,450", "Non Interest Expense": "56,027", "Pretax Income": "111,406", "Tax Provision": "33,035", "Net Income Common Stockholders": "77,705", "Average Dilution Earnings": "-", "Diluted NI Available to Com Stockholders": "77,705", "Basic EPS": "5.16", "Diluted EPS": "5.16", "Basic Average Shares": "15,060", "Diluted Average Shares": "15,060", "INTEREST_INCOME_AFTER_PROVISION_FOR_LOAN_LOSS": "161,187", "Net Income from Continuing & Discontinued Operation": "78,371", "Normalized Income": "79,229", "Total Money Market Investments": "961", "Reconciled Depreciation": "1,342", "Net Income from Continuing Operation Net Minority Interest": "78,371", "Total Unusual Items Excluding Goodwill": "-1,220", "Total Unusual Items": "-1,220", "Tax Rate for Calcs": "0", "Tax Effect of Unusual Items": "-362.34"}, "12/31/2018": {"Duration": "12/31/2018", "Total Revenue": "163,015", "Credit Losses Provision": "-10,130", "Non Interest Expense": "54,187", "Pretax Income": "98,698", "Tax Provision": "27,705", "Net Income Common Stockholders": "69,827", "Average Dilution Earnings": "0", "Diluted NI Available to Com Stockholders": "69,827", "Basic EPS": "4.64", "Diluted EPS": "4.64", "Basic Average Shares": "15,057", "Diluted Average Shares": "15,060", "INTEREST_INCOME_AFTER_PROVISION_FOR_LOAN_LOSS": "144,099", "Net Income from Continuing & Discontinued Operation": "70,993", "Normalized Income": "69,970", "Total Money Market Investments": "1,868", "Reconciled Depreciation": "953", "Net Income from Continuing Operation Net Minority Interest": "70,993", "Total Unusual Items Excluding Goodwill": "1,423", "Total Unusual Items": "1,423", "Tax Rate for Calcs": "0", "Tax Effect of Unusual Items": "399.863"}}, "bs": {"12/31/2020": {"Duration": "12/31/2020", "Total Assets": "5,143,641", "Total Liabilities Net Minority Interest": "4,618,194", "Total Equity Gross Minority Interest": "525,447", "Total Capitalization": "624,781", "Common Stock Equity": "525,447", "Capital Lease Obligations": "18,682", "Net Tangible Assets": "525,447", "Invested Capital": "624,781", "Tangible Book Value": "525,447", "Total Debt": "118,016", "Share Issued": "15,842", "Ordinary Shares Number": "14,932", "Treasury Shares Number": "909.89"}, "12/31/2019": {"Duration": "12/31/2019", "Total Assets": "4,628,481", "Total Liabilities Net Minority Interest": "4,158,466", "Total Equity Gross Minority Interest": "470,015", "Total Capitalization": "569,226", "Common Stock Equity": "470,015", "Capital Lease Obligations": "20,497", "Net Tangible Assets": "470,015", "Invested Capital": "569,226", "Tangible Book Value": "470,015", "Total Debt": "119,708", "Share Issued": "15,793", "Ordinary Shares Number": "14,934", "Treasury Shares Number": "859.311"}, "12/31/2018": {"Duration": "12/31/2018", "Total Assets": "4,216,435", "Total Liabilities Net Minority Interest": "3,799,784", "Total Equity Gross Minority Interest": "416,651", "Total Capitalization": "517,045", "Common Stock Equity": "416,651", "Capital Lease Obligations": "-", "Net Tangible Assets": "416,651", "Invested Capital": "517,045", "Tangible Book Value": "416,651", "Total Debt": "100,394", "Share Issued": "15,309", "Ordinary Shares Number": "14,851", "Treasury Shares Number": "457.9"}}, "cf": {"TTM": {"Duration": "TTM", "Operating Cash Flow": "103,765", "Investing Cash Flow": "-318,768", "Financing Cash Flow": "438,823", "End Cash Position": "759,465", "Income Tax Paid Supplemental Data": "20,909", "Interest Paid Supplemental Data": "42,187", "Capital Expenditure": "-1,498", "Issuance of Capital Stock": "0", "Issuance of Debt": "-", "Repayment of Debt": "0", "Repurchase of Capital Stock": "-2,448", "Free Cash Flow": "102,267"}, "12/31/2020": {"Duration": "12/31/2020", "Operating Cash Flow": "103,765", "Investing Cash Flow": "-318,768", "Financing Cash Flow": "438,823", "End Cash Position": "759,465", "Income Tax Paid Supplemental Data": "20,909", "Interest Paid Supplemental Data": "42,187", "Capital Expenditure": "-1,498", "Issuance of Capital Stock": "0", "Issuance of Debt": "-", "Repayment of Debt": "0", "Repurchase of Capital Stock": "-2,448", "Free Cash Flow": "102,267"}, "12/31/2019": {"Duration": "12/31/2019", "Operating Cash Flow": "86,757", "Investing Cash Flow": "-457,104", "Financing Cash Flow": "303,482", "End Cash Position": "535,645", "Income Tax Paid Supplemental Data": "34,540", "Interest Paid Supplemental Data": "65,599", "Capital Expenditure": "-6,088", "Issuance of Capital Stock": "0", "Issuance of Debt": "-", "Repayment of Debt": "-1,299", "Repurchase of Capital Stock": "-20,540", "Free Cash Flow": "80,669"}, "12/31/2018": {"Duration": "12/31/2018", "Operating Cash Flow": "99,012", "Investing Cash Flow": "-409,480", "Financing Cash Flow": "357,905", "End Cash Position": "602,759", "Income Tax Paid Supplemental Data": "18,398", "Interest Paid Supplemental Data": "37,930", "Capital Expenditure": "-2,766", "Issuance of Capital Stock": "1,709", "Issuance of Debt": "0", "Repayment of Debt": "-5,035", "Repurchase of Capital Stock": "-1,296", "Free Cash Flow": "96,246"}}}}, {"TCBK": {"quote": {"04/24/2021": {"value": "46.81", "Market Cap": "1.362B", "Beta (5Y Monthly)": "0.74", "PE Ratio (TTM)": "21.67", "EPS (TTM)": "2.16", "Earnings Date": "Apr 27, 2021 - May 03, 2021", "Forward Dividend & Yield": "1.00 (2.14%)", "Ex-Dividend Date": "Mar 11, 2021", "1y Target Est": "47.67"}}, "fin": {"TTM": {"Duration": "TTM", "Total Revenue": "307,723", "Credit Losses Provision": "-42,813", "Non Interest Expense": "177,493", "Special Income Charges": "-67", "Pretax Income": "87,350", "Tax Provision": "22,536", "Net Income Common Stockholders": "64,814", "Diluted NI Available to Com Stockholders": "64,814", "Basic EPS": "-", "Diluted EPS": "-", "Basic Average Shares": "-", "Diluted Average Shares": "-", "INTEREST_INCOME_AFTER_PROVISION_FOR_LOAN_LOSS": "213,882", "Net Income from Continuing & Discontinued Operation": "64,814", "Normalized Income": "64,689", "Reconciled Depreciation": "12,177", "Net Income from Continuing Operation Net Minority Interest": "64,814", "Total Unusual Items Excluding Goodwill": "168", "Total Unusual Items": "168", "Tax Rate for Calcs": "0", "Tax Effect of Unusual Items": "43.344"}, "12/31/2020": {"Duration": "12/31/2020", "Total Revenue": "307,723", "Credit Losses Provision": "-42,813", "Non Interest Expense": "177,493", "Special Income Charges": "-67", "Pretax Income": "87,350", "Tax Provision": "22,536", "Net Income Common Stockholders": "64,814", "Diluted NI Available to Com Stockholders": "64,814", "Basic EPS": "-", "Diluted EPS": "-", "Basic Average Shares": "-", "Diluted Average Shares": "-", "INTEREST_INCOME_AFTER_PROVISION_FOR_LOAN_LOSS": "213,882", "Net Income from Continuing & Discontinued Operation": "64,814", "Normalized Income": "64,689", "Reconciled Depreciation": "12,177", "Net Income from Continuing Operation Net Minority Interest": "64,814", "Total Unusual Items Excluding Goodwill": "168", "Total Unusual Items": "168", "Tax Rate for Calcs": "0", "Tax Effect of Unusual Items": "43.344"}, "12/31/2019": {"Duration": "12/31/2019", "Total Revenue": "305,388", "Credit Losses Provision": "1,690", "Non Interest Expense": "180,174", "Special Income Charges": "-82", "Pretax Income": "126,822", "Tax Provision": "34,750", "Net Income Common Stockholders": "92,072", "Diluted NI Available to Com Stockholders": "92,072", "Basic EPS": "3.02", "Diluted EPS": "3.00", "Basic Average Shares": "30,478", "Diluted Average Shares": "30,645", "INTEREST_INCOME_AFTER_PROVISION_FOR_LOAN_LOSS": "257,474", "Net Income from Continuing & Discontinued Operation": "92,072", "Normalized Income": "91,953", "Reconciled Depreciation": "12,638", "Net Income from Continuing Operation Net Minority Interest": "92,072", "Total Unusual Items Excluding Goodwill": "164", "Total Unusual Items": "164", "Tax Rate for Calcs": "0", "Tax Effect of Unusual Items": "44.936"}, "12/31/2018": {"Duration": "12/31/2018", "Total Revenue": "259,359", "Credit Losses Provision": "-2,583", "Non Interest Expense": "158,197", "Special Income Charges": "-5,227", "Pretax Income": "93,352", "Tax Provision": "25,032", "Net Income Common Stockholders": "68,320", "Diluted NI Available to Com Stockholders": "68,320", "Basic EPS": "2.57", "Diluted EPS": "2.54", "Basic Average Shares": "30,417", "Diluted Average Shares": "30,417", "INTEREST_INCOME_AFTER_PROVISION_FOR_LOAN_LOSS": "211,058", "Net Income from Continuing & Discontinued Operation": "68,320", "Normalized Income": "72,146", "Reconciled Depreciation": "10,513", "Net Income from Continuing Operation Net Minority Interest": "68,320", "Total Unusual Items Excluding Goodwill": "-5,227", "Total Unusual Items": "-5,227", "Tax Rate for Calcs": "0", "Tax Effect of Unusual Items": "-1,401"}}, "bs": {"12/31/2020": {"Duration": "12/31/2020", "Total Assets": "7,639,529", "Total Liabilities Net Minority Interest": "6,714,415", "Total Equity Gross Minority Interest": "925,114", "Total Capitalization": "982,749", "Common Stock Equity": "925,114", "Capital Lease Obligations": "27,973", "Net Tangible Assets": "686,409", "Invested Capital": "1,009,663", "Tangible Book Value": "686,409", "Total Debt": "112,522", "Net Debt": "-", "Share Issued": "29,727", "Ordinary Shares Number": "29,727"}, "12/31/2019": {"Duration": "12/31/2019", "Total Assets": "6,471,181", "Total Liabilities Net Minority Interest": "5,564,611", "Total Equity Gross Minority Interest": "906,570", "Total Capitalization": "982,256", "Common Stock Equity": "906,570", "Capital Lease Obligations": "27,540", "Net Tangible Assets": "662,141", "Invested Capital": "982,256", "Tangible Book Value": "662,141", "Total Debt": "103,226", "Net Debt": "-", "Share Issued": "30,524", "Ordinary Shares Number": "30,524"}, "12/31/2018": {"Duration": "12/31/2018", "Total Assets": "6,352,441", "Total Liabilities Net Minority Interest": "5,525,068", "Total Equity Gross Minority Interest": "827,373", "Total Capitalization": "884,415", "Common Stock Equity": "827,373", "Capital Lease Obligations": "-", "Net Tangible Assets": "570,023", "Invested Capital": "900,254", "Tangible Book Value": "570,023", "Total Debt": "72,881", "Net Debt": "-", "Share Issued": "30,417", "Ordinary Shares Number": "30,417"}}, "cf": {"TTM": {"Duration": "TTM", "Operating Cash Flow": "114,802", "Investing Cash Flow": "-816,333", "Financing Cash Flow": "1,094,575", "End Cash Position": "669,551", "Income Tax Paid Supplemental Data": "29,500", "Interest Paid Supplemental Data": "10,502", "Capital Expenditure": "-2,812", "Issuance of Debt": "-", "Repayment of Debt": "-", "Repurchase of Capital Stock": "-26,720", "Free Cash Flow": "111,990"}, "12/31/2020": {"Duration": "12/31/2020", "Operating Cash Flow": "114,802", "Investing Cash Flow": "-816,333", "Financing Cash Flow": "1,094,575", "End Cash Position": "669,551", "Income Tax Paid Supplemental Data": "29,500", "Interest Paid Supplemental Data": "10,502", "Capital Expenditure": "-2,812", "Issuance of Debt": "-", "Repayment of Debt": "-", "Repurchase of Capital Stock": "-26,720", "Free Cash Flow": "111,990"}, "12/31/2019": {"Duration": "12/31/2019", "Operating Cash Flow": "102,806", "Investing Cash Flow": "-29,789", "Financing Cash Flow": "-24,043", "End Cash Position": "276,507", "Income Tax Paid Supplemental Data": "35,050", "Interest Paid Supplemental Data": "14,965", "Capital Expenditure": "-4,293", "Issuance of Debt": "2,615", "Repayment of Debt": "-", "Repurchase of Capital Stock": "-2,196", "Free Cash Flow": "98,513"}, "12/31/2018": {"Duration": "12/31/2018", "Operating Cash Flow": "91,069", "Investing Cash Flow": "-142,003", "Financing Cash Flow": "73,039", "End Cash Position": "227,533", "Income Tax Paid Supplemental Data": "14,525", "Interest Paid Supplemental Data": "11,805", "Capital Expenditure": "-7,435", "Issuance of Debt": "-", "Repayment of Debt": "-271,327", "Repurchase of Capital Stock": "-2,483", "Free Cash Flow": "83,634"}}}}, {"GBCI": {"quote": {"04/24/2021": {"value": "61.40", "Market Cap": "5.656B", "Beta (5Y Monthly)": "1.02", "PE Ratio (TTM)": "19.28", "EPS (TTM)": "3.18", "Earnings Date": "Jul 21, 2021 - Jul 26, 2021", "Forward Dividend & Yield": "1.24 (2.02%)", "Ex-Dividend Date": "Apr 12, 2021", "1y Target Est": "56.50"}}, "fin": {"TTM": {"Duration": "TTM", "Total Revenue": "790,554", "Credit Losses Provision": "-17,069", "Non Interest Expense": "393,093", "Special Income Charges": "-", "Pretax Income": "375,371", "Tax Provision": "71,508", "Net Income Common Stockholders": "303,863", "Diluted NI Available to Com Stockholders": "303,863", "Basic EPS": "-", "Diluted EPS": "-", "Basic Average Shares": "-", "Diluted Average Shares": "-", "INTEREST_INCOME_AFTER_PROVISION_FOR_LOAN_LOSS": "605,123", "Net Income from Continuing & Discontinued Operation": "303,863", "Normalized Income": "307,928", "Reconciled Depreciation": "10,325", "Net Income from Continuing Operation Net Minority Interest": "303,863", "Total Unusual Items Excluding Goodwill": "-5,021", "Total Unusual Items": "-5,021", "Tax Rate for Calcs": "0", "Tax Effect of Unusual Items": "-956.4982"}, "12/31/2020": {"Duration": "12/31/2020", "Total Revenue": "762,764", "Credit Losses Provision": "-39,765", "Non Interest Expense": "387,147", "Special Income Charges": "-7,812", "Pretax Income": "328,040", "Tax Provision": "61,640", "Net Income Common Stockholders": "266,400", "Diluted NI Available to Com Stockholders": "266,400", "Basic EPS": "-", "Diluted EPS": "-", "Basic Average Shares": "-", "Diluted Average Shares": "-", "INTEREST_INCOME_AFTER_PROVISION_FOR_LOAN_LOSS": "559,984", "Net Income from Continuing & Discontinued Operation": "266,400", "Normalized Income": "272,743", "Reconciled Depreciation": "30,790", "Net Income from Continuing Operation Net Minority Interest": "266,400", "Total Unusual Items Excluding Goodwill": "-7,812", "Total Unusual Items": "-7,812", "Tax Rate for Calcs": "0", "Tax Effect of Unusual Items": "-1,469"}, "12/31/2019": {"Duration": "12/31/2019", "Total Revenue": "608,842", "Credit Losses Provision": "-57", "Non Interest Expense": "341,088", "Special Income Charges": "-8,503", "Pretax Income": "259,194", "Tax Provision": "48,650", "Net Income Common Stockholders": "210,544", "Diluted NI Available to Com Stockholders": "210,544", "Basic EPS": "2.39", "Diluted EPS": "2.38", "Basic Average Shares": "88,255", "Diluted Average Shares": "88,386", "INTEREST_INCOME_AFTER_PROVISION_FOR_LOAN_LOSS": "503,347", "Net Income from Continuing & Discontinued Operation": "210,544", "Normalized Income": "217,448", "Reconciled Depreciation": "27,077", "Net Income from Continuing Operation Net Minority Interest": "210,544", "Total Unusual Items Excluding Goodwill": "-8,503", "Total Unusual Items": "-8,503", "Tax Rate for Calcs": "0", "Tax Effect of Unusual Items": "-1,599"}, "12/31/2018": {"Duration": "12/31/2018", "Total Revenue": "542,506", "Credit Losses Provision": "-9,953", "Non Interest Expense": "303,726", "Special Income Charges": "-6,618", "Pretax Income": "222,209", "Tax Provision": "40,331", "Net Income Common Stockholders": "181,878", "Diluted NI Available to Com Stockholders": "181,878", "Basic EPS": "2.18", "Diluted EPS": "2.17", "Basic Average Shares": "83,604", "Diluted Average Shares": "83,677", "INTEREST_INCOME_AFTER_PROVISION_FOR_LOAN_LOSS": "423,512", "Net Income from Continuing & Discontinued Operation": "181,878", "Normalized Income": "187,292", "Reconciled Depreciation": "22,289", "Net Income from Continuing Operation Net Minority Interest": "181,878", "Total Unusual Items Excluding Goodwill": "-6,618", "Total Unusual Items": "-6,618", "Tax Rate for Calcs": "0", "Tax Effect of Unusual Items": "-1,204"}}, "bs": {"12/31/2020": {"Duration": "12/31/2020", "Total Assets": "18,504,206", "Total Liabilities Net Minority Interest": "16,197,165", "Total Equity Gross Minority Interest": "2,307,041", "Total Capitalization": "2,480,068", "Common Stock Equity": "2,307,041", "Net Tangible Assets": "1,737,519", "Invested Capital": "2,480,068", "Tangible Book Value": "1,737,519", "Total Debt": "173,027", "Net Debt": "-", "Share Issued": "95,426", "Ordinary Shares Number": "95,426"}, "12/31/2019": {"Duration": "12/31/2019", "Total Assets": "13,683,999", "Total Liabilities Net Minority Interest": "11,723,266", "Total Equity Gross Minority Interest": "1,960,733", "Total Capitalization": "2,168,078", "Common Stock Equity": "1,960,733", "Net Tangible Assets": "1,441,029", "Invested Capital": "2,168,078", "Tangible Book Value": "1,441,029", "Total Debt": "207,345", "Net Debt": "-", "Share Issued": "92,290", "Ordinary Shares Number": "92,290"}, "12/31/2018": {"Duration": "12/31/2018", "Total Assets": "12,115,484", "Total Liabilities Net Minority Interest": "10,599,630", "Total Equity Gross Minority Interest": "1,515,854", "Total Capitalization": "2,104,788", "Common Stock Equity": "1,515,854", "Net Tangible Assets": "1,177,026", "Invested Capital": "2,104,788", "Tangible Book Value": "1,177,026", "Total Debt": "588,934", "Net Debt": "385,144", "Share Issued": "84,522", "Ordinary Shares Number": "84,522"}}, "cf": {"TTM": {"Duration": "TTM", "Operating Cash Flow": "-", "Investing Cash Flow": "-", "Financing Cash Flow": "-", "End Cash Position": "-", "Income Tax Paid Supplemental Data": "-", "Interest Paid Supplemental Data": "-", "Capital Expenditure": "-", "Issuance of Debt": "-", "Repayment of Debt": "-", "Free Cash Flow": "-"}, "12/31/2020": {"Duration": "12/31/2020", "Operating Cash Flow": "189,545", "Investing Cash Flow": "-3,563,696", "Financing Cash Flow": "3,676,332", "End Cash Position": "633,142", "Income Tax Paid Supplemental Data": "63,021", "Interest Paid Supplemental Data": "28,822", "Capital Expenditure": "-11,717", "Issuance of Debt": "30,564", "Repayment of Debt": "-68,589", "Free Cash Flow": "177,828"}, "12/31/2019": {"Duration": "12/31/2019", "Operating Cash Flow": "226,649", "Investing Cash Flow": "-42,682", "Financing Cash Flow": "-56,796", "End Cash Position": "330,961", "Income Tax Paid Supplemental Data": "36,817", "Interest Paid Supplemental Data": "42,461", "Capital Expenditure": "-16,398", "Issuance of Debt": "0", "Repayment of Debt": "-137,051", "Free Cash Flow": "210,251"}, "12/31/2018": {"Duration": "12/31/2018", "Operating Cash Flow": "280,711", "Investing Cash Flow": "-872,420", "Financing Cash Flow": "595,495", "End Cash Position": "203,790", "Income Tax Paid Supplemental Data": "26,489", "Interest Paid Supplemental Data": "35,174", "Capital Expenditure": "-18,637", "Issuance of Debt": "0", "Repayment of Debt": "-6,257", "Free Cash Flow": "262,074"}}}}, {"FSBW": {"quote": {"04/24/2021": {"value": "67.01", "Market Cap": "276.756M", "Beta (5Y Monthly)": "1.32", "PE Ratio (TTM)": "7.47", "EPS (TTM)": "8.97", "Earnings Date": "Jan 28, 2021", "Forward Dividend & Yield": "1.04 (1.55%)", "Ex-Dividend Date": "Feb 10, 2021", "1y Target Est": "69.67"}}, "fin": {"TTM": {"Duration": "TTM", "Total Revenue": "127,411", "Credit Losses Provision": "-13,036", "Non Interest Expense": "62,556", "Special Income Charges": "-1,969", "Pretax Income": "49,850", "Tax Provision": "10,586", "Net Income Common Stockholders": "39,072", "Diluted NI Available to Com Stockholders": "39,072", "Basic EPS": "-", "Diluted EPS": "-", "Basic Average Shares": "-", "Diluted Average Shares": "-", "INTEREST_INCOME_AFTER_PROVISION_FOR_LOAN_LOSS": "61,084", "Net Income from Continuing & Discontinued Operation": "39,264", "Normalized Income": "40,817", "Reconciled Depreciation": "13,618", "Net Income from Continuing Operation Net Minority Interest": "39,264", "Total Unusual Items Excluding Goodwill": "-1,971", "Total Unusual Items": "-1,971", "Tax Rate for Calcs": "0", "Tax Effect of Unusual Items": "-417.852"}, "12/31/2020": {"Duration": "12/31/2020", "Total Revenue": "127,411", "Credit Losses Provision": "-13,036", "Non Interest Expense": "62,556", "Special Income Charges": "-1,969", "Pretax Income": "49,850", "Tax Provision": "10,586", "Net Income Common Stockholders": "39,072", "Diluted NI Available to Com Stockholders": "39,072", "Basic EPS": "-", "Diluted EPS": "-", "Basic Average Shares": "-", "Diluted Average Shares": "-", "INTEREST_INCOME_AFTER_PROVISION_FOR_LOAN_LOSS": "61,084", "Net Income from Continuing & Discontinued Operation": "39,264", "Normalized Income": "40,817", "Reconciled Depreciation": "13,618", "Net Income from Continuing Operation Net Minority Interest": "39,264", "Total Unusual Items Excluding Goodwill": "-1,971", "Total Unusual Items": "-1,971", "Tax Rate for Calcs": "0", "Tax Effect of Unusual Items": "-417.852"}, "12/31/2019": {"Duration": "12/31/2019", "Total Revenue": "90,269", "Credit Losses Provision": "-2,880", "Non Interest Expense": "57,385", "Special Income Charges": "-1,874", "Pretax Income": "28,130", "Tax Provision": "5,413", "Net Income Common Stockholders": "22,644", "Diluted NI Available to Com Stockholders": "22,644", "Basic EPS": "5.13", "Diluted EPS": "5.01", "Basic Average Shares": "4,428", "Diluted Average Shares": "4,534", "INTEREST_INCOME_AFTER_PROVISION_FOR_LOAN_LOSS": "67,428", "Net Income from Continuing & Discontinued Operation": "22,717", "Normalized Income": "24,120", "Reconciled Depreciation": "12,003", "Net Income from Continuing Operation Net Minority Interest": "22,717", "Total Unusual Items Excluding Goodwill": "-1,736", "Total Unusual Items": "-1,736", "Tax Rate for Calcs": "0", "Tax Effect of Unusual Items": "-333.312"}, "12/31/2018": {"Duration": "12/31/2018", "Total Revenue": "68,804", "Credit Losses Provision": "-1,540", "Non Interest Expense": "44,648", "Special Income Charges": "5,954", "Pretax Income": "28,570", "Tax Provision": "4,223", "Net Income Common Stockholders": "24,347", "Diluted NI Available to Com Stockholders": "24,347", "Basic EPS": "6.58", "Diluted EPS": "6.29", "Basic Average Shares": "3,700", "Diluted Average Shares": "3,871", "INTEREST_INCOME_AFTER_PROVISION_FOR_LOAN_LOSS": "50,558", "Net Income from Continuing & Discontinued Operation": "24,347", "Normalized Income": "19,274", "Reconciled Depreciation": "5,263", "Net Income from Continuing Operation Net Minority Interest": "24,347", "Total Unusual Items Excluding Goodwill": "5,954", "Total Unusual Items": "5,954", "Tax Rate for Calcs": "0", "Tax Effect of Unusual Items": "881.192"}}, "bs": {"12/31/2020": {"Duration": "12/31/2020", "Total Assets": "2,113,241", "Total Liabilities Net Minority Interest": "1,883,234", "Total Equity Gross Minority Interest": "230,007", "Total Capitalization": "405,816", "Common Stock Equity": "230,007", "Capital Lease Obligations": "5,176", "Net Tangible Assets": "210,349", "Invested Capital": "405,816", "Tangible Book Value": "210,349", "Total Debt": "180,985", "Net Debt": "71,955", "Share Issued": "4,238", "Ordinary Shares Number": "4,238"}, "12/31/2019": {"Duration": "12/31/2019", "Total Assets": "1,713,056", "Total Liabilities Net Minority Interest": "1,512,814", "Total Equity Gross Minority Interest": "200,242", "Total Capitalization": "294,991", "Common Stock Equity": "200,242", "Capital Lease Obligations": "5,214", "Net Tangible Assets": "180,913", "Invested Capital": "294,991", "Tangible Book Value": "180,913", "Total Debt": "99,963", "Net Debt": "28,069", "Share Issued": "4,459", "Ordinary Shares Number": "4,459"}, "12/31/2018": {"Duration": "12/31/2018", "Total Assets": "1,621,644", "Total Liabilities Net Minority Interest": "1,441,606", "Total Equity Gross Minority Interest": "180,038", "Total Capitalization": "327,052", "Common Stock Equity": "180,038", "Capital Lease Obligations": "-", "Net Tangible Assets": "161,080", "Invested Capital": "327,052", "Tangible Book Value": "161,080", "Total Debt": "147,014", "Net Debt": "92,161", "Share Issued": "4,492", "Ordinary Shares Number": "4,492"}}, "cf": {"TTM": {"Duration": "TTM", "Operating Cash Flow": "-32,317", "Investing Cash Flow": "-270,690", "Financing Cash Flow": "348,805", "End Cash Position": "91,576", "Income Tax Paid Supplemental Data": "11,685", "Interest Paid Supplemental Data": "14,584", "Capital Expenditure": "-1,379", "Issuance of Capital Stock": "-", "Issuance of Debt": "601,158", "Repayment of Debt": "-520,213", "Repurchase of Capital Stock": "-9,802", "Free Cash Flow": "-33,696"}, "12/31/2020": {"Duration": "12/31/2020", "Operating Cash Flow": "-32,317", "Investing Cash Flow": "-270,690", "Financing Cash Flow": "348,805", "End Cash Position": "91,576", "Income Tax Paid Supplemental Data": "11,685", "Interest Paid Supplemental Data": "14,584", "Capital Expenditure": "-1,379", "Issuance of Capital Stock": "-", "Issuance of Debt": "601,158", "Repayment of Debt": "-520,213", "Repurchase of Capital Stock": "-9,802", "Free Cash Flow": "-33,696"}, "12/31/2019": {"Duration": "12/31/2019", "Operating Cash Flow": "9,177", "Investing Cash Flow": "-55,201", "Financing Cash Flow": "59,023", "End Cash Position": "45,778", "Income Tax Paid Supplemental Data": "4,351", "Interest Paid Supplemental Data": "18,709", "Capital Expenditure": "-2,463", "Issuance of Capital Stock": "-", "Issuance of Debt": "401,447", "Repayment of Debt": "-453,983", "Repurchase of Capital Stock": "-5,004", "Free Cash Flow": "6,714"}, "12/31/2018": {"Duration": "12/31/2018", "Operating Cash Flow": "21,437", "Investing Cash Flow": "-186,961", "Financing Cash Flow": "179,388", "End Cash Position": "32,779", "Income Tax Paid Supplemental Data": "2,902", "Interest Paid Supplemental Data": "10,098", "Capital Expenditure": "-3,796", "Issuance of Capital Stock": "0", "Issuance of Debt": "917,239", "Repayment of Debt": "-824,368", "Repurchase of Capital Stock": "-251", "Free Cash Flow": "17,641"}}}}, {"CWBC": {"quote": {"04/24/2021": {"value": "12.53", "Market Cap": "108.263M", "Beta (5Y Monthly)": "1.17", "PE Ratio (TTM)": "12.92", "EPS (TTM)": "0.97", "Earnings Date": "Feb 01, 2021", "Forward Dividend & Yield": "0.24 (1.92%)", "Ex-Dividend Date": "Feb 08, 2021", "1y Target Est": "N/A"}}, "fin": {"TTM": {"Duration": "TTM", "Total Revenue": "40,501", "Credit Losses Provision": "-1,223", "Non Interest Expense": "27,523", "Special Income Charges": "-", "Pretax Income": "11,755", "Tax Provision": "3,510", "Net Income Common Stockholders": "8,245", "Diluted NI Available to Com Stockholders": "8,245", "Basic EPS": "-", "Diluted EPS": "-", "Basic Average Shares": "-", "Diluted Average Shares": "-", "INTEREST_INCOME_AFTER_PROVISION_FOR_LOAN_LOSS": "35,366", "Net Income from Continuing & Discontinued Operation": "8,245", "Normalized Income": "8,245", "Reconciled Depreciation": "821", "Net Income from Continuing Operation Net Minority Interest": "8,245", "Total Unusual Items Excluding Goodwill": "-", "Total Unusual Items": "-", "Tax Rate for Calcs": "0", "Tax Effect of Unusual Items": "0"}, "12/31/2020": {"Duration": "12/31/2020", "Total Revenue": "40,501", "Credit Losses Provision": "-1,223", "Non Interest Expense": "27,523", "Special Income Charges": "-", "Pretax Income": "11,755", "Tax Provision": "3,510", "Net Income Common Stockholders": "8,245", "Diluted NI Available to Com Stockholders": "8,245", "Basic EPS": "-", "Diluted EPS": "-", "Basic Average Shares": "-", "Diluted Average Shares": "-", "INTEREST_INCOME_AFTER_PROVISION_FOR_LOAN_LOSS": "35,366", "Net Income from Continuing & Discontinued Operation": "8,245", "Normalized Income": "8,245", "Reconciled Depreciation": "821", "Net Income from Continuing Operation Net Minority Interest": "8,245", "Total Unusual Items Excluding Goodwill": "-", "Total Unusual Items": "-", "Tax Rate for Calcs": "0", "Tax Effect of Unusual Items": "0"}, "12/31/2019": {"Duration": "12/31/2019", "Total Revenue": "37,964", "Credit Losses Provision": "165", "Non Interest Expense": "26,755", "Special Income Charges": "-", "Pretax Income": "11,374", "Tax Provision": "3,411", "Net Income Common Stockholders": "7,963", "Diluted NI Available to Com Stockholders": "7,963", "Basic EPS": "0.94", "Diluted EPS": "0.93", "Basic Average Shares": "8,471", "Diluted Average Shares": "8,562", "INTEREST_INCOME_AFTER_PROVISION_FOR_LOAN_LOSS": "34,522", "Net Income from Continuing & Discontinued Operation": "7,963", "Normalized Income": "7,963", "Reconciled Depreciation": "864", "Net Income from Continuing Operation Net Minority Interest": "7,963", "Total Unusual Items Excluding Goodwill": "-", "Total Unusual Items": "-", "Tax Rate for Calcs": "0", "Tax Effect of Unusual Items": "0"}, "12/31/2018": {"Duration": "12/31/2018", "Total Revenue": "36,089", "Credit Losses Provision": "-14", "Non Interest Expense": "25,857", "Special Income Charges": "-", "Pretax Income": "10,218", "Tax Provision": "2,809", "Net Income Common Stockholders": "7,409", "Diluted NI Available to Com Stockholders": "7,409", "Basic EPS": "0.89", "Diluted EPS": "0.88", "Basic Average Shares": "8,325", "Diluted Average Shares": "8,419", "INTEREST_INCOME_AFTER_PROVISION_FOR_LOAN_LOSS": "33,629", "Net Income from Continuing & Discontinued Operation": "7,409", "Normalized Income": "7,409", "Reconciled Depreciation": "764", "Net Income from Continuing Operation Net Minority Interest": "7,409", "Total Unusual Items Excluding Goodwill": "-", "Total Unusual Items": "-", "Tax Rate for Calcs": "0", "Tax Effect of Unusual Items": "0"}}, "bs": {"12/31/2020": {"Duration": "12/31/2020", "Total Assets": "975,435", "Total Liabilities Net Minority Interest": "886,428", "Total Equity Gross Minority Interest": "89,007", "Total Capitalization": "194,007", "Preferred Stock Equity": "42,909", "Common Stock Equity": "46,098", "Net Tangible Assets": "89,007", "Invested Capital": "151,098", "Tangible Book Value": "46,098", "Total Debt": "105,000", "Net Debt": "44,461", "Share Issued": "8,473", "Ordinary Shares Number": "8,473"}, "12/31/2019": {"Duration": "12/31/2019", "Total Assets": "913,870", "Total Liabilities Net Minority Interest": "831,892", "Total Equity Gross Minority Interest": "81,978", "Total Capitalization": "146,978", "Preferred Stock Equity": "42,586", "Common Stock Equity": "39,392", "Net Tangible Assets": "81,978", "Invested Capital": "104,392", "Tangible Book Value": "39,392", "Total Debt": "65,000", "Net Debt": "-", "Share Issued": "8,472", "Ordinary Shares Number": "8,472"}, "12/31/2018": {"Duration": "12/31/2018", "Total Assets": "877,291", "Total Liabilities Net Minority Interest": "801,140", "Total Equity Gross Minority Interest": "76,151", "Total Capitalization": "151,151", "Preferred Stock Equity": "-", "Common Stock Equity": "76,151", "Net Tangible Assets": "76,151", "Invested Capital": "151,151", "Tangible Book Value": "76,151", "Total Debt": "75,000", "Net Debt": "18,093", "Share Issued": "8,533", "Ordinary Shares Number": "8,533"}}, "cf": {"TTM": {"Duration": "TTM", "Operating Cash Flow": "15,843", "Investing Cash Flow": "-91,567", "Financing Cash Flow": "53,603", "End Cash Position": "60,540", "Income Tax Paid Supplemental Data": "2,350", "Interest Paid Supplemental Data": "8,050", "Capital Expenditure": "-338", "Issuance of Debt": "-", "Repayment of Debt": "-10,000", "Repurchase of Capital Stock": "0", "Free Cash Flow": "15,505"}, "12/31/2020": {"Duration": "12/31/2020", "Operating Cash Flow": "15,843", "Investing Cash Flow": "-91,567", "Financing Cash Flow": "53,603", "End Cash Position": "60,540", "Income Tax Paid Supplemental Data": "2,350", "Interest Paid Supplemental Data": "8,050", "Capital Expenditure": "-338", "Issuance of Debt": "-", "Repayment of Debt": "-", "Repurchase of Capital Stock": "0", "Free Cash Flow": "15,505"}, "12/31/2019": {"Duration": "12/31/2019", "Operating Cash Flow": "13,937", "Investing Cash Flow": "-10,538", "Financing Cash Flow": "22,347", "End Cash Position": "82,661", "Income Tax Paid Supplemental Data": "2,526", "Interest Paid Supplemental Data": "11,675", "Capital Expenditure": "-2,145", "Issuance of Debt": "-", "Repayment of Debt": "-10,000", "Repurchase of Capital Stock": "-1,030", "Free Cash Flow": "11,792"}, "12/31/2018": {"Duration": "12/31/2018", "Operating Cash Flow": "16,321", "Investing Cash Flow": "-38,055", "Financing Cash Flow": "32,780", "End Cash Position": "56,915", "Income Tax Paid Supplemental Data": "3,360", "Interest Paid Supplemental Data": "8,321", "Capital Expenditure": "-1,564", "Issuance of Debt": "18,157", "Repayment of Debt": "-", "Repurchase of Capital Stock": "-669", "Free Cash Flow": "14,757"}}}}, {"SSBI": {"quote": {"04/24/2021": {"value": "16.67", "Market Cap": "101.18M", "Beta (5Y Monthly)": "0.87", "PE Ratio (TTM)": "9.64", "EPS (TTM)": "1.73", "Earnings Date": "Jan 26, 2021", "Forward Dividend & Yield": "0.48 (2.89%)", "Ex-Dividend Date": "Feb 11, 2021", "1y Target Est": "N/A"}}, "fin": {"TTM": {"Duration": "TTM", "Total Revenue": "34,709", "Credit Losses Provision": "-2,100", "Non Interest Expense": "17,671", "Pretax Income": "14,938", "Tax Provision": "4,421", "Net Income Common Stockholders": "10,517", "Diluted NI Available to Com Stockholders": "10,517", "Basic EPS": "-", "Diluted EPS": "-", "Basic Average Shares": "-", "Diluted Average Shares": "-", "INTEREST_INCOME_AFTER_PROVISION_FOR_LOAN_LOSS": "27,932", "Net Income from Continuing & Discontinued Operation": "10,517", "Normalized Income": "10,517", "Total Money Market Investments": "65", "Reconciled Depreciation": "433", "Net Income from Continuing Operation Net Minority Interest": "10,517", "Total Unusual Items Excluding Goodwill": "-", "Total Unusual Items": "-", "Tax Rate for Calcs": "0", "Tax Effect of Unusual Items": "0"}, "12/31/2020": {"Duration": "12/31/2020", "Total Revenue": "34,709", "Credit Losses Provision": "-2,100", "Non Interest Expense": "17,671", "Pretax Income": "14,938", "Tax Provision": "4,421", "Net Income Common Stockholders": "10,517", "Diluted NI Available to Com Stockholders": "10,517", "Basic EPS": "-", "Diluted EPS": "-", "Basic Average Shares": "-", "Diluted Average Shares": "-", "INTEREST_INCOME_AFTER_PROVISION_FOR_LOAN_LOSS": "27,932", "Net Income from Continuing & Discontinued Operation": "10,517", "Normalized Income": "10,517", "Total Money Market Investments": "65", "Reconciled Depreciation": "433", "Net Income from Continuing Operation Net Minority Interest": "10,517", "Total Unusual Items Excluding Goodwill": "-", "Total Unusual Items": "-", "Tax Rate for Calcs": "0", "Tax Effect of Unusual Items": "0"}, "12/31/2019": {"Duration": "12/31/2019", "Total Revenue": "25,638", "Credit Losses Provision": "-700", "Non Interest Expense": "16,063", "Pretax Income": "8,875", "Tax Provision": "2,398", "Net Income Common Stockholders": "6,477", "Diluted NI Available to Com Stockholders": "6,477", "Basic EPS": "1.07", "Diluted EPS": "1.07", "Basic Average Shares": "6,069", "Diluted Average Shares": "6,074", "INTEREST_INCOME_AFTER_PROVISION_FOR_LOAN_LOSS": "22,052", "Net Income from Continuing & Discontinued Operation": "6,477", "Normalized Income": "6,477", "Total Money Market Investments": "251", "Reconciled Depreciation": "498", "Net Income from Continuing Operation Net Minority Interest": "6,477", "Total Unusual Items Excluding Goodwill": "-", "Total Unusual Items": "-", "Tax Rate for Calcs": "0", "Tax Effect of Unusual Items": "0"}, "12/31/2018": {"Duration": "12/31/2018", "Total Revenue": "23,931", "Credit Losses Provision": "-530", "Non Interest Expense": "15,357", "Pretax Income": "8,044", "Tax Provision": "2,217", "Net Income Common Stockholders": "5,827", "Diluted NI Available to Com Stockholders": "5,827", "Basic EPS": "0.96", "Diluted EPS": "0.96", "Basic Average Shares": "6,065", "Diluted Average Shares": "6,072", "INTEREST_INCOME_AFTER_PROVISION_FOR_LOAN_LOSS": "20,826", "Net Income from Continuing & Discontinued Operation": "5,827", "Normalized Income": "5,827", "Total Money Market Investments": "261", "Reconciled Depreciation": "346", "Net Income from Continuing Operation Net Minority Interest": "5,827", "Total Unusual Items Excluding Goodwill": "-", "Total Unusual Items": "-", "Tax Rate for Calcs": "0", "Tax Effect of Unusual Items": "0"}}, "bs": {"12/31/2020": {"Duration": "12/31/2020", "Total Assets": "865,854", "Total Liabilities Net Minority Interest": "790,225", "Total Equity Gross Minority Interest": "75,629", "Total Capitalization": "135,005", "Common Stock Equity": "75,629", "Net Tangible Assets": "71,510", "Invested Capital": "135,005", "Tangible Book Value": "71,510", "Total Debt": "59,376", "Net Debt": "28,550", "Share Issued": "6,070", "Ordinary Shares Number": "6,070"}, "12/31/2019": {"Duration": "12/31/2019", "Total Assets": "695,978", "Total Liabilities Net Minority Interest": "628,634", "Total Equity Gross Minority Interest": "67,344", "Total Capitalization": "118,806", "Common Stock Equity": "67,344", "Net Tangible Assets": "63,225", "Invested Capital": "118,806", "Tangible Book Value": "63,225", "Total Debt": "51,462", "Net Debt": "13,163", "Share Issued": "6,070", "Ordinary Shares Number": "6,070"}, "12/31/2018": {"Duration": "12/31/2018", "Total Assets": "622,104", "Total Liabilities Net Minority Interest": "560,584", "Total Equity Gross Minority Interest": "61,520", "Total Capitalization": "118,320", "Common Stock Equity": "61,520", "Net Tangible Assets": "57,401", "Invested Capital": "118,320", "Tangible Book Value": "57,401", "Total Debt": "56,800", "Net Debt": "35,107", "Share Issued": "6,066", "Ordinary Shares Number": "6,066"}}, "cf": {"TTM": {"Duration": "TTM", "Operating Cash Flow": "3,718", "Investing Cash Flow": "-168,650", "Financing Cash Flow": "157,459", "End Cash Position": "30,826", "Income Tax Paid Supplemental Data": "5,690", "Interest Paid Supplemental Data": "6,143", "Capital Expenditure": "-126", "Issuance of Debt": "41,014", "Repayment of Debt": "-", "Repurchase of Capital Stock": "-", "Free Cash Flow": "3,592"}, "12/31/2020": {"Duration": "12/31/2020", "Operating Cash Flow": "3,718", "Investing Cash Flow": "-168,650", "Financing Cash Flow": "157,459", "End Cash Position": "30,826", "Income Tax Paid Supplemental Data": "5,690", "Interest Paid Supplemental Data": "6,143", "Capital Expenditure": "-126", "Issuance of Debt": "41,014", "Repayment of Debt": "-", "Repurchase of Capital Stock": "-", "Free Cash Flow": "3,592"}, "12/31/2019": {"Duration": "12/31/2019", "Operating Cash Flow": "4,136", "Investing Cash Flow": "-51,941", "Financing Cash Flow": "64,411", "End Cash Position": "38,299", "Income Tax Paid Supplemental Data": "2,140", "Interest Paid Supplemental Data": "6,991", "Capital Expenditure": "-996", "Issuance of Debt": "18,362", "Repayment of Debt": "-", "Repurchase of Capital Stock": "-", "Free Cash Flow": "3,140"}, "12/31/2018": {"Duration": "12/31/2018", "Operating Cash Flow": "3,746", "Investing Cash Flow": "-59,551", "Financing Cash Flow": "6,684", "End Cash Position": "21,693", "Income Tax Paid Supplemental Data": "3,220", "Interest Paid Supplemental Data": "3,827", "Capital Expenditure": "-870", "Issuance of Debt": "0", "Repayment of Debt": "0", "Repurchase of Capital Stock": "-", "Free Cash Flow": "2,876"}}}}, {"CUNB": {"quote": {"04/24/2021": {"value": "", "Net Assets": "N/A", "Beta (5Y Monthly)": "N/A", "Yield": "N/A", "5y Average Return": "N/A", "Holdings Turnover": "N/A", "Last Dividend": "N/A", "Average for Category": "N/A", "Inception Date": "N/A"}}, "fin": {}, "bs": {}, "cf": {}}}, {"BMRC": {"quote": {"04/24/2021": {"value": "35.93", "Market Cap": "475.329M", "Beta (5Y Monthly)": "0.88", "PE Ratio (TTM)": "15.30", "EPS (TTM)": "2.35", "Earnings Date": "Jul 19, 2021 - Jul 23, 2021", "Forward Dividend & Yield": "0.92 (2.56%)", "Ex-Dividend Date": "Apr 29, 2021", "1y Target Est": "41.00"}}, "fin": {"TTM": {"Duration": "TTM", "Total Revenue": "101,827", "Credit Losses Provision": "535", "Non Interest Expense": "58,316", "Special Income Charges": "-", "Pretax Income": "42,981", "Tax Provision": "11,020", "Net Income Common Stockholders": "31,961", "Diluted NI Available to Com Stockholders": "31,961", "Basic EPS": "-", "Diluted EPS": "-", "Basic Average Shares": "-", "Diluted Average Shares": "-", "INTEREST_INCOME_AFTER_PROVISION_FOR_LOAN_LOSS": "95,106", "Net Income from Continuing & Discontinued Operation": "31,961", "Normalized Income": "32,753", "Total Money Market Investments": "171", "Reconciled Depreciation": "2,926", "Net Income from Continuing Operation Net Minority Interest": "31,961", "Total Unusual Items Excluding Goodwill": "-1,065", "Total Unusual Items": "-1,065", "Tax Rate for Calcs": "0", "Tax Effect of Unusual Items": "-273.0579"}, "12/31/2020": {"Duration": "12/31/2020", "Total Revenue": "105,209", "Credit Losses Provision": "-4,594", "Non Interest Expense": "58,994", "Special Income Charges": "-1,034", "Pretax Income": "40,587", "Tax Provision": "10,345", "Net Income Common Stockholders": "30,242", "Diluted NI Available to Com Stockholders": "30,242", "Basic EPS": "-", "Diluted EPS": "-", "Basic Average Shares": "-", "Diluted Average Shares": "-", "INTEREST_INCOME_AFTER_PROVISION_FOR_LOAN_LOSS": "92,065", "Net Income from Continuing & Discontinued Operation": "30,242", "Normalized Income": "31,012", "Total Money Market Investments": "461", "Reconciled Depreciation": "3,002", "Net Income from Continuing Operation Net Minority Interest": "30,242", "Total Unusual Items Excluding Goodwill": "-1,034", "Total Unusual Items": "-1,034", "Tax Rate for Calcs": "0", "Tax Effect of Unusual Items": "-263.67"}, "12/31/2019": {"Duration": "12/31/2019", "Total Revenue": "104,764", "Credit Losses Provision": "-900", "Non Interest Expense": "57,970", "Special Income Charges": "-", "Pretax Income": "45,894", "Tax Provision": "11,653", "Net Income Common Stockholders": "34,241", "Diluted NI Available to Com Stockholders": "34,241", "Basic EPS": "2.51", "Diluted EPS": "2.48", "Basic Average Shares": "13,620", "Diluted Average Shares": "13,794", "INTEREST_INCOME_AFTER_PROVISION_FOR_LOAN_LOSS": "94,780", "Net Income from Continuing & Discontinued Operation": "34,241", "Normalized Income": "34,241", "Total Money Market Investments": "1,321", "Reconciled Depreciation": "3,115", "Net Income from Continuing Operation Net Minority Interest": "34,241", "Total Unusual Items Excluding Goodwill": "-", "Total Unusual Items": "-", "Tax Rate for Calcs": "0", "Tax Effect of Unusual Items": "0"}, "12/31/2018": {"Duration": "12/31/2018", "Total Revenue": "101,683", "Credit Losses Provision": "0", "Non Interest Expense": "58,266", "Special Income Charges": "-", "Pretax Income": "43,417", "Tax Provision": "10,795", "Net Income Common Stockholders": "32,622", "Diluted NI Available to Com Stockholders": "32,622", "Basic EPS": "2.35", "Diluted EPS": "2.33", "Basic Average Shares": "13,864", "Diluted Average Shares": "14,029", "INTEREST_INCOME_AFTER_PROVISION_FOR_LOAN_LOSS": "91,544", "Net Income from Continuing & Discontinued Operation": "32,622", "Normalized Income": "32,622", "Total Money Market Investments": "1,461", "Reconciled Depreciation": "3,064", "Net Income from Continuing Operation Net Minority Interest": "32,622", "Total Unusual Items Excluding Goodwill": "-", "Total Unusual Items": "-", "Tax Rate for Calcs": "0", "Tax Effect of Unusual Items": "0"}}, "bs": {"12/31/2020": {"Duration": "12/31/2020", "Total Assets": "2,911,926", "Total Liabilities Net Minority Interest": "2,553,673", "Total Equity Gross Minority Interest": "358,253", "Total Capitalization": "361,088", "Common Stock Equity": "358,253", "Capital Lease Obligations": "27,062", "Net Tangible Assets": "324,282", "Invested Capital": "361,088", "Tangible Book Value": "324,282", "Total Debt": "29,897", "Share Issued": "13,500", "Ordinary Shares Number": "13,500"}, "12/31/2019": {"Duration": "12/31/2019", "Total Assets": "2,707,280", "Total Liabilities Net Minority Interest": "2,370,492", "Total Equity Gross Minority Interest": "336,788", "Total Capitalization": "339,708", "Common Stock Equity": "336,788", "Capital Lease Obligations": "12,615", "Net Tangible Assets": "301,964", "Invested Capital": "339,708", "Tangible Book Value": "301,964", "Total Debt": "15,535", "Share Issued": "13,577", "Ordinary Shares Number": "13,577"}, "12/31/2018": {"Duration": "12/31/2018", "Total Assets": "2,520,892", "Total Liabilities Net Minority Interest": "2,204,485", "Total Equity Gross Minority Interest": "316,407", "Total Capitalization": "326,047", "Common Stock Equity": "316,407", "Capital Lease Obligations": "-", "Net Tangible Assets": "280,696", "Invested Capital": "326,047", "Tangible Book Value": "280,696", "Total Debt": "9,640", "Share Issued": "13,844", "Ordinary Shares Number": "13,844"}}, "cf": {"TTM": {"Duration": "TTM", "Operating Cash Flow": "-", "Investing Cash Flow": "-", "Financing Cash Flow": "-", "End Cash Position": "-", "Income Tax Paid Supplemental Data": "-", "Interest Paid Supplemental Data": "-", "Capital Expenditure": "-", "Issuance of Debt": "-", "Repayment of Debt": "-", "Repurchase of Capital Stock": "-", "Free Cash Flow": "-"}, "12/31/2020": {"Duration": "12/31/2020", "Operating Cash Flow": "40,845", "Investing Cash Flow": "-173,443", "Financing Cash Flow": "149,530", "End Cash Position": "200,320", "Income Tax Paid Supplemental Data": "13,065", "Interest Paid Supplemental Data": "2,948", "Capital Expenditure": "-981", "Issuance of Debt": "-", "Repayment of Debt": "-172", "Repurchase of Capital Stock": "-6,898", "Free Cash Flow": "39,864"}, "12/31/2019": {"Duration": "12/31/2019", "Operating Cash Flow": "40,933", "Investing Cash Flow": "-20,754", "Financing Cash Flow": "128,988", "End Cash Position": "183,388", "Income Tax Paid Supplemental Data": "12,738", "Interest Paid Supplemental Data": "4,659", "Capital Expenditure": "-542", "Issuance of Debt": "-", "Repayment of Debt": "-7,168", "Repurchase of Capital Stock": "-15,062", "Free Cash Flow": "40,391"}, "12/31/2018": {"Duration": "12/31/2018", "Operating Cash Flow": "42,107", "Investing Cash Flow": "-225,303", "Financing Cash Flow": "13,872", "End Cash Position": "34,221", "Income Tax Paid Supplemental Data": "8,380", "Interest Paid Supplemental Data": "2,599", "Capital Expenditure": "-907", "Issuance of Debt": "7,000", "Repayment of Debt": "-4,137", "Repurchase of Capital Stock": "-6,869", "Free Cash Flow": "41,200"}}}}, {"PMBC": {"quote": {"04/24/2021": {"value": "8.62", "Market Cap": "206.475M", "Beta (5Y Monthly)": "0.98", "PE Ratio (TTM)": "24.56", "EPS (TTM)": "0.35", "Earnings Date": "Apr 28, 2021 - May 03, 2021", "Forward Dividend & Yield": "N/A (N/A)", "Ex-Dividend Date": "Feb 27, 2008", "1y Target Est": "10.50"}}, "fin": {"TTM": {"Duration": "TTM", "Total Revenue": "57,727", "Credit Losses Provision": "-9,050", "Non Interest Expense": "36,255", "Pretax Income": "12,422", "Tax Provision": "4,088", "Net Income Common Stockholders": "8,262", "Diluted NI Available to Com Stockholders": "8,262", "Basic EPS": "-", "Diluted EPS": "-", "Basic Average Shares": "-", "Diluted Average Shares": "-", "INTEREST_INCOME_AFTER_PROVISION_FOR_LOAN_LOSS": "42,932", "Net Income from Continuing & Discontinued Operation": "8,334", "Normalized Income": "8,433", "Total Money Market Investments": "959", "Reconciled Depreciation": "373", "Net Income from Continuing Operation Net Minority Interest": "8,334", "Total Unusual Items Excluding Goodwill": "-147", "Total Unusual Items": "-147", "Tax Rate for Calcs": "0", "Tax Effect of Unusual Items": "-48.363"}, "12/31/2020": {"Duration": "12/31/2020", "Total Revenue": "57,727", "Credit Losses Provision": "-9,050", "Non Interest Expense": "36,255", "Pretax Income": "12,422", "Tax Provision": "4,088", "Net Income Common Stockholders": "8,262", "Diluted NI Available to Com Stockholders": "8,262", "Basic EPS": "-", "Diluted EPS": "-", "Basic Average Shares": "-", "Diluted Average Shares": "-", "INTEREST_INCOME_AFTER_PROVISION_FOR_LOAN_LOSS": "42,932", "Net Income from Continuing & Discontinued Operation": "8,334", "Normalized Income": "8,433", "Total Money Market Investments": "959", "Reconciled Depreciation": "373", "Net Income from Continuing Operation Net Minority Interest": "8,334", "Total Unusual Items Excluding Goodwill": "-147", "Total Unusual Items": "-147", "Tax Rate for Calcs": "0", "Tax Effect of Unusual Items": "-48.363"}, "12/31/2019": {"Duration": "12/31/2019", "Total Revenue": "54,505", "Credit Losses Provision": "-9,150", "Non Interest Expense": "37,540", "Pretax Income": "7,815", "Tax Provision": "2,135", "Net Income Common Stockholders": "5,514", "Diluted NI Available to Com Stockholders": "5,514", "Basic EPS": "0.24", "Diluted EPS": "0.24", "Basic Average Shares": "23,499", "Diluted Average Shares": "23,632", "INTEREST_INCOME_AFTER_PROVISION_FOR_LOAN_LOSS": "40,406", "Net Income from Continuing & Discontinued Operation": "5,680", "Normalized Income": "5,711", "Total Money Market Investments": "5,264", "Reconciled Depreciation": "419", "Net Income from Continuing Operation Net Minority Interest": "5,680", "Total Unusual Items Excluding Goodwill": "-42", "Total Unusual Items": "-42", "Tax Rate for Calcs": "0", "Tax Effect of Unusual Items": "-11.088"}, "12/31/2018": {"Duration": "12/31/2018", "Total Revenue": "52,788", "Credit Losses Provision": "0", "Non Interest Expense": "36,201", "Pretax Income": "16,587", "Tax Provision": "-10,752", "Net Income Common Stockholders": "27,339", "Diluted NI Available to Com Stockholders": "27,339", "Basic EPS": "1.17", "Diluted EPS": "1.16", "Basic Average Shares": "22,788", "Diluted Average Shares": "23,527", "INTEREST_INCOME_AFTER_PROVISION_FOR_LOAN_LOSS": "48,922", "Net Income from Continuing & Discontinued Operation": "27,339", "Normalized Income": "27,342", "Total Money Market Investments": "3,756", "Reconciled Depreciation": "405", "Net Income from Continuing Operation Net Minority Interest": "27,339", "Total Unusual Items Excluding Goodwill": "-4", "Total Unusual Items": "-4", "Tax Rate for Calcs": "0", "Tax Effect of Unusual Items": "-1.08"}}, "bs": {"12/31/2020": {"Duration": "12/31/2020", "Total Assets": "1,587,590", "Total Liabilities Net Minority Interest": "1,428,841", "Total Equity Gross Minority Interest": "158,749", "Total Capitalization": "176,276", "Preferred Stock Equity": "-", "Common Stock Equity": "158,749", "Net Tangible Assets": "158,360", "Invested Capital": "186,276", "Tangible Book Value": "158,360", "Total Debt": "27,527", "Share Issued": "23,658", "Ordinary Shares Number": "23,658"}, "12/31/2019": {"Duration": "12/31/2019", "Total Assets": "1,416,154", "Total Liabilities Net Minority Interest": "1,267,106", "Total Equity Gross Minority Interest": "149,048", "Total Capitalization": "166,575", "Preferred Stock Equity": "-", "Common Stock Equity": "149,048", "Net Tangible Assets": "149,048", "Invested Capital": "196,575", "Tangible Book Value": "149,048", "Total Debt": "47,527", "Share Issued": "23,574", "Ordinary Shares Number": "23,574"}, "12/31/2018": {"Duration": "12/31/2018", "Total Assets": "1,349,338", "Total Liabilities Net Minority Interest": "1,207,964", "Total Equity Gross Minority Interest": "141,374", "Total Capitalization": "198,901", "Preferred Stock Equity": "8,480", "Common Stock Equity": "132,894", "Net Tangible Assets": "141,374", "Invested Capital": "190,421", "Tangible Book Value": "132,894", "Total Debt": "57,527", "Share Issued": "21,916", "Ordinary Shares Number": "21,916"}}, "cf": {"TTM": {"Duration": "TTM", "Operating Cash Flow": "10,179", "Investing Cash Flow": "-107,875", "Financing Cash Flow": "163,827", "End Cash Position": "286,269", "Income Tax Paid Supplemental Data": "4,166", "Interest Paid Supplemental Data": "8,826", "Capital Expenditure": "-302", "Issuance of Debt": "113,962", "Repayment of Debt": "-133,962", "Free Cash Flow": "9,877"}, "12/31/2020": {"Duration": "12/31/2020", "Operating Cash Flow": "10,179", "Investing Cash Flow": "-107,875", "Financing Cash Flow": "163,827", "End Cash Position": "286,269", "Income Tax Paid Supplemental Data": "4,166", "Interest Paid Supplemental Data": "8,826", "Capital Expenditure": "-302", "Issuance of Debt": "113,962", "Repayment of Debt": "-133,962", "Free Cash Flow": "9,877"}, "12/31/2019": {"Duration": "12/31/2019", "Operating Cash Flow": "17,021", "Investing Cash Flow": "-38,736", "Financing Cash Flow": "54,135", "End Cash Position": "220,138", "Income Tax Paid Supplemental Data": "62", "Interest Paid Supplemental Data": "16,084", "Capital Expenditure": "-497", "Issuance of Debt": "95,000", "Repayment of Debt": "-105,000", "Free Cash Flow": "16,524"}, "12/31/2018": {"Duration": "12/31/2018", "Operating Cash Flow": "17,264", "Investing Cash Flow": "-24,008", "Financing Cash Flow": "-3,746", "End Cash Position": "187,718", "Income Tax Paid Supplemental Data": "99", "Interest Paid Supplemental Data": "13,656", "Capital Expenditure": "-350", "Issuance of Debt": "71,000", "Repayment of Debt": "-71,727", "Free Cash Flow": "16,914"}}}}, {"PACW": {"quote": {"04/24/2021": {"value": "42.70", "Market Cap": "4.739B", "Beta (5Y Monthly)": "1.58", "PE Ratio (TTM)": "14.54", "EPS (TTM)": "2.94", "Earnings Date": "Jul 14, 2021 - Jul 19, 2021", "Forward Dividend & Yield": "1.00 (2.34%)", "Ex-Dividend Date": "Feb 26, 2021", "1y Target Est": "48.25"}}, "fin": {"TTM": {"Duration": "TTM", "Total Revenue": "1,155,454", "Credit Losses Provision": "-179,000", "Non Interest Expense": "509,285", "Special Income Charges": "-4,485", "Pretax Income": "462,684", "Tax Provision": "116,741", "Net Income Common Stockholders": "342,745", "Diluted NI Available to Com Stockholders": "342,745", "Basic EPS": "-", "Diluted EPS": "-", "Basic Average Shares": "-", "Diluted Average Shares": "-", "INTEREST_INCOME_AFTER_PROVISION_FOR_LOAN_LOSS": "847,080", "Net Income from Continuing & Discontinued Operation": "345,943", "Normalized Income": "349,296", "Total Money Market Investments": "3,503", "Reconciled Depreciation": "44,513", "Net Income from Continuing Operation Net Minority Interest": "345,943", "Total Unusual Items Excluding Goodwill": "-4,485", "Total Unusual Items": "-4,485", "Tax Rate for Calcs": "0", "Tax Effect of Unusual Items": "-1,132"}, "12/31/2020": {"Duration": "12/31/2020", "Total Revenue": "1,129,632", "Credit Losses Provision": "-339,000", "Non Interest Expense": "481,973", "Special Income Charges": "-1,471,060", "Pretax Income": "-1,162,401", "Tax Provision": "75,173", "Net Income Common Stockholders": "-1,239,356", "Diluted NI Available to Com Stockholders": "-1,239,356", "Basic EPS": "-", "Diluted EPS": "-", "Basic Average Shares": "-", "Diluted Average Shares": "-", "INTEREST_INCOME_AFTER_PROVISION_FOR_LOAN_LOSS": "675,558", "Net Income from Continuing & Discontinued Operation": "-1,237,574", "Normalized Income": "-163,700", "Total Money Market Investments": "3,583", "Reconciled Depreciation": "89,024", "Net Income from Continuing Operation Net Minority Interest": "-1,237,574", "Total Unusual Items Excluding Goodwill": "-1,471,060", "Total Unusual Items": "-1,471,060", "Tax Rate for Calcs": "0", "Tax Effect of Unusual Items": "-397,186"}, "12/31/2019": {"Duration": "12/31/2019", "Total Revenue": "1,130,421", "Credit Losses Provision": "-22,000", "Non Interest Expense": "475,132", "Special Income Charges": "-349", "Pretax Income": "632,940", "Tax Provision": "164,304", "Net Income Common Stockholders": "463,454", "Diluted NI Available to Com Stockholders": "463,454", "Basic EPS": "3.90", "Diluted EPS": "3.90", "Basic Average Shares": "118,966", "Diluted Average Shares": "118,966", "INTEREST_INCOME_AFTER_PROVISION_FOR_LOAN_LOSS": "992,629", "Net Income from Continuing & Discontinued Operation": "468,636", "Normalized Income": "468,894", "Total Money Market Investments": "6,479", "Reconciled Depreciation": "87,234", "Net Income from Continuing Operation Net Minority Interest": "468,636", "Total Unusual Items Excluding Goodwill": "-349", "Total Unusual Items": "-349", "Tax Rate for Calcs": "0", "Tax Effect of Unusual Items": "-90.74"}, "12/31/2018": {"Duration": "12/31/2018", "Total Revenue": "1,178,980", "Credit Losses Provision": "-45,000", "Non Interest Expense": "498,893", "Special Income Charges": "-1,770", "Pretax Income": "633,317", "Tax Provision": "167,978", "Net Income Common Stockholders": "460,220", "Diluted NI Available to Com Stockholders": "460,220", "Basic EPS": "3.72", "Diluted EPS": "3.72", "Basic Average Shares": "123,640", "Diluted Average Shares": "123,640", "INTEREST_INCOME_AFTER_PROVISION_FOR_LOAN_LOSS": "995,914", "Net Income from Continuing & Discontinued Operation": "465,339", "Normalized Income": "466,640", "Total Money Market Investments": "2,082", "Reconciled Depreciation": "57,674", "Net Income from Continuing Operation Net Minority Interest": "465,339", "Total Unusual Items Excluding Goodwill": "-1,770", "Total Unusual Items": "-1,770", "Tax Rate for Calcs": "0", "Tax Effect of Unusual Items": "-469.05"}}, "bs": {"12/31/2020": {"Duration": "12/31/2020", "Total Assets": "29,498,442", "Total Liabilities Net Minority Interest": "25,903,491", "Total Equity Gross Minority Interest": "3,594,951", "Total Capitalization": "4,060,763", "Common Stock Equity": "3,594,951", "Net Tangible Assets": "2,492,640", "Invested Capital": "4,065,763", "Tangible Book Value": "2,492,640", "Total Debt": "470,812", "Net Debt": "-", "Share Issued": "120,737", "Ordinary Shares Number": "118,415", "Treasury Shares Number": "2,322"}, "12/31/2019": {"Duration": "12/31/2019", "Total Assets": "26,770,806", "Total Liabilities Net Minority Interest": "21,816,109", "Total Equity Gross Minority Interest": "4,954,697", "Total Capitalization": "5,712,914", "Common Stock Equity": "4,954,697", "Net Tangible Assets": "2,367,633", "Invested Capital": "7,171,914", "Tangible Book Value": "2,367,633", "Total Debt": "2,217,217", "Net Debt": "1,579,593", "Share Issued": "121,890", "Ordinary Shares Number": "119,782", "Treasury Shares Number": "2,108"}, "12/31/2018": {"Duration": "12/31/2018", "Total Assets": "25,731,354", "Total Liabilities Net Minority Interest": "20,905,766", "Total Equity Gross Minority Interest": "4,825,588", "Total Capitalization": "5,469,548", "Common Stock Equity": "4,825,588", "Net Tangible Assets": "2,219,798", "Invested Capital": "6,650,548", "Tangible Book Value": "2,219,798", "Total Debt": "1,824,960", "Net Debt": "1,439,193", "Share Issued": "125,080", "Ordinary Shares Number": "123,190", "Treasury Shares Number": "1,890"}}, "cf": {"TTM": {"Duration": "TTM", "Operating Cash Flow": "-", "Investing Cash Flow": "-", "Financing Cash Flow": "-", "End Cash Position": "-", "Income Tax Paid Supplemental Data": "-", "Interest Paid Supplemental Data": "-", "Capital Expenditure": "-", "Issuance of Debt": "-", "Repayment of Debt": "-", "Repurchase of Capital Stock": "-", "Free Cash Flow": "-"}, "12/31/2020": {"Duration": "12/31/2020", "Operating Cash Flow": "483,873", "Investing Cash Flow": "-1,680,979", "Financing Cash Flow": "3,720,143", "End Cash Position": "3,160,661", "Income Tax Paid Supplemental Data": "114,235", "Interest Paid Supplemental Data": "99,605", "Capital Expenditure": "-59,294", "Issuance of Debt": "-", "Repayment of Debt": "-1,754,008", "Repurchase of Capital Stock": "-75,369", "Free Cash Flow": "424,579"}, "12/31/2019": {"Duration": "12/31/2019", "Operating Cash Flow": "582,660", "Investing Cash Flow": "-631,306", "Financing Cash Flow": "300,503", "End Cash Position": "637,624", "Income Tax Paid Supplemental Data": "123,533", "Interest Paid Supplemental Data": "200,463", "Capital Expenditure": "-70,100", "Issuance of Debt": "387,894", "Repayment of Debt": "0", "Repurchase of Capital Stock": "-162,965", "Free Cash Flow": "512,560"}, "12/31/2018": {"Duration": "12/31/2018", "Operating Cash Flow": "608,027", "Investing Cash Flow": "-917,193", "Financing Cash Flow": "296,496", "End Cash Position": "385,767", "Income Tax Paid Supplemental Data": "98,575", "Interest Paid Supplemental Data": "119,042", "Capital Expenditure": "-40,995", "Issuance of Debt": "903,772", "Repayment of Debt": "-12,372", "Repurchase of Capital Stock": "-315,542", "Free Cash Flow": "567,032"}}}}, {"UBFO": {"quote": {"04/24/2021": {"value": "8.09", "Market Cap": "135.062M", "Beta (5Y Monthly)": "0.78", "PE Ratio (TTM)": "18.06", "EPS (TTM)": "0.45", "Earnings Date": "Jul 13, 2021 - Jul 19, 2021", "Forward Dividend & Yield": "0.44 (5.51%)", "Ex-Dividend Date": "Apr 05, 2021", "1y Target Est": "N/A"}}, "fin": {"TTM": {"Duration": "TTM", "Total Revenue": "33,994", "Credit Losses Provision": "-1,437", "Non Interest Expense": "22,059", "Special Income Charges": "-", "Other Non Operating Income Expenses": "-", "Pretax Income": "10,498", "Tax Provision": "2,880", "Net Income Common Stockholders": "7,618", "Diluted NI Available to Com Stockholders": "7,618", "Basic EPS": "-", "Diluted EPS": "-", "Basic Average Shares": "-", "Diluted Average Shares": "-", "INTEREST_INCOME_AFTER_PROVISION_FOR_LOAN_LOSS": "30,197", "Net Income from Continuing & Discontinued Operation": "7,618", "Normalized Income": "7,609", "Total Money Market Investments": "225", "Reconciled Depreciation": "-", "Net Income from Continuing Operation Net Minority Interest": "7,618", "Total Unusual Items Excluding Goodwill": "13", "Total Unusual Items": "13", "Tax Rate for Calcs": "0", "Tax Effect of Unusual Items": "3.5664"}, "12/31/2020": {"Duration": "12/31/2020", "Total Revenue": "37,270", "Credit Losses Provision": "-2,769", "Non Interest Expense": "22,089", "Special Income Charges": "-", "Other Non Operating Income Expenses": "-", "Pretax Income": "12,412", "Tax Provision": "3,451", "Net Income Common Stockholders": "8,961", "Diluted NI Available to Com Stockholders": "8,961", "Basic EPS": "-", "Diluted EPS": "-", "Basic Average Shares": "-", "Diluted Average Shares": "-", "INTEREST_INCOME_AFTER_PROVISION_FOR_LOAN_LOSS": "29,398", "Net Income from Continuing & Discontinued Operation": "8,961", "Normalized Income": "8,961", "Total Money Market Investments": "730", "Reconciled Depreciation": "1,411", "Net Income from Continuing Operation Net Minority Interest": "8,961", "Total Unusual Items Excluding Goodwill": "0", "Total Unusual Items": "0", "Tax Rate for Calcs": "0", "Tax Effect of Unusual Items": "0"}, "12/31/2019": {"Duration": "12/31/2019", "Total Revenue": "42,511", "Credit Losses Provision": "-20", "Non Interest Expense": "21,222", "Special Income Charges": "-", "Other Non Operating Income Expenses": "1,165", "Pretax Income": "21,269", "Tax Provision": "6,097", "Net Income Common Stockholders": "15,172", "Diluted NI Available to Com Stockholders": "15,172", "Basic EPS": "0.90", "Diluted EPS": "0.89", "Basic Average Shares": "16,952", "Diluted Average Shares": "16,985", "INTEREST_INCOME_AFTER_PROVISION_FOR_LOAN_LOSS": "36,794", "Net Income from Continuing & Discontinued Operation": "15,172", "Normalized Income": "15,172", "Total Money Market Investments": "4,880", "Reconciled Depreciation": "1,402", "Net Income from Continuing Operation Net Minority Interest": "15,172", "Total Unusual Items Excluding Goodwill": "-244", "Total Unusual Items": "-244", "Tax Rate for Calcs": "0", "Tax Effect of Unusual Items": "0"}, "12/31/2018": {"Duration": "12/31/2018", "Total Revenue": "38,454", "Credit Losses Provision": "1,764", "Non Interest Expense": "20,869", "Special Income Charges": "0", "Other Non Operating Income Expenses": "-424", "Pretax Income": "19,349", "Tax Provision": "5,332", "Net Income Common Stockholders": "14,017", "Diluted NI Available to Com Stockholders": "14,017", "Basic EPS": "0.83", "Diluted EPS": "0.83", "Basic Average Shares": "16,900", "Diluted Average Shares": "16,939", "INTEREST_INCOME_AFTER_PROVISION_FOR_LOAN_LOSS": "35,676", "Net Income from Continuing & Discontinued Operation": "14,017", "Normalized Income": "14,017", "Total Money Market Investments": "3,086", "Reconciled Depreciation": "1,352", "Net Income from Continuing Operation Net Minority Interest": "14,017", "Total Unusual Items Excluding Goodwill": "-145", "Total Unusual Items": "-145", "Tax Rate for Calcs": "0", "Tax Effect of Unusual Items": "0"}}, "bs": {"12/31/2020": {"Duration": "12/31/2020", "Total Assets": "1,092,654", "Total Liabilities Net Minority Interest": "974,847", "Total Equity Gross Minority Interest": "117,807", "Total Capitalization": "128,731", "Common Stock Equity": "117,807", "Capital Lease Obligations": "2,967", "Net Tangible Assets": "113,319", "Invested Capital": "128,731", "Tangible Book Value": "113,319", "Total Debt": "13,891", "Share Issued": "17,010", "Ordinary Shares Number": "17,010"}, "12/31/2019": {"Duration": "12/31/2019", "Total Assets": "956,919", "Total Liabilities Net Minority Interest": "840,931", "Total Equity Gross Minority Interest": "115,988", "Total Capitalization": "126,796", "Common Stock Equity": "115,988", "Capital Lease Obligations": "3,463", "Net Tangible Assets": "111,500", "Invested Capital": "126,796", "Tangible Book Value": "111,500", "Total Debt": "14,271", "Share Issued": "16,974", "Ordinary Shares Number": "16,974"}, "12/31/2018": {"Duration": "12/31/2018", "Total Assets": "933,058", "Total Liabilities Net Minority Interest": "823,818", "Total Equity Gross Minority Interest": "109,240", "Total Capitalization": "119,395", "Common Stock Equity": "109,240", "Capital Lease Obligations": "-", "Net Tangible Assets": "104,752", "Invested Capital": "119,395", "Tangible Book Value": "104,752", "Total Debt": "10,155", "Share Issued": "16,947", "Ordinary Shares Number": "16,947"}}, "cf": {"TTM": {"Duration": "TTM", "Operating Cash Flow": "-", "Investing Cash Flow": "-", "Financing Cash Flow": "-", "End Cash Position": "-", "Income Tax Paid Supplemental Data": "-", "Interest Paid Supplemental Data": "-", "Capital Expenditure": "-", "Free Cash Flow": "-"}, "12/31/2020": {"Duration": "12/31/2020", "Operating Cash Flow": "13,800", "Investing Cash Flow": "-65,547", "Financing Cash Flow": "126,821", "End Cash Position": "294,069", "Income Tax Paid Supplemental Data": "-", "Interest Paid Supplemental Data": "-", "Capital Expenditure": "-1,141", "Free Cash Flow": "12,659"}, "12/31/2019": {"Duration": "12/31/2019", "Operating Cash Flow": "14,301", "Investing Cash Flow": "-22,763", "Financing Cash Flow": "7,120", "End Cash Position": "218,995", "Income Tax Paid Supplemental Data": "-", "Interest Paid Supplemental Data": "-", "Capital Expenditure": "-956", "Free Cash Flow": "13,345"}, "12/31/2018": {"Duration": "12/31/2018", "Operating Cash Flow": "11,124", "Investing Cash Flow": "-11,939", "Financing Cash Flow": "113,218", "End Cash Position": "220,337", "Income Tax Paid Supplemental Data": "7,060", "Interest Paid Supplemental Data": "2,690", "Capital Expenditure": "-1,024", "Free Cash Flow": "10,100"}}}}, {"CVCY": {"quote": {"04/24/2021": {"value": "19.54", "Market Cap": "246.61M", "Beta (5Y Monthly)": "0.86", "PE Ratio (TTM)": "11.51", "EPS (TTM)": "1.70", "Earnings Date": "Jul 20, 2021 - Jul 26, 2021", "Forward Dividend & Yield": "0.44 (2.25%)", "Ex-Dividend Date": "Feb 11, 2021", "1y Target Est": "22.13"}}, "fin": {"TTM": {"Duration": "TTM", "Total Revenue": "76,693", "Credit Losses Provision": "-3,275", "Non Interest Expense": "46,005", "Special Income Charges": "-152", "Pretax Income": "27,261", "Tax Provision": "6,914", "Net Income Common Stockholders": "20,347", "Diluted NI Available to Com Stockholders": "20,347", "Basic EPS": "-", "Diluted EPS": "-", "Basic Average Shares": "-", "Diluted Average Shares": "-", "INTEREST_INCOME_AFTER_PROVISION_FOR_LOAN_LOSS": "61,148", "Net Income from Continuing & Discontinued Operation": "20,347", "Normalized Income": "20,460", "Total Money Market Investments": "246", "Reconciled Depreciation": "5,503", "Net Income from Continuing Operation Net Minority Interest": "20,347", "Total Unusual Items Excluding Goodwill": "-152", "Total Unusual Items": "-152", "Tax Rate for Calcs": "0", "Tax Effect of Unusual Items": "-38.608"}, "12/31/2020": {"Duration": "12/31/2020", "Total Revenue": "76,693", "Credit Losses Provision": "-3,275", "Non Interest Expense": "46,005", "Special Income Charges": "-152", "Pretax Income": "27,261", "Tax Provision": "6,914", "Net Income Common Stockholders": "20,347", "Diluted NI Available to Com Stockholders": "20,347", "Basic EPS": "-", "Diluted EPS": "-", "Basic Average Shares": "-", "Diluted Average Shares": "-", "INTEREST_INCOME_AFTER_PROVISION_FOR_LOAN_LOSS": "61,148", "Net Income from Continuing & Discontinued Operation": "20,347", "Normalized Income": "20,460", "Total Money Market Investments": "246", "Reconciled Depreciation": "5,503", "Net Income from Continuing Operation Net Minority Interest": "20,347", "Total Unusual Items Excluding Goodwill": "-152", "Total Unusual Items": "-152", "Tax Rate for Calcs": "0", "Tax Effect of Unusual Items": "-38.608"}, "12/31/2019": {"Duration": "12/31/2019", "Total Revenue": "75,175", "Credit Losses Provision": "-1,025", "Non Interest Expense": "43,986", "Special Income Charges": "-212", "Pretax Income": "29,952", "Tax Provision": "8,509", "Net Income Common Stockholders": "21,443", "Diluted NI Available to Com Stockholders": "21,443", "Basic EPS": "1.60", "Diluted EPS": "1.59", "Basic Average Shares": "13,415", "Diluted Average Shares": "13,514", "INTEREST_INCOME_AFTER_PROVISION_FOR_LOAN_LOSS": "62,747", "Net Income from Continuing & Discontinued Operation": "21,443", "Normalized Income": "21,595", "Total Money Market Investments": "375", "Reconciled Depreciation": "6,306", "Net Income from Continuing Operation Net Minority Interest": "21,443", "Total Unusual Items Excluding Goodwill": "-212", "Total Unusual Items": "-212", "Tax Rate for Calcs": "0", "Tax Effect of Unusual Items": "-60.208"}, "12/31/2018": {"Duration": "12/31/2018", "Total Revenue": "71,358", "Credit Losses Provision": "-50", "Non Interest Expense": "42,937", "Special Income Charges": "-462", "Pretax Income": "27,909", "Tax Provision": "6,620", "Net Income Common Stockholders": "21,289", "Diluted NI Available to Com Stockholders": "21,289", "Basic EPS": "1.55", "Diluted EPS": "1.54", "Basic Average Shares": "13,700", "Diluted Average Shares": "13,825", "INTEREST_INCOME_AFTER_PROVISION_FOR_LOAN_LOSS": "62,653", "Net Income from Continuing & Discontinued Operation": "21,289", "Normalized Income": "21,642", "Total Money Market Investments": "459", "Reconciled Depreciation": "8,160", "Net Income from Continuing Operation Net Minority Interest": "21,289", "Total Unusual Items Excluding Goodwill": "-462", "Total Unusual Items": "-462", "Tax Rate for Calcs": "0", "Tax Effect of Unusual Items": "-109.494"}}, "bs": {"12/31/2020": {"Duration": "12/31/2020", "Total Assets": "2,004,096", "Total Liabilities Net Minority Interest": "1,759,075", "Total Equity Gross Minority Interest": "245,021", "Total Capitalization": "250,176", "Common Stock Equity": "245,021", "Capital Lease Obligations": "8,881", "Net Tangible Assets": "190,061", "Invested Capital": "250,176", "Tangible Book Value": "190,061", "Total Debt": "14,036", "Share Issued": "12,510", "Ordinary Shares Number": "12,510"}, "12/31/2019": {"Duration": "12/31/2019", "Total Assets": "1,596,755", "Total Liabilities Net Minority Interest": "1,368,627", "Total Equity Gross Minority Interest": "228,128", "Total Capitalization": "233,283", "Common Stock Equity": "228,128", "Capital Lease Obligations": "-", "Net Tangible Assets": "172,473", "Invested Capital": "233,283", "Tangible Book Value": "172,473", "Total Debt": "5,155", "Share Issued": "13,052", "Ordinary Shares Number": "13,052"}, "12/31/2018": {"Duration": "12/31/2018", "Total Assets": "1,537,836", "Total Liabilities Net Minority Interest": "1,318,098", "Total Equity Gross Minority Interest": "219,738", "Total Capitalization": "224,893", "Common Stock Equity": "219,738", "Capital Lease Obligations": "-", "Net Tangible Assets": "163,389", "Invested Capital": "234,893", "Tangible Book Value": "163,389", "Total Debt": "15,155", "Share Issued": "13,755", "Ordinary Shares Number": "13,755"}}, "cf": {"TTM": {"Duration": "TTM", "Operating Cash Flow": "16,990", "Investing Cash Flow": "-372,607", "Financing Cash Flow": "373,321", "End Cash Position": "70,278", "Income Tax Paid Supplemental Data": "5,120", "Interest Paid Supplemental Data": "1,706", "Capital Expenditure": "-1,492", "Issuance of Debt": "0", "Repayment of Debt": "0", "Repurchase of Capital Stock": "-11,052", "Free Cash Flow": "15,498"}, "12/31/2020": {"Duration": "12/31/2020", "Operating Cash Flow": "16,990", "Investing Cash Flow": "-372,607", "Financing Cash Flow": "373,321", "End Cash Position": "70,278", "Income Tax Paid Supplemental Data": "5,120", "Interest Paid Supplemental Data": "1,706", "Capital Expenditure": "-1,492", "Issuance of Debt": "0", "Repayment of Debt": "0", "Repurchase of Capital Stock": "-11,052", "Free Cash Flow": "15,498"}, "12/31/2019": {"Duration": "12/31/2019", "Operating Cash Flow": "21,721", "Investing Cash Flow": "-20,929", "Financing Cash Flow": "20,055", "End Cash Position": "52,574", "Income Tax Paid Supplemental Data": "9,140", "Interest Paid Supplemental Data": "2,517", "Capital Expenditure": "-876", "Issuance of Debt": "728,370", "Repayment of Debt": "-738,370", "Repurchase of Capital Stock": "-15,619", "Free Cash Flow": "20,845"}, "12/31/2018": {"Duration": "12/31/2018", "Operating Cash Flow": "29,911", "Investing Cash Flow": "39,035", "Financing Cash Flow": "-137,602", "End Cash Position": "31,727", "Income Tax Paid Supplemental Data": "2,700", "Interest Paid Supplemental Data": "1,460", "Capital Expenditure": "-791", "Issuance of Debt": "588,205", "Repayment of Debt": "-578,205", "Repurchase of Capital Stock": "-894", "Free Cash Flow": "29,120"}}}}, {"CIVB": {"quote": {"04/24/2021": {"value": "23.21", "Market Cap": "362.74M", "Beta (5Y Monthly)": "N/A", "PE Ratio (TTM)": "10.55", "EPS (TTM)": "2.20", "Earnings Date": "Apr 23, 2021", "Forward Dividend & Yield": "0.48 (2.07%)", "Ex-Dividend Date": "Apr 19, 2021", "1y Target Est": "26.25"}}, "fin": {"TTM": {"Duration": "TTM", "Total Revenue": "116,041", "Credit Losses Provision": "-10,112", "Non Interest Expense": "68,797", "Pretax Income": "37,132", "Tax Provision": "4,940", "Net Income Common Stockholders": "32,192", "Average Dilution Earnings": "0", "Diluted NI Available to Com Stockholders": "32,192", "Basic EPS": "-", "Diluted EPS": "-", "Basic Average Shares": "-", "Diluted Average Shares": "-", "INTEREST_INCOME_AFTER_PROVISION_FOR_LOAN_LOSS": "79,615", "Net Income from Continuing & Discontinued Operation": "32,192", "Normalized Income": "32,192", "Total Money Market Investments": "606", "Reconciled Depreciation": "3,166", "Net Income from Continuing Operation Net Minority Interest": "32,192", "Total Unusual Items Excluding Goodwill": "-", "Total Unusual Items": "-", "Tax Rate for Calcs": "0", "Tax Effect of Unusual Items": "0"}, "12/31/2020": {"Duration": "12/31/2020", "Total Revenue": "116,041", "Credit Losses Provision": "-10,112", "Non Interest Expense": "68,797", "Pretax Income": "37,132", "Tax Provision": "4,940", "Net Income Common Stockholders": "32,192", "Average Dilution Earnings": "0", "Diluted NI Available to Com Stockholders": "32,192", "Basic EPS": "-", "Diluted EPS": "-", "Basic Average Shares": "-", "Diluted Average Shares": "-", "INTEREST_INCOME_AFTER_PROVISION_FOR_LOAN_LOSS": "79,615", "Net Income from Continuing & Discontinued Operation": "32,192", "Normalized Income": "32,192", "Total Money Market Investments": "606", "Reconciled Depreciation": "3,166", "Net Income from Continuing Operation Net Minority Interest": "32,192", "Total Unusual Items Excluding Goodwill": "-", "Total Unusual Items": "-", "Tax Rate for Calcs": "0", "Tax Effect of Unusual Items": "0"}, "12/31/2019": {"Duration": "12/31/2019", "Total Revenue": "105,656", "Credit Losses Provision": "-1,035", "Non Interest Expense": "65,060", "Pretax Income": "39,561", "Tax Provision": "5,683", "Net Income Common Stockholders": "33,231", "Average Dilution Earnings": "647", "Diluted NI Available to Com Stockholders": "33,878", "Basic EPS": "2.12", "Diluted EPS": "2.01", "Basic Average Shares": "15,653", "Diluted Average Shares": "16,852", "INTEREST_INCOME_AFTER_PROVISION_FOR_LOAN_LOSS": "84,065", "Net Income from Continuing & Discontinued Operation": "33,878", "Normalized Income": "33,878", "Total Money Market Investments": "851", "Reconciled Depreciation": "3,185", "Net Income from Continuing Operation Net Minority Interest": "33,878", "Total Unusual Items Excluding Goodwill": "0", "Total Unusual Items": "0", "Tax Rate for Calcs": "0", "Tax Effect of Unusual Items": "0"}, "12/31/2018": {"Duration": "12/31/2018", "Total Revenue": "83,169", "Credit Losses Provision": "-780", "Non Interest Expense": "65,610", "Pretax Income": "16,779", "Tax Provision": "2,640", "Net Income Common Stockholders": "13,180", "Average Dilution Earnings": "-", "Diluted NI Available to Com Stockholders": "13,180", "Basic EPS": "1.10", "Diluted EPS": "1.02", "Basic Average Shares": "11,972", "Diluted Average Shares": "13,856", "INTEREST_INCOME_AFTER_PROVISION_FOR_LOAN_LOSS": "65,327", "Net Income from Continuing & Discontinued Operation": "14,139", "Normalized Income": "14,124", "Total Money Market Investments": "735", "Reconciled Depreciation": "1,881", "Net Income from Continuing Operation Net Minority Interest": "14,139", "Total Unusual Items Excluding Goodwill": "18", "Total Unusual Items": "18", "Tax Rate for Calcs": "0", "Tax Effect of Unusual Items": "2.8321"}}, "bs": {"12/31/2020": {"Duration": "12/31/2020", "Total Assets": "2,762,918", "Total Liabilities Net Minority Interest": "2,412,810", "Total Equity Gross Minority Interest": "350,108", "Total Capitalization": "504,535", "Preferred Stock Equity": "-", "Common Stock Equity": "350,108", "Net Tangible Assets": "265,182", "Invested Capital": "504,535", "Tangible Book Value": "265,182", "Total Debt": "154,427", "Net Debt": "26,205", "Share Issued": "17,665", "Ordinary Shares Number": "15,898", "Preferred Shares Number": "-", "Treasury Shares Number": "1,767"}, "12/31/2019": {"Duration": "12/31/2019", "Total Assets": "2,309,557", "Total Liabilities Net Minority Interest": "1,979,431", "Total Equity Gross Minority Interest": "330,126", "Total Capitalization": "586,053", "Preferred Stock Equity": "-", "Common Stock Equity": "330,126", "Net Tangible Assets": "244,970", "Invested Capital": "586,053", "Tangible Book Value": "244,970", "Total Debt": "255,927", "Net Debt": "207,392", "Share Issued": "17,624", "Ordinary Shares Number": "16,688", "Preferred Shares Number": "-", "Treasury Shares Number": "936.164"}, "12/31/2018": {"Duration": "12/31/2018", "Total Assets": "2,138,954", "Total Liabilities Net Minority Interest": "1,840,056", "Total Equity Gross Minority Interest": "298,898", "Total Capitalization": "521,925", "Preferred Stock Equity": "9,364", "Common Stock Equity": "289,534", "Net Tangible Assets": "212,695", "Invested Capital": "512,561", "Tangible Book Value": "203,331", "Total Debt": "223,027", "Net Debt": "180,248", "Share Issued": "16,351", "Ordinary Shares Number": "15,603", "Preferred Shares Number": "404.8", "Treasury Shares Number": "747.964"}}, "cf": {"TTM": {"Duration": "TTM", "Operating Cash Flow": "32,207", "Investing Cash Flow": "-340,022", "Financing Cash Flow": "398,802", "End Cash Position": "139,522", "Income Tax Paid Supplemental Data": "7,095", "Interest Paid Supplemental Data": "10,211", "Capital Expenditure": "-1,972", "Issuance of Capital Stock": "-", "Issuance of Debt": "183,695", "Repayment of Debt": "-183,695", "Repurchase of Capital Stock": "-13,454", "Free Cash Flow": "30,235"}, "12/31/2020": {"Duration": "12/31/2020", "Operating Cash Flow": "32,207", "Investing Cash Flow": "-340,022", "Financing Cash Flow": "398,802", "End Cash Position": "139,522", "Income Tax Paid Supplemental Data": "7,095", "Interest Paid Supplemental Data": "10,211", "Capital Expenditure": "-1,972", "Issuance of Capital Stock": "-", "Issuance of Debt": "183,695", "Repayment of Debt": "-183,695", "Repurchase of Capital Stock": "-13,454", "Free Cash Flow": "30,235"}, "12/31/2019": {"Duration": "12/31/2019", "Operating Cash Flow": "39,526", "Investing Cash Flow": "-150,509", "Financing Cash Flow": "116,739", "End Cash Position": "48,535", "Income Tax Paid Supplemental Data": "5,700", "Interest Paid Supplemental Data": "12,907", "Capital Expenditure": "-3,201", "Issuance of Capital Stock": "0", "Issuance of Debt": "125,000", "Repayment of Debt": "-5,000", "Repurchase of Capital Stock": "-4,313", "Free Cash Flow": "36,325"}, "12/31/2018": {"Duration": "12/31/2018", "Operating Cash Flow": "19,957", "Investing Cash Flow": "-34,118", "Financing Cash Flow": "16,421", "End Cash Position": "42,779", "Income Tax Paid Supplemental Data": "1,600", "Interest Paid Supplemental Data": "7,751", "Capital Expenditure": "-1,472", "Issuance of Capital Stock": "0", "Issuance of Debt": "-", "Repayment of Debt": "-10,000", "Repurchase of Capital Stock": "0", "Free Cash Flow": "18,485"}}}}, {"OVLY": {"quote": {"04/24/2021": {"value": "17.55", "Market Cap": "141.576M", "Beta (5Y Monthly)": "0.53", "PE Ratio (TTM)": "10.45", "EPS (TTM)": "1.68", "Earnings Date": "Jan 21, 2021", "Forward Dividend & Yield": "0.29 (1.65%)", "Ex-Dividend Date": "Jan 29, 2021", "1y Target Est": "N/A"}}, "fin": {"TTM": {"Duration": "TTM", "Total Revenue": "49,772", "Credit Losses Provision": "-2,165", "Non Interest Expense": "29,864", "Pretax Income": "17,743", "Tax Provision": "4,056", "Net Income Common Stockholders": "13,687", "Diluted NI Available to Com Stockholders": "13,687", "Basic EPS": "-", "Diluted EPS": "-", "Basic Average Shares": "-", "Diluted Average Shares": "-", "INTEREST_INCOME_AFTER_PROVISION_FOR_LOAN_LOSS": "42,792", "Net Income from Continuing & Discontinued Operation": "13,687", "Normalized Income": "13,661", "Total Money Market Investments": "518", "Reconciled Depreciation": "1,199", "Net Income from Continuing Operation Net Minority Interest": "13,687", "Total Unusual Items Excluding Goodwill": "34", "Total Unusual Items": "34", "Tax Rate for Calcs": "0", "Tax Effect of Unusual Items": "7.786"}, "12/31/2020": {"Duration": "12/31/2020", "Total Revenue": "49,772", "Credit Losses Provision": "-2,165", "Non Interest Expense": "29,864", "Pretax Income": "17,743", "Tax Provision": "4,056", "Net Income Common Stockholders": "13,687", "Diluted NI Available to Com Stockholders": "13,687", "Basic EPS": "-", "Diluted EPS": "-", "Basic Average Shares": "-", "Diluted Average Shares": "-", "INTEREST_INCOME_AFTER_PROVISION_FOR_LOAN_LOSS": "42,792", "Net Income from Continuing & Discontinued Operation": "13,687", "Normalized Income": "13,661", "Total Money Market Investments": "518", "Reconciled Depreciation": "1,199", "Net Income from Continuing Operation Net Minority Interest": "13,687", "Total Unusual Items Excluding Goodwill": "34", "Total Unusual Items": "34", "Tax Rate for Calcs": "0", "Tax Effect of Unusual Items": "7.786"}, "12/31/2019": {"Duration": "12/31/2019", "Total Revenue": "46,081", "Credit Losses Provision": "-545", "Non Interest Expense": "28,847", "Pretax Income": "16,689", "Tax Provision": "4,200", "Net Income Common Stockholders": "12,489", "Diluted NI Available to Com Stockholders": "12,489", "Basic EPS": "1.54", "Diluted EPS": "1.54", "Basic Average Shares": "8,102", "Diluted Average Shares": "8,117", "INTEREST_INCOME_AFTER_PROVISION_FOR_LOAN_LOSS": "40,489", "Net Income from Continuing & Discontinued Operation": "12,489", "Normalized Income": "12,489", "Total Money Market Investments": "1,917", "Reconciled Depreciation": "1,091", "Net Income from Continuing Operation Net Minority Interest": "12,489", "Total Unusual Items Excluding Goodwill": "0", "Total Unusual Items": "0", "Tax Rate for Calcs": "0", "Tax Effect of Unusual Items": "0"}, "12/31/2018": {"Duration": "12/31/2018", "Total Revenue": "43,280", "Credit Losses Provision": "-555", "Non Interest Expense": "27,378", "Pretax Income": "15,347", "Tax Provision": "3,810", "Net Income Common Stockholders": "11,537", "Diluted NI Available to Com Stockholders": "11,537", "Basic EPS": "1.43", "Diluted EPS": "1.42", "Basic Average Shares": "8,081", "Diluted Average Shares": "8,100", "INTEREST_INCOME_AFTER_PROVISION_FOR_LOAN_LOSS": "38,013", "Net Income from Continuing & Discontinued Operation": "11,537", "Normalized Income": "11,392", "Total Money Market Investments": "2,837", "Reconciled Depreciation": "1,187", "Net Income from Continuing Operation Net Minority Interest": "11,537", "Total Unusual Items Excluding Goodwill": "193", "Total Unusual Items": "193", "Tax Rate for Calcs": "0", "Tax Effect of Unusual Items": "47.864"}}, "bs": {"12/31/2020": {"Duration": "12/31/2020", "Total Assets": "1,511,478", "Total Liabilities Net Minority Interest": "1,381,784", "Total Equity Gross Minority Interest": "129,694", "Common Stock Equity": "129,694", "Net Tangible Assets": "125,954", "Tangible Book Value": "125,954", "Share Issued": "8,219", "Ordinary Shares Number": "8,219"}, "12/31/2019": {"Duration": "12/31/2019", "Total Assets": "1,147,785", "Total Liabilities Net Minority Interest": "1,035,215", "Total Equity Gross Minority Interest": "112,570", "Common Stock Equity": "112,570", "Net Tangible Assets": "108,733", "Tangible Book Value": "108,733", "Share Issued": "8,210", "Ordinary Shares Number": "8,210"}, "12/31/2018": {"Duration": "12/31/2018", "Total Assets": "1,094,887", "Total Liabilities Net Minority Interest": "995,849", "Total Equity Gross Minority Interest": "99,038", "Common Stock Equity": "99,038", "Net Tangible Assets": "95,096", "Tangible Book Value": "95,096", "Share Issued": "8,195", "Ordinary Shares Number": "8,195"}}, "cf": {"TTM": {"Duration": "TTM", "Operating Cash Flow": "19,240", "Investing Cash Flow": "-285,649", "Financing Cash Flow": "345,471", "End Cash Position": "226,656", "Income Tax Paid Supplemental Data": "4,338", "Interest Paid Supplemental Data": "1,149", "Capital Expenditure": "-1,740", "Issuance of Capital Stock": "-", "Issuance of Debt": "50,000", "Repayment of Debt": "-50,000", "Free Cash Flow": "17,500"}, "12/31/2020": {"Duration": "12/31/2020", "Operating Cash Flow": "19,240", "Investing Cash Flow": "-285,649", "Financing Cash Flow": "345,471", "End Cash Position": "226,656", "Income Tax Paid Supplemental Data": "4,338", "Interest Paid Supplemental Data": "1,149", "Capital Expenditure": "-1,740", "Issuance of Capital Stock": "-", "Issuance of Debt": "50,000", "Repayment of Debt": "-50,000", "Free Cash Flow": "17,500"}, "12/31/2019": {"Duration": "12/31/2019", "Operating Cash Flow": "17,209", "Investing Cash Flow": "-26,856", "Financing Cash Flow": "31,096", "End Cash Position": "147,594", "Income Tax Paid Supplemental Data": "3,870", "Interest Paid Supplemental Data": "1,558", "Capital Expenditure": "-1,383", "Issuance of Capital Stock": "-", "Issuance of Debt": "-", "Repayment of Debt": "-", "Free Cash Flow": "15,826"}, "12/31/2018": {"Duration": "12/31/2018", "Operating Cash Flow": "13,033", "Investing Cash Flow": "-81,564", "Financing Cash Flow": "45,503", "End Cash Position": "126,145", "Income Tax Paid Supplemental Data": "4,145", "Interest Paid Supplemental Data": "1,611", "Capital Expenditure": "-1,646", "Issuance of Capital Stock": "7", "Issuance of Debt": "-", "Repayment of Debt": "-", "Free Cash Flow": "11,387"}}}}, {"CFNB": {"quote": {"04/24/2021": {"value": "17.55", "Market Cap": "180.486M", "Beta (5Y Monthly)": "0.45", "PE Ratio (TTM)": "16.73", "EPS (TTM)": "1.05", "Earnings Date": "N/A", "Forward Dividend & Yield": "0.54 (3.08%)", "Ex-Dividend Date": "Nov 12, 2020", "1y Target Est": "N/A"}}, "fin": {"TTM": {"Duration": "TTM", "Total Revenue": "8,422", "Credit Losses Provision": "232", "Non Interest Expense": "4,642", "Special Income Charges": "-", "Pretax Income": "4,012", "Tax Provision": "1,306", "Net Income Common Stockholders": "2,706", "Diluted NI Available to Com Stockholders": "2,706", "Basic EPS": "-", "Diluted EPS": "-", "Basic Average Shares": "-", "Diluted Average Shares": "-", "INTEREST_INCOME_AFTER_PROVISION_FOR_LOAN_LOSS": "7,505", "Net Income from Continuing & Discontinued Operation": "2,706", "Normalized Income": "2,706", "Total Money Market Investments": "1,111", "Reconciled Depreciation": "345", "Net Income from Continuing Operation Net Minority Interest": "2,706", "Total Unusual Items Excluding Goodwill": "-", "Total Unusual Items": "-", "Tax Rate for Calcs": "0", "Tax Effect of Unusual Items": "0"}, "6/30/2020": {"Duration": "6/30/2020", "Total Revenue": "4,362", "Credit Losses Provision": "582", "Non Interest Expense": "5,234", "Special Income Charges": "-", "Pretax Income": "-290", "Tax Provision": "2,073", "Net Income Common Stockholders": "-2,363", "Diluted NI Available to Com Stockholders": "-2,363", "Basic EPS": "-0.23", "Diluted EPS": "-0.23", "Basic Average Shares": "10,284", "Diluted Average Shares": "10,284", "INTEREST_INCOME_AFTER_PROVISION_FOR_LOAN_LOSS": "10,159", "Net Income from Continuing & Discontinued Operation": "-2,363", "Normalized Income": "-2,363", "Total Money Market Investments": "1,111", "Reconciled Depreciation": "489", "Net Income from Continuing Operation Net Minority Interest": "-2,363", "Total Unusual Items Excluding Goodwill": "-", "Total Unusual Items": "-", "Tax Rate for Calcs": "0", "Tax Effect of Unusual Items": "0"}, "6/30/2019": {"Duration": "6/30/2019", "Total Revenue": "15,340", "Credit Losses Provision": "1,100", "Non Interest Expense": "7,073", "Special Income Charges": "1,839", "Pretax Income": "9,367", "Tax Provision": "2,033", "Net Income Common Stockholders": "7,334", "Diluted NI Available to Com Stockholders": "7,334", "Basic EPS": "0.71", "Diluted EPS": "0.71", "Basic Average Shares": "10,284", "Diluted Average Shares": "10,284", "INTEREST_INCOME_AFTER_PROVISION_FOR_LOAN_LOSS": "13,691", "Net Income from Continuing & Discontinued Operation": "7,334", "Normalized Income": "7,334", "Total Money Market Investments": "1,574", "Reconciled Depreciation": "379", "Net Income from Continuing Operation Net Minority Interest": "7,334", "Total Unusual Items Excluding Goodwill": "1,839", "Total Unusual Items": "1,839", "Tax Rate for Calcs": "0", "Tax Effect of Unusual Items": "0"}, "6/30/2018": {"Duration": "6/30/2018", "Total Revenue": "21,183", "Credit Losses Provision": "4,225", "Non Interest Expense": "9,374", "Special Income Charges": "2,963", "Pretax Income": "16,034", "Tax Provision": "3,525", "Net Income Common Stockholders": "12,509", "Diluted NI Available to Com Stockholders": "12,509", "Basic EPS": "1.22", "Diluted EPS": "1.22", "Basic Average Shares": "10,284", "Diluted Average Shares": "10,284", "INTEREST_INCOME_AFTER_PROVISION_FOR_LOAN_LOSS": "21,445", "Net Income from Continuing & Discontinued Operation": "12,509", "Normalized Income": "12,509", "Total Money Market Investments": "864", "Reconciled Depreciation": "-314", "Net Income from Continuing Operation Net Minority Interest": "12,509", "Total Unusual Items Excluding Goodwill": "2,963", "Total Unusual Items": "2,963", "Tax Rate for Calcs": "0", "Tax Effect of Unusual Items": "0"}}, "bs": {"6/30/2020": {"Duration": "6/30/2020", "Total Assets": "267,760", "Total Liabilities Net Minority Interest": "68,137", "Total Equity Gross Minority Interest": "199,623", "Total Capitalization": "201,564", "Common Stock Equity": "199,623", "Net Tangible Assets": "199,623", "Invested Capital": "201,564", "Tangible Book Value": "199,623", "Total Debt": "1,941", "Share Issued": "10,284", "Ordinary Shares Number": "10,284"}, "6/30/2019": {"Duration": "6/30/2019", "Total Assets": "304,944", "Total Liabilities Net Minority Interest": "97,640", "Total Equity Gross Minority Interest": "207,304", "Total Capitalization": "209,959", "Common Stock Equity": "207,304", "Net Tangible Assets": "207,304", "Invested Capital": "209,959", "Tangible Book Value": "207,304", "Total Debt": "2,655", "Share Issued": "10,284", "Ordinary Shares Number": "10,284"}, "6/30/2018": {"Duration": "6/30/2018", "Total Assets": "389,202", "Total Liabilities Net Minority Interest": "184,239", "Total Equity Gross Minority Interest": "204,963", "Total Capitalization": "208,331", "Common Stock Equity": "204,963", "Net Tangible Assets": "204,963", "Invested Capital": "208,331", "Tangible Book Value": "204,963", "Total Debt": "3,368", "Share Issued": "10,284", "Ordinary Shares Number": "10,284"}}, "cf": {"TTM": {"Duration": "TTM", "Operating Cash Flow": "4,339", "Investing Cash Flow": "47,857", "Financing Cash Flow": "-25,070", "End Cash Position": "98,857", "Income Tax Paid Supplemental Data": "1,391", "Interest Paid Supplemental Data": "134", "Repurchase of Capital Stock": "-", "Free Cash Flow": "4,339"}, "6/30/2020": {"Duration": "6/30/2020", "Operating Cash Flow": "22,462", "Investing Cash Flow": "98,058", "Financing Cash Flow": "-36,286", "End Cash Position": "153,083", "Income Tax Paid Supplemental Data": "2,720", "Interest Paid Supplemental Data": "395", "Repurchase of Capital Stock": "-", "Free Cash Flow": "22,462"}, "6/30/2019": {"Duration": "6/30/2019", "Operating Cash Flow": "56,494", "Investing Cash Flow": "35,870", "Financing Cash Flow": "-86,822", "End Cash Position": "68,849", "Income Tax Paid Supplemental Data": "1,696", "Interest Paid Supplemental Data": "1,638", "Repurchase of Capital Stock": "-", "Free Cash Flow": "56,494"}, "6/30/2018": {"Duration": "6/30/2018", "Operating Cash Flow": "125,714", "Investing Cash Flow": "185,678", "Financing Cash Flow": "-344,140", "End Cash Position": "63,307", "Income Tax Paid Supplemental Data": "5,668", "Interest Paid Supplemental Data": "3,577", "Repurchase of Capital Stock": "0", "Free Cash Flow": "125,714"}}}}, {"PLBC": {"quote": {"04/24/2021": {"value": "27.72", "Market Cap": "146.553M", "Beta (5Y Monthly)": "0.70", "PE Ratio (TTM)": "9.27", "EPS (TTM)": "2.99", "Earnings Date": "Jan 20, 2021", "Forward Dividend & Yield": "0.56 (2.02%)", "Ex-Dividend Date": "Jan 29, 2021", "1y Target Est": "N/A"}}, "fin": {"TTM": {"Duration": "TTM", "Total Revenue": "48,021", "Credit Losses Provision": "-2,800", "Non Interest Expense": "23,667", "Pretax Income": "21,554", "Tax Provision": "5,954", "Net Income Common Stockholders": "15,600", "Diluted NI Available to Com Stockholders": "15,600", "Basic EPS": "-", "Diluted EPS": "-", "Basic Average Shares": "-", "Diluted Average Shares": "-", "INTEREST_INCOME_AFTER_PROVISION_FOR_LOAN_LOSS": "36,854", "Net Income from Continuing & Discontinued Operation": "15,600", "Normalized Income": "15,593", "Reconciled Depreciation": "-", "Net Income from Continuing Operation Net Minority Interest": "15,600", "Total Unusual Items Excluding Goodwill": "9", "Total Unusual Items": "9", "Tax Rate for Calcs": "0", "Tax Effect of Unusual Items": "2.4861"}, "12/31/2020": {"Duration": "12/31/2020", "Total Revenue": "46,638", "Credit Losses Provision": "-3,175", "Non Interest Expense": "23,511", "Pretax Income": "19,952", "Tax Provision": "5,477", "Net Income Common Stockholders": "14,475", "Diluted NI Available to Com Stockholders": "14,475", "Basic EPS": "-", "Diluted EPS": "-", "Basic Average Shares": "-", "Diluted Average Shares": "-", "INTEREST_INCOME_AFTER_PROVISION_FOR_LOAN_LOSS": "35,221", "Net Income from Continuing & Discontinued Operation": "14,475", "Normalized Income": "14,468", "Reconciled Depreciation": "1,424", "Net Income from Continuing Operation Net Minority Interest": "14,475", "Total Unusual Items Excluding Goodwill": "9", "Total Unusual Items": "9", "Tax Rate for Calcs": "0", "Tax Effect of Unusual Items": "2.475"}, "12/31/2019": {"Duration": "12/31/2019", "Total Revenue": "45,738", "Credit Losses Provision": "-1,500", "Non Interest Expense": "22,858", "Pretax Income": "21,380", "Tax Provision": "5,868", "Net Income Common Stockholders": "15,512", "Diluted NI Available to Com Stockholders": "15,512", "Basic EPS": "3.01", "Diluted EPS": "2.97", "Basic Average Shares": "5,155", "Diluted Average Shares": "5,228", "INTEREST_INCOME_AFTER_PROVISION_FOR_LOAN_LOSS": "36,055", "Net Income from Continuing & Discontinued Operation": "15,512", "Normalized Income": "15,312", "Reconciled Depreciation": "1,391", "Net Income from Continuing Operation Net Minority Interest": "15,512", "Total Unusual Items Excluding Goodwill": "275", "Total Unusual Items": "275", "Tax Rate for Calcs": "0", "Tax Effect of Unusual Items": "75.35"}, "12/31/2018": {"Duration": "12/31/2018", "Total Revenue": "41,798", "Credit Losses Provision": "-1,000", "Non Interest Expense": "21,672", "Pretax Income": "19,126", "Tax Provision": "5,134", "Net Income Common Stockholders": "13,992", "Diluted NI Available to Com Stockholders": "13,992", "Basic EPS": "2.74", "Diluted EPS": "2.68", "Basic Average Shares": "5,108", "Diluted Average Shares": "5,219", "INTEREST_INCOME_AFTER_PROVISION_FOR_LOAN_LOSS": "32,086", "Net Income from Continuing & Discontinued Operation": "13,992", "Normalized Income": "13,958", "Reconciled Depreciation": "1,042", "Net Income from Continuing Operation Net Minority Interest": "13,992", "Total Unusual Items Excluding Goodwill": "47", "Total Unusual Items": "47", "Tax Rate for Calcs": "0", "Tax Effect of Unusual Items": "12.596"}}, "bs": {"12/31/2020": {"Duration": "12/31/2020", "Total Assets": "1,111,576", "Total Liabilities Net Minority Interest": "1,011,422", "Total Equity Gross Minority Interest": "100,154", "Total Capitalization": "115,464", "Common Stock Equity": "100,154", "Net Tangible Assets": "100,154", "Invested Capital": "115,464", "Tangible Book Value": "100,154", "Total Debt": "15,310", "Share Issued": "5,182", "Ordinary Shares Number": "5,182"}, "12/31/2019": {"Duration": "12/31/2019", "Total Assets": "865,191", "Total Liabilities Net Minority Interest": "780,686", "Total Equity Gross Minority Interest": "84,505", "Total Capitalization": "94,815", "Common Stock Equity": "84,505", "Net Tangible Assets": "84,505", "Invested Capital": "94,815", "Tangible Book Value": "84,505", "Total Debt": "10,310", "Share Issued": "5,166", "Ordinary Shares Number": "5,166"}, "12/31/2018": {"Duration": "12/31/2018", "Total Assets": "824,398", "Total Liabilities Net Minority Interest": "757,466", "Total Equity Gross Minority Interest": "66,932", "Total Capitalization": "77,242", "Common Stock Equity": "66,932", "Net Tangible Assets": "66,932", "Invested Capital": "77,242", "Tangible Book Value": "66,932", "Total Debt": "10,310", "Share Issued": "5,137", "Ordinary Shares Number": "5,137"}}, "cf": {"TTM": {"Duration": "TTM", "Operating Cash Flow": "-", "Investing Cash Flow": "-", "Financing Cash Flow": "-", "End Cash Position": "-", "Income Tax Paid Supplemental Data": "-", "Interest Paid Supplemental Data": "-", "Capital Expenditure": "-", "Issuance of Debt": "-", "Repayment of Debt": "-", "Free Cash Flow": "-"}, "12/31/2020": {"Duration": "12/31/2020", "Operating Cash Flow": "24,630", "Investing Cash Flow": "-114,401", "Financing Cash Flow": "227,738", "End Cash Position": "184,909", "Income Tax Paid Supplemental Data": "6,774", "Interest Paid Supplemental Data": "1,255", "Capital Expenditure": "-1,606", "Issuance of Debt": "10,000", "Repayment of Debt": "-5,000", "Free Cash Flow": "23,024"}, "12/31/2019": {"Duration": "12/31/2019", "Operating Cash Flow": "15,477", "Investing Cash Flow": "-36,706", "Financing Cash Flow": "21,485", "End Cash Position": "46,942", "Income Tax Paid Supplemental Data": "6,019", "Interest Paid Supplemental Data": "1,739", "Capital Expenditure": "-1,397", "Issuance of Debt": "-", "Repayment of Debt": "0", "Free Cash Flow": "14,080"}, "12/31/2018": {"Duration": "12/31/2018", "Operating Cash Flow": "15,639", "Investing Cash Flow": "-121,870", "Financing Cash Flow": "65,380", "End Cash Position": "46,686", "Income Tax Paid Supplemental Data": "4,506", "Interest Paid Supplemental Data": "1,212", "Capital Expenditure": "-3,866", "Issuance of Debt": "-", "Repayment of Debt": "0", "Free Cash Flow": "11,773"}}}}, {"FMCB": {"quote": {"04/24/2021": {"value": "819.00", "Market Cap": "633.296M", "Beta (5Y Monthly)": "0.26", "PE Ratio (TTM)": "11.06", "EPS (TTM)": "74.03", "Earnings Date": "Feb 04, 2021", "Forward Dividend & Yield": "15.00 (1.83%)", "Ex-Dividend Date": "Dec 08, 2020", "1y Target Est": "N/A"}}, "fin": {"TTM": {"Duration": "TTM", "Total Revenue": "163,080", "Credit Losses Provision": "-4,500", "Non Interest Expense": "80,629", "Special Income Charges": "0", "Pretax Income": "77,951", "Tax Provision": "19,217", "Net Income Common Stockholders": "58,734", "Diluted NI Available to Com Stockholders": "58,734", "Basic EPS": "-", "Diluted EPS": "-", "Basic Average Shares": "-", "Diluted Average Shares": "-", "INTEREST_INCOME_AFTER_PROVISION_FOR_LOAN_LOSS": "144,661", "Net Income from Continuing & Discontinued Operation": "58,734", "Normalized Income": "58,734", "Total Money Market Investments": "1,207", "Reconciled Depreciation": "3,395", "Net Income from Continuing Operation Net Minority Interest": "58,734", "Total Unusual Items Excluding Goodwill": "0", "Total Unusual Items": "0", "Tax Rate for Calcs": "0", "Tax Effect of Unusual Items": "0"}, "12/31/2020": {"Duration": "12/31/2020", "Total Revenue": "163,080", "Credit Losses Provision": "-4,500", "Non Interest Expense": "80,629", "Special Income Charges": "0", "Pretax Income": "77,951", "Tax Provision": "19,217", "Net Income Common Stockholders": "58,734", "Diluted NI Available to Com Stockholders": "58,734", "Basic EPS": "-", "Diluted EPS": "-", "Basic Average Shares": "-", "Diluted Average Shares": "-", "INTEREST_INCOME_AFTER_PROVISION_FOR_LOAN_LOSS": "144,661", "Net Income from Continuing & Discontinued Operation": "58,734", "Normalized Income": "58,734", "Total Money Market Investments": "1,207", "Reconciled Depreciation": "3,395", "Net Income from Continuing Operation Net Minority Interest": "58,734", "Total Unusual Items Excluding Goodwill": "0", "Total Unusual Items": "0", "Tax Rate for Calcs": "0", "Tax Effect of Unusual Items": "0"}, "12/31/2019": {"Duration": "12/31/2019", "Total Revenue": "155,130", "Credit Losses Provision": "-200", "Non Interest Expense": "79,617", "Special Income Charges": "0", "Pretax Income": "75,313", "Tax Provision": "19,277", "Net Income Common Stockholders": "56,036", "Diluted NI Available to Com Stockholders": "56,036", "Basic EPS": "71.18", "Diluted EPS": "71.18", "Basic Average Shares": "787.227", "Diluted Average Shares": "787.227", "INTEREST_INCOME_AFTER_PROVISION_FOR_LOAN_LOSS": "140,314", "Net Income from Continuing & Discontinued Operation": "56,036", "Normalized Income": "56,036", "Total Money Market Investments": "4,909", "Reconciled Depreciation": "3,395", "Net Income from Continuing Operation Net Minority Interest": "56,036", "Total Unusual Items Excluding Goodwill": "0", "Total Unusual Items": "0", "Tax Rate for Calcs": "0", "Tax Effect of Unusual Items": "0"}, "12/31/2018": {"Duration": "12/31/2018", "Total Revenue": "139,634", "Credit Losses Provision": "-5,533", "Non Interest Expense": "71,438", "Special Income Charges": "-2,933", "Pretax Income": "59,730", "Tax Provision": "14,203", "Net Income Common Stockholders": "45,527", "Diluted NI Available to Com Stockholders": "45,527", "Basic EPS": "56.82", "Diluted EPS": "56.82", "Basic Average Shares": "801.229", "Diluted Average Shares": "801.229", "INTEREST_INCOME_AFTER_PROVISION_FOR_LOAN_LOSS": "119,970", "Net Income from Continuing & Discontinued Operation": "45,527", "Normalized Income": "47,762", "Total Money Market Investments": "2,755", "Reconciled Depreciation": "2,649", "Net Income from Continuing Operation Net Minority Interest": "45,527", "Total Unusual Items Excluding Goodwill": "-2,933", "Total Unusual Items": "-2,933", "Tax Rate for Calcs": "0", "Tax Effect of Unusual Items": "-698.054"}}, "bs": {"12/31/2020": {"Duration": "12/31/2020", "Total Assets": "4,550,453", "Total Liabilities Net Minority Interest": "4,126,788", "Total Equity Gross Minority Interest": "423,665", "Total Capitalization": "433,975", "Common Stock Equity": "423,665", "Net Tangible Assets": "423,665", "Invested Capital": "433,975", "Tangible Book Value": "423,665", "Total Debt": "10,310", "Share Issued": "789.646", "Ordinary Shares Number": "789.646"}, "12/31/2019": {"Duration": "12/31/2019", "Total Assets": "3,721,830", "Total Liabilities Net Minority Interest": "3,352,534", "Total Equity Gross Minority Interest": "369,296", "Total Capitalization": "379,606", "Common Stock Equity": "369,296", "Net Tangible Assets": "369,296", "Invested Capital": "379,606", "Tangible Book Value": "369,296", "Total Debt": "10,310", "Share Issued": "793.033", "Ordinary Shares Number": "793.033"}, "12/31/2018": {"Duration": "12/31/2018", "Total Assets": "3,434,243", "Total Liabilities Net Minority Interest": "3,123,028", "Total Equity Gross Minority Interest": "311,215", "Total Capitalization": "321,525", "Common Stock Equity": "311,215", "Net Tangible Assets": "311,215", "Invested Capital": "321,525", "Tangible Book Value": "311,215", "Total Debt": "10,310", "Share Issued": "783.721", "Ordinary Shares Number": "783.721"}}, "cf": {"TTM": {"Duration": "TTM", "Operating Cash Flow": "58,119", "Investing Cash Flow": "-736,754", "Financing Cash Flow": "767,714", "End Cash Position": "383,837", "Income Tax Paid Supplemental Data": "9,581", "Interest Paid Supplemental Data": "10,903", "Capital Expenditure": "-7,709", "Repurchase of Capital Stock": "-2,834", "Free Cash Flow": "50,410"}, "12/31/2020": {"Duration": "12/31/2020", "Operating Cash Flow": "58,119", "Investing Cash Flow": "-736,754", "Financing Cash Flow": "767,714", "End Cash Position": "383,837", "Income Tax Paid Supplemental Data": "9,581", "Interest Paid Supplemental Data": "10,903", "Capital Expenditure": "-7,709", "Repurchase of Capital Stock": "-2,834", "Free Cash Flow": "50,410"}, "12/31/2019": {"Duration": "12/31/2019", "Operating Cash Flow": "80,858", "Investing Cash Flow": "-135,630", "Financing Cash Flow": "203,966", "End Cash Position": "294,758", "Income Tax Paid Supplemental Data": "7,342", "Interest Paid Supplemental Data": "11,755", "Capital Expenditure": "-15,537", "Repurchase of Capital Stock": "0", "Free Cash Flow": "65,321"}, "12/31/2018": {"Duration": "12/31/2018", "Operating Cash Flow": "57,774", "Investing Cash Flow": "-205,089", "Financing Cash Flow": "105,730", "End Cash Position": "145,564", "Income Tax Paid Supplemental Data": "7,971", "Interest Paid Supplemental Data": "7,731", "Capital Expenditure": "-4,577", "Repurchase of Capital Stock": "-31,152", "Free Cash Flow": "53,197"}}}}, {"SNLS": {"quote": {"04/24/2021": {"value": "0.0080", "Market Cap": "3.654M", "Beta (5Y Monthly)": "-1.30", "PE Ratio (TTM)": "N/A", "EPS (TTM)": "-1.3130", "Earnings Date": "N/A", "Forward Dividend & Yield": "N/A (0.78%)", "Ex-Dividend Date": "Dec 05, 2007", "1y Target Est": "N/A"}}, "fin": {}, "bs": {}, "cf": {}}}, {"MFBP": {"quote": {"04/24/2021": {"value": "7.31", "Market Cap": "6.094M", "Beta (5Y Monthly)": "0.73", "PE Ratio (TTM)": "N/A", "EPS (TTM)": "-0.90", "Earnings Date": "Nov 11, 2016 - Nov 14, 2016", "Forward Dividend & Yield": "0.24 (6.58%)", "Ex-Dividend Date": "Dec 09, 2019", "1y Target Est": "N/A"}}, "fin": {}, "bs": {}, "cf": {}}}, {"EBMT": {"quote": {"04/24/2021": {"value": "23.40", "Market Cap": "158.952M", "Beta (5Y Monthly)": "0.73", "PE Ratio (TTM)": "7.52", "EPS (TTM)": "3.11", "Earnings Date": "Jan 26, 2021", "Forward Dividend & Yield": "0.39 (1.67%)", "Ex-Dividend Date": "Feb 11, 2021", "1y Target Est": "27.67"}}, "fin": {"TTM": {"Duration": "TTM", "Total Revenue": "90,353", "Credit Losses Provision": "-3,130", "Non Interest Expense": "58,630", "Special Income Charges": "-153", "Pretax Income": "28,440", "Tax Provision": "7,234", "Net Income Common Stockholders": "21,206", "Diluted NI Available to Com Stockholders": "21,206", "Basic EPS": "-", "Diluted EPS": "-", "Basic Average Shares": "-", "Diluted Average Shares": "-", "INTEREST_INCOME_AFTER_PROVISION_FOR_LOAN_LOSS": "39,670", "Net Income from Continuing & Discontinued Operation": "21,206", "Normalized Income": "21,320", "Total Money Market Investments": "-", "Reconciled Depreciation": "7,094", "Net Income from Continuing Operation Net Minority Interest": "21,206", "Total Unusual Items Excluding Goodwill": "-153", "Total Unusual Items": "-153", "Tax Rate for Calcs": "0", "Tax Effect of Unusual Items": "-38.9232"}, "12/31/2020": {"Duration": "12/31/2020", "Total Revenue": "90,353", "Credit Losses Provision": "-3,130", "Non Interest Expense": "58,630", "Special Income Charges": "-153", "Pretax Income": "28,440", "Tax Provision": "7,234", "Net Income Common Stockholders": "21,206", "Diluted NI Available to Com Stockholders": "21,206", "Basic EPS": "-", "Diluted EPS": "-", "Basic Average Shares": "-", "Diluted Average Shares": "-", "INTEREST_INCOME_AFTER_PROVISION_FOR_LOAN_LOSS": "39,670", "Net Income from Continuing & Discontinued Operation": "21,206", "Normalized Income": "21,320", "Total Money Market Investments": "-", "Reconciled Depreciation": "7,094", "Net Income from Continuing Operation Net Minority Interest": "21,206", "Total Unusual Items Excluding Goodwill": "-153", "Total Unusual Items": "-153", "Tax Rate for Calcs": "0", "Tax Effect of Unusual Items": "-38.9232"}, "12/31/2019": {"Duration": "12/31/2019", "Total Revenue": "61,335", "Credit Losses Provision": "-2,627", "Non Interest Expense": "43,028", "Special Income Charges": "-1,712", "Pretax Income": "13,968", "Tax Provision": "3,096", "Net Income Common Stockholders": "10,872", "Diluted NI Available to Com Stockholders": "10,872", "Basic EPS": "1.69", "Diluted EPS": "1.69", "Basic Average Shares": "6,420", "Diluted Average Shares": "6,438", "INTEREST_INCOME_AFTER_PROVISION_FOR_LOAN_LOSS": "35,750", "Net Income from Continuing & Discontinued Operation": "10,872", "Normalized Income": "12,205", "Total Money Market Investments": "-", "Reconciled Depreciation": "4,709", "Net Income from Continuing Operation Net Minority Interest": "10,872", "Total Unusual Items Excluding Goodwill": "-1,712", "Total Unusual Items": "-1,712", "Tax Rate for Calcs": "0", "Tax Effect of Unusual Items": "-379.3792"}, "12/31/2018": {"Duration": "12/31/2018", "Total Revenue": "42,434", "Credit Losses Provision": "-980", "Non Interest Expense": "34,361", "Special Income Charges": "-1,197", "Pretax Income": "5,896", "Tax Provision": "914", "Net Income Common Stockholders": "4,982", "Diluted NI Available to Com Stockholders": "4,982", "Basic EPS": "0.92", "Diluted EPS": "0.91", "Basic Average Shares": "5,427", "Diluted Average Shares": "5,490", "INTEREST_INCOME_AFTER_PROVISION_FOR_LOAN_LOSS": "28,439", "Net Income from Continuing & Discontinued Operation": "4,982", "Normalized Income": "6,039", "Total Money Market Investments": "43", "Reconciled Depreciation": "3,185", "Net Income from Continuing Operation Net Minority Interest": "4,982", "Total Unusual Items Excluding Goodwill": "-1,251", "Total Unusual Items": "-1,251", "Tax Rate for Calcs": "0", "Tax Effect of Unusual Items": "-193.905"}}, "bs": {"12/31/2020": {"Duration": "12/31/2020", "Total Assets": "1,257,634", "Total Liabilities Net Minority Interest": "1,104,696", "Total Equity Gross Minority Interest": "152,938", "Total Capitalization": "199,799", "Common Stock Equity": "152,938", "Net Tangible Assets": "119,692", "Invested Capital": "199,799", "Tangible Book Value": "119,692", "Total Debt": "46,861", "Net Debt": "-", "Share Issued": "7,111", "Ordinary Shares Number": "6,775", "Treasury Shares Number": "335.386"}, "12/31/2019": {"Duration": "12/31/2019", "Total Assets": "1,054,260", "Total Liabilities Net Minority Interest": "932,601", "Total Equity Gross Minority Interest": "121,659", "Total Capitalization": "234,950", "Common Stock Equity": "121,659", "Net Tangible Assets": "94,298", "Invested Capital": "234,950", "Tangible Book Value": "94,298", "Total Debt": "113,291", "Net Debt": "90,913", "Share Issued": "6,715", "Ordinary Shares Number": "6,423", "Treasury Shares Number": "291.95"}, "12/31/2018": {"Duration": "12/31/2018", "Total Assets": "853,903", "Total Liabilities Net Minority Interest": "759,097", "Total Equity Gross Minority Interest": "94,806", "Total Capitalization": "221,904", "Common Stock Equity": "94,806", "Net Tangible Assets": "74,084", "Invested Capital": "221,904", "Tangible Book Value": "74,084", "Total Debt": "127,098", "Net Debt": "115,897", "Share Issued": "5,719", "Ordinary Shares Number": "5,478", "Treasury Shares Number": "241.29"}}, "cf": {"TTM": {"Duration": "TTM", "Operating Cash Flow": "2,118", "Investing Cash Flow": "-22,035", "Financing Cash Flow": "64,801", "End Cash Position": "69,802", "Income Tax Paid Supplemental Data": "6,871", "Interest Paid Supplemental Data": "6,680", "Capital Expenditure": "-20,638", "Issuance of Capital Stock": "-", "Issuance of Debt": "25,000", "Repayment of Debt": "-48,780", "Repurchase of Capital Stock": "-987", "Free Cash Flow": "-18,520"}, "12/31/2020": {"Duration": "12/31/2020", "Operating Cash Flow": "2,118", "Investing Cash Flow": "-22,035", "Financing Cash Flow": "64,801", "End Cash Position": "69,802", "Income Tax Paid Supplemental Data": "6,871", "Interest Paid Supplemental Data": "6,680", "Capital Expenditure": "-20,638", "Issuance of Capital Stock": "-", "Issuance of Debt": "25,000", "Repayment of Debt": "-48,780", "Repurchase of Capital Stock": "-987", "Free Cash Flow": "-18,520"}, "12/31/2019": {"Duration": "12/31/2019", "Operating Cash Flow": "366", "Investing Cash Flow": "-59,701", "Financing Cash Flow": "73,052", "End Cash Position": "24,918", "Income Tax Paid Supplemental Data": "-", "Interest Paid Supplemental Data": "-", "Capital Expenditure": "-10,543", "Issuance of Capital Stock": "-", "Issuance of Debt": "33,000", "Repayment of Debt": "-32,823", "Repurchase of Capital Stock": "-1,210", "Free Cash Flow": "-10,177"}, "12/31/2018": {"Duration": "12/31/2018", "Operating Cash Flow": "13,571", "Investing Cash Flow": "-50,922", "Financing Cash Flow": "41,115", "End Cash Position": "11,201", "Income Tax Paid Supplemental Data": "-", "Interest Paid Supplemental Data": "-", "Capital Expenditure": "-7,062", "Issuance of Capital Stock": "0", "Issuance of Debt": "4,000", "Repayment of Debt": "-31,434", "Repurchase of Capital Stock": "-", "Free Cash Flow": "6,509"}}}}, {"BEOB": {"quote": {"04/24/2021": {"value": "37.25", "Market Cap": "29.921M", "Beta (5Y Monthly)": "0.33", "PE Ratio (TTM)": "8.58", "EPS (TTM)": "4.34", "Earnings Date": "N/A", "Forward Dividend & Yield": "0.95 (2.55%)", "Ex-Dividend Date": "Dec 07, 2020", "1y Target Est": "N/A"}}, "fin": {}, "bs": {}, "cf": {}}}, {"SCZC": {"quote": {"04/24/2021": {"value": "52.60", "Market Cap": "99.193M", "Beta (5Y Monthly)": "N/A", "PE Ratio (TTM)": "10.73", "EPS (TTM)": "4.90", "Earnings Date": "Jan 27, 2021", "Forward Dividend & Yield": "0.40 (0.76%)", "Ex-Dividend Date": "Mar 25, 2021", "1y Target Est": "N/A"}}, "fin": {"TTM": {"Duration": "TTM", "Total Revenue": "32,499", "Credit Losses Provision": "-687.5", "Non Interest Expense": "15,945", "Pretax Income": "15,866", "Tax Provision": "4,486", "Net Income Common Stockholders": "11,380", "Diluted NI Available to Com Stockholders": "11,380", "Basic EPS": "-", "Diluted EPS": "-", "Basic Average Shares": "-", "Diluted Average Shares": "-", "INTEREST_INCOME_AFTER_PROVISION_FOR_LOAN_LOSS": "28,589", "Net Income from Continuing & Discontinued Operation": "11,380", "Normalized Income": "11,380", "Total Money Market Investments": "-", "Reconciled Depreciation": "-", "Net Income from Continuing Operation Net Minority Interest": "11,380", "Tax Rate for Calcs": "0", "Tax Effect of Unusual Items": "0"}, "12/31/2018": {"Duration": "12/31/2018", "Total Revenue": "32,499", "Credit Losses Provision": "-687.5", "Non Interest Expense": "15,945", "Pretax Income": "15,866", "Tax Provision": "4,486", "Net Income Common Stockholders": "11,380", "Diluted NI Available to Com Stockholders": "11,380", "Basic EPS": "-", "Diluted EPS": "-", "Basic Average Shares": "-", "Diluted Average Shares": "-", "INTEREST_INCOME_AFTER_PROVISION_FOR_LOAN_LOSS": "28,589", "Net Income from Continuing & Discontinued Operation": "11,380", "Normalized Income": "11,380", "Total Money Market Investments": "-", "Reconciled Depreciation": "-", "Net Income from Continuing Operation Net Minority Interest": "11,380", "Tax Rate for Calcs": "0", "Tax Effect of Unusual Items": "0"}}, "bs": {"12/31/2018": {"Duration": "12/31/2018", "Total Assets": "662,408", "Total Liabilities Net Minority Interest": "593,885", "Total Equity Gross Minority Interest": "68,523", "Common Stock Equity": "68,523", "Net Tangible Assets": "68,523", "Tangible Book Value": "68,523", "Share Issued": "2,449", "Ordinary Shares Number": "2,449"}}, "cf": {"TTM": {"Duration": "TTM", "Operating Cash Flow": "-", "Investing Cash Flow": "-", "Financing Cash Flow": "-", "End Cash Position": "-", "Income Tax Paid Supplemental Data": "-", "Interest Paid Supplemental Data": "-", "Capital Expenditure": "-", "Issuance of Capital Stock": "-", "Issuance of Debt": "-", "Repayment of Debt": "-", "Free Cash Flow": "-"}}}}, {"NWBN": {"quote": {"04/24/2021": {"value": "", "Net Assets": "N/A", "Beta (5Y Monthly)": "N/A", "Yield": "N/A", "5y Average Return": "N/A", "Holdings Turnover": "N/A", "Last Dividend": "N/A", "Average for Category": "N/A", "Inception Date": "N/A"}}, "fin": {}, "bs": {}, "cf": {}}}, {"MCHB": {"quote": {"04/24/2021": {"value": "27,500.00", "Market Cap": "210.898M", "Beta (5Y Monthly)": "0.28", "PE Ratio (TTM)": "19.14", "EPS (TTM)": "1,436.84", "Earnings Date": "N/A", "Forward Dividend & Yield": "N/A (N/A)", "Ex-Dividend Date": "Nov 25, 2014", "1y Target Est": "N/A"}}, "fin": {"TTM": {"Duration": "TTM", "Total Revenue": "429,865", "Credit Losses Provision": "-31,848", "Non Interest Expense": "319,698", "Pretax Income": "78,319", "Tax Provision": "20,593", "Net Income Common Stockholders": "57,726", "Diluted NI Available to Com Stockholders": "57,726", "Basic EPS": "-", "Diluted EPS": "-", "Basic Average Shares": "-", "Diluted Average Shares": "-", "INTEREST_INCOME_AFTER_PROVISION_FOR_LOAN_LOSS": "337,120", "Net Income from Continuing & Discontinued Operation": "57,726", "Normalized Income": "57,726", "Reconciled Depreciation": "24,522", "Net Income from Continuing Operation Net Minority Interest": "57,726", "Tax Rate for Calcs": "0", "Tax Effect of Unusual Items": "0"}, "12/31/2019": {"Duration": "12/31/2019", "Total Revenue": "429,865", "Credit Losses Provision": "-31,848", "Non Interest Expense": "319,698", "Pretax Income": "78,319", "Tax Provision": "20,593", "Net Income Common Stockholders": "57,726", "Diluted NI Available to Com Stockholders": "57,726", "Basic EPS": "-", "Diluted EPS": "-", "Basic Average Shares": "-", "Diluted Average Shares": "-", "INTEREST_INCOME_AFTER_PROVISION_FOR_LOAN_LOSS": "337,120", "Net Income from Continuing & Discontinued Operation": "57,726", "Normalized Income": "57,726", "Reconciled Depreciation": "24,522", "Net Income from Continuing Operation Net Minority Interest": "57,726", "Tax Rate for Calcs": "0", "Tax Effect of Unusual Items": "0"}, "12/31/2018": {"Duration": "12/31/2018", "Total Revenue": "278,516", "Credit Losses Provision": "-21,909", "Non Interest Expense": "184,428", "Pretax Income": "72,179", "Tax Provision": "20,171", "Net Income Common Stockholders": "52,008", "Diluted NI Available to Com Stockholders": "52,008", "Basic EPS": "1.89k", "Diluted EPS": "1.89k", "Basic Average Shares": "27.548", "Diluted Average Shares": "27.548", "INTEREST_INCOME_AFTER_PROVISION_FOR_LOAN_LOSS": "213,389", "Net Income from Continuing & Discontinued Operation": "52,008", "Normalized Income": "52,008", "Reconciled Depreciation": "13,768", "Net Income from Continuing Operation Net Minority Interest": "52,008", "Tax Rate for Calcs": "0", "Tax Effect of Unusual Items": "0"}}, "bs": {"12/31/2019": {"Duration": "12/31/2019", "Total Assets": "17,207,238", "Total Liabilities Net Minority Interest": "14,909,278", "Total Equity Gross Minority Interest": "2,297,960", "Total Capitalization": "2,322,767", "Common Stock Equity": "2,297,960", "Capital Lease Obligations": "64,271", "Net Tangible Assets": "1,304,318", "Invested Capital": "2,322,767", "Tangible Book Value": "1,304,318", "Total Debt": "89,078", "Net Debt": "-", "Share Issued": "26.997", "Ordinary Shares Number": "26.997"}, "12/31/2018": {"Duration": "12/31/2018", "Total Assets": "6,032,150", "Total Liabilities Net Minority Interest": "5,179,268", "Total Equity Gross Minority Interest": "852,883", "Total Capitalization": "1,242,650", "Common Stock Equity": "852,883", "Capital Lease Obligations": "-", "Net Tangible Assets": "473,996", "Invested Capital": "1,242,650", "Tangible Book Value": "473,996", "Total Debt": "389,767", "Net Debt": "206,723", "Share Issued": "26.997", "Ordinary Shares Number": "26.997"}}, "cf": {"TTM": {"Duration": "TTM", "Operating Cash Flow": "502,467", "Investing Cash Flow": "-552,241", "Financing Cash Flow": "912,176", "End Cash Position": "1,045,447", "Income Tax Paid Supplemental Data": "16,955", "Interest Paid Supplemental Data": "30,814", "Capital Expenditure": "-11,508", "Issuance of Capital Stock": "1,151,894", "Repayment of Debt": "-365,000", "Free Cash Flow": "490,959"}, "12/31/2019": {"Duration": "12/31/2019", "Operating Cash Flow": "502,467", "Investing Cash Flow": "-552,241", "Financing Cash Flow": "912,176", "End Cash Position": "1,045,447", "Income Tax Paid Supplemental Data": "16,955", "Interest Paid Supplemental Data": "30,814", "Capital Expenditure": "-11,508", "Issuance of Capital Stock": "1,151,894", "Repayment of Debt": "-365,000", "Free Cash Flow": "490,959"}, "12/31/2018": {"Duration": "12/31/2018", "Operating Cash Flow": "37,512", "Investing Cash Flow": "228,749", "Financing Cash Flow": "-249,595", "End Cash Position": "183,044", "Income Tax Paid Supplemental Data": "20,374", "Interest Paid Supplemental Data": "21,688", "Capital Expenditure": "-9,174", "Issuance of Capital Stock": "0", "Repayment of Debt": "-165,000", "Free Cash Flow": "28,339"}}}}, {"FHLB": {"quote": {"04/24/2021": {"value": "9.50", "Market Cap": "7.272M", "Beta (5Y Monthly)": "1.00", "PE Ratio (TTM)": "18.63", "EPS (TTM)": "0.51", "Earnings Date": "N/A", "Forward Dividend & Yield": "N/A (3.31%)", "Ex-Dividend Date": "N/A", "1y Target Est": "N/A"}}, "fin": {}, "bs": {}, "cf": {}}}, {"CWBK": {"quote": {"04/24/2021": {"value": "26.75", "Market Cap": "99.099M", "Beta (5Y Monthly)": "0.81", "PE Ratio (TTM)": "10.79", "EPS (TTM)": "2.48", "Earnings Date": "N/A", "Forward Dividend & Yield": "0.80 (2.99%)", "Ex-Dividend Date": "Mar 11, 2021", "1y Target Est": "N/A"}}, "fin": {}, "bs": {}, "cf": {}}}, {"CCBC": {"quote": {"04/24/2021": {"value": "13.65", "Market Cap": "13.602M", "Beta (5Y Monthly)": "0.77", "PE Ratio (TTM)": "10.71", "EPS (TTM)": "1.27", "Earnings Date": "Apr 16, 2021", "Forward Dividend & Yield": "N/A (N/A)", "Ex-Dividend Date": "N/A", "1y Target Est": "N/A"}}, "fin": {}, "bs": {}, "cf": {}}}, {"BNNP": {"quote": {"04/24/2021": {"value": "", "Net Assets": "N/A", "Beta (5Y Monthly)": "N/A", "Yield": "N/A", "5y Average Return": "N/A", "Holdings Turnover": "N/A", "Last Dividend": "N/A", "Average for Category": "N/A", "Inception Date": "N/A"}}, "fin": {}, "bs": {}, "cf": {}}}, {"ORBN": {"quote": {"04/24/2021": {"value": "49.00", "Market Cap": "4.544M", "Beta (5Y Monthly)": "0.85", "PE Ratio (TTM)": "3.96", "EPS (TTM)": "12.37", "Earnings Date": "N/A", "Forward Dividend & Yield": "1.04 (2.19%)", "Ex-Dividend Date": "Mar 31, 2021", "1y Target Est": "N/A"}}, "fin": {}, "bs": {}, "cf": {}}}, {"NCAL": {"quote": {"04/24/2021": {"value": "", "Net Assets": "N/A", "Beta (5Y Monthly)": "N/A", "Yield": "N/A", "5y Average Return": "N/A", "Holdings Turnover": "N/A", "Last Dividend": "N/A", "Average for Category": "N/A", "Inception Date": "N/A"}}, "fin": {}, "bs": {}, "cf": {}}}, {"CWBB": {"quote": {"04/24/2021": {"value": "", "Net Assets": "N/A", "Beta (5Y Monthly)": "N/A", "Yield": "N/A", "5y Average Return": "N/A", "Holdings Turnover": "N/A", "Last Dividend": "N/A", "Average for Category": "N/A", "Inception Date": "N/A"}}, "fin": {}, "bs": {}, "cf": {}}}, {"CRSB": {"quote": {"04/24/2021": {"value": "28.95", "Market Cap": "9.96M", "Beta (5Y Monthly)": "1.04", "PE Ratio (TTM)": "6.59", "EPS (TTM)": "4.39", "Earnings Date": "N/A", "Forward Dividend & Yield": "N/A (N/A)", "Ex-Dividend Date": "N/A", "1y Target Est": "N/A"}}, "fin": {}, "bs": {}, "cf": {}}}, {"BSCA": {"quote": {"04/24/2021": {"value": "12.16", "Market Cap": "20.697M", "Beta (5Y Monthly)": "0.97", "PE Ratio (TTM)": "13.76", "EPS (TTM)": "0.88", "Earnings Date": "N/A", "Forward Dividend & Yield": "N/A (N/A)", "Ex-Dividend Date": "N/A", "1y Target Est": "N/A"}}, "fin": {}, "bs": {}, "cf": {}}}, {"PWBO": {"quote": {"04/24/2021": {"value": "14.49", "Market Cap": "6.365M", "Beta (5Y Monthly)": "0.11", "PE Ratio (TTM)": "N/A", "EPS (TTM)": "-0.23", "Earnings Date": "N/A", "Forward Dividend & Yield": "N/A (N/A)", "Ex-Dividend Date": "N/A", "1y Target Est": "N/A"}}, "fin": {}, "bs": {}, "cf": {}}}, {"OPBK": {"quote": {"04/24/2021": {"value": "10.42", "Market Cap": "151.178M", "Beta (5Y Monthly)": "N/A", "PE Ratio (TTM)": "10.74", "EPS (TTM)": "0.97", "Earnings Date": "Jan 28, 2021", "Forward Dividend & Yield": "0.28 (2.81%)", "Ex-Dividend Date": "Feb 10, 2021", "1y Target Est": "14.00"}}, "fin": {"TTM": {"Duration": "TTM", "Total Revenue": "56,135", "Credit Losses Provision": "-5,961", "Non Interest Expense": "30,605", "Special Income Charges": "-1,335", "Pretax Income": "18,234", "Tax Provision": "5,107", "Net Income Common Stockholders": "13,127", "Diluted NI Available to Com Stockholders": "13,127", "Basic EPS": "-", "Diluted EPS": "-", "Basic Average Shares": "-", "Diluted Average Shares": "-", "INTEREST_INCOME_AFTER_PROVISION_FOR_LOAN_LOSS": "39,403", "Net Income from Continuing & Discontinued Operation": "13,127", "Normalized Income": "14,088", "Reconciled Depreciation": "1,301", "Net Income from Continuing Operation Net Minority Interest": "13,127", "Total Unusual Items Excluding Goodwill": "-1,335", "Total Unusual Items": "-1,335", "Tax Rate for Calcs": "0", "Tax Effect of Unusual Items": "-373.8"}, "12/31/2020": {"Duration": "12/31/2020", "Total Revenue": "56,135", "Credit Losses Provision": "-5,961", "Non Interest Expense": "30,605", "Special Income Charges": "-1,335", "Pretax Income": "18,234", "Tax Provision": "5,107", "Net Income Common Stockholders": "13,127", "Diluted NI Available to Com Stockholders": "13,127", "Basic EPS": "-", "Diluted EPS": "-", "Basic Average Shares": "-", "Diluted Average Shares": "-", "INTEREST_INCOME_AFTER_PROVISION_FOR_LOAN_LOSS": "39,403", "Net Income from Continuing & Discontinued Operation": "13,127", "Normalized Income": "14,088", "Reconciled Depreciation": "1,301", "Net Income from Continuing Operation Net Minority Interest": "13,127", "Total Unusual Items Excluding Goodwill": "-1,335", "Total Unusual Items": "-1,335", "Tax Rate for Calcs": "0", "Tax Effect of Unusual Items": "-373.8"}, "12/31/2019": {"Duration": "12/31/2019", "Total Revenue": "55,698", "Credit Losses Provision": "-1,102", "Non Interest Expense": "30,934", "Special Income Charges": "-1,586", "Pretax Income": "22,076", "Tax Provision": "5,319", "Net Income Common Stockholders": "16,374", "Diluted NI Available to Com Stockholders": "16,374", "Basic EPS": "1.04", "Diluted EPS": "1.03", "Basic Average Shares": "15,742", "Diluted Average Shares": "15,935", "INTEREST_INCOME_AFTER_PROVISION_FOR_LOAN_LOSS": "43,170", "Net Income from Continuing & Discontinued Operation": "16,757", "Normalized Income": "17,961", "Reconciled Depreciation": "1,146", "Net Income from Continuing Operation Net Minority Interest": "16,757", "Total Unusual Items Excluding Goodwill": "-1,586", "Total Unusual Items": "-1,586", "Tax Rate for Calcs": "0", "Tax Effect of Unusual Items": "-382.226"}, "12/31/2018": {"Duration": "12/31/2018", "Total Revenue": "50,286", "Credit Losses Provision": "-1,267", "Non Interest Expense": "28,121", "Special Income Charges": "-1,441", "Pretax Income": "19,457", "Tax Provision": "5,204", "Net Income Common Stockholders": "13,831", "Diluted NI Available to Com Stockholders": "13,831", "Basic EPS": "0.92", "Diluted EPS": "0.89", "Basic Average Shares": "15,105", "Diluted Average Shares": "15,551", "INTEREST_INCOME_AFTER_PROVISION_FOR_LOAN_LOSS": "39,690", "Net Income from Continuing & Discontinued Operation": "14,253", "Normalized Income": "15,308", "Reconciled Depreciation": "1,043", "Net Income from Continuing Operation Net Minority Interest": "14,253", "Total Unusual Items Excluding Goodwill": "-1,441", "Total Unusual Items": "-1,441", "Tax Rate for Calcs": "0", "Tax Effect of Unusual Items": "-386.188"}}, "bs": {"12/31/2020": {"Duration": "12/31/2020", "Total Assets": "1,366,826", "Total Liabilities Net Minority Interest": "1,223,460", "Total Equity Gross Minority Interest": "143,366", "Total Capitalization": "148,366", "Common Stock Equity": "143,366", "Capital Lease Obligations": "8,429", "Net Tangible Assets": "143,366", "Invested Capital": "148,366", "Tangible Book Value": "143,366", "Total Debt": "13,429", "Share Issued": "15,017", "Ordinary Shares Number": "15,017"}, "12/31/2019": {"Duration": "12/31/2019", "Total Assets": "1,179,520", "Total Liabilities Net Minority Interest": "1,038,944", "Total Equity Gross Minority Interest": "140,576", "Total Capitalization": "-", "Common Stock Equity": "140,576", "Capital Lease Obligations": "10,126", "Net Tangible Assets": "140,576", "Invested Capital": "-", "Tangible Book Value": "140,576", "Total Debt": "10,126", "Share Issued": "15,703", "Ordinary Shares Number": "15,703"}, "12/31/2018": {"Duration": "12/31/2018", "Total Assets": "1,044,186", "Total Liabilities Net Minority Interest": "914,399", "Total Equity Gross Minority Interest": "129,787", "Total Capitalization": "-", "Common Stock Equity": "129,787", "Capital Lease Obligations": "-", "Net Tangible Assets": "129,787", "Invested Capital": "-", "Tangible Book Value": "129,787", "Total Debt": "0", "Share Issued": "15,860", "Ordinary Shares Number": "15,860"}}, "cf": {"TTM": {"Duration": "TTM", "Operating Cash Flow": "-4,956", "Investing Cash Flow": "-147,068", "Financing Cash Flow": "172,393", "End Cash Position": "106,405", "Income Tax Paid Supplemental Data": "6,125", "Interest Paid Supplemental Data": "9,957", "Capital Expenditure": "-619", "Issuance of Capital Stock": "0", "Repayment of Debt": "-5,000", "Repurchase of Capital Stock": "-8,104", "Free Cash Flow": "-5,575"}, "12/31/2020": {"Duration": "12/31/2020", "Operating Cash Flow": "-4,956", "Investing Cash Flow": "-147,068", "Financing Cash Flow": "172,393", "End Cash Position": "106,405", "Income Tax Paid Supplemental Data": "6,125", "Interest Paid Supplemental Data": "9,957", "Capital Expenditure": "-619", "Issuance of Capital Stock": "0", "Repayment of Debt": "-5,000", "Repurchase of Capital Stock": "-8,104", "Free Cash Flow": "-5,575"}, "12/31/2019": {"Duration": "12/31/2019", "Operating Cash Flow": "18,163", "Investing Cash Flow": "-117,409", "Financing Cash Flow": "107,556", "End Cash Position": "86,036", "Income Tax Paid Supplemental Data": "4,205", "Interest Paid Supplemental Data": "13,535", "Capital Expenditure": "-1,739", "Issuance of Capital Stock": "0", "Repayment of Debt": "-", "Repurchase of Capital Stock": "-5,391", "Free Cash Flow": "16,424"}, "12/31/2018": {"Duration": "12/31/2018", "Operating Cash Flow": "30,605", "Investing Cash Flow": "-146,282", "Financing Cash Flow": "130,153", "End Cash Position": "77,726", "Income Tax Paid Supplemental Data": "6,609", "Interest Paid Supplemental Data": "7,819", "Capital Expenditure": "-1,195", "Issuance of Capital Stock": "22,569", "Repayment of Debt": "-", "Repurchase of Capital Stock": "-", "Free Cash Flow": "29,410"}}}}, {"OJCB": {"quote": {"04/24/2021": {"value": "", "Net Assets": "N/A", "Beta (5Y Monthly)": "N/A", "Yield": "N/A", "5y Average Return": "N/A", "Holdings Turnover": "N/A", "Last Dividend": "N/A", "Average for Category": "N/A", "Inception Date": "N/A"}}, "fin": {}, "bs": {}, "cf": {}}}, {"NRLB": {"quote": {"04/24/2021": {"value": "2.6000", "Market Cap": "2.482M", "Beta (5Y Monthly)": "0.64", "PE Ratio (TTM)": "N/A", "EPS (TTM)": "-6.2310", "Earnings Date": "N/A", "Forward Dividend & Yield": "N/A (N/A)", "Ex-Dividend Date": "Dec 05, 2008", "1y Target Est": "N/A"}}, "fin": {}, "bs": {}, "cf": {}}}, {"FMBL": {"quote": {"04/24/2021": {"value": "8,200.00", "Market Cap": "1.041B", "Beta (5Y Monthly)": "0.57", "PE Ratio (TTM)": "12.04", "EPS (TTM)": "680.83", "Earnings Date": "Apr 15, 2021", "Forward Dividend & Yield": "108.00 (1.32%)", "Ex-Dividend Date": "Mar 12, 2021", "1y Target Est": "N/A"}}, "fin": {"TTM": {"Duration": "TTM", "Total Revenue": "275,194", "Credit Losses Provision": "-8,500", "Non Interest Expense": "174,566", "Pretax Income": "92,128", "Tax Provision": "15,033", "Net Income Common Stockholders": "77,095", "Diluted NI Available to Com Stockholders": "77,095", "Basic EPS": "-", "Diluted EPS": "-", "Basic Average Shares": "-", "Diluted Average Shares": "-", "INTEREST_INCOME_AFTER_PROVISION_FOR_LOAN_LOSS": "247,346", "Net Income from Continuing & Discontinued Operation": "77,095", "Normalized Income": "77,095", "Total Money Market Investments": "2,139", "Reconciled Depreciation": "7,700", "Net Income from Continuing Operation Net Minority Interest": "77,095", "Total Unusual Items Excluding Goodwill": "0", "Total Unusual Items": "0", "Tax Rate for Calcs": "0", "Tax Effect of Unusual Items": "0"}, "12/31/2019": {"Duration": "12/31/2019", "Total Revenue": "266,755", "Credit Losses Provision": "-250", "Non Interest Expense": "163,729", "Pretax Income": "102,776", "Tax Provision": "17,204", "Net Income Common Stockholders": "85,572", "Diluted NI Available to Com Stockholders": "85,572", "Basic EPS": "661.80", "Diluted EPS": "661.23", "Basic Average Shares": "129.303", "Diluted Average Shares": "129.414", "INTEREST_INCOME_AFTER_PROVISION_FOR_LOAN_LOSS": "247,238", "Net Income from Continuing & Discontinued Operation": "85,572", "Normalized Income": "85,383", "Total Money Market Investments": "2,926", "Reconciled Depreciation": "9,258", "Net Income from Continuing Operation Net Minority Interest": "85,572", "Total Unusual Items Excluding Goodwill": "227", "Total Unusual Items": "227", "Tax Rate for Calcs": "0", "Tax Effect of Unusual Items": "37.909"}, "12/31/2018": {"Duration": "12/31/2018", "Total Revenue": "257,222", "Credit Losses Provision": "-2,500", "Non Interest Expense": "146,098", "Pretax Income": "108,624", "Tax Provision": "22,988", "Net Income Common Stockholders": "85,636", "Diluted NI Available to Com Stockholders": "85,636", "Basic EPS": "654.07", "Diluted EPS": "654.07", "Basic Average Shares": "130.928", "Diluted Average Shares": "130.928", "INTEREST_INCOME_AFTER_PROVISION_FOR_LOAN_LOSS": "236,556", "Net Income from Continuing & Discontinued Operation": "85,636", "Normalized Income": "85,636", "Total Money Market Investments": "2,035", "Reconciled Depreciation": "7,700", "Net Income from Continuing Operation Net Minority Interest": "85,636", "Total Unusual Items Excluding Goodwill": "0", "Total Unusual Items": "0", "Tax Rate for Calcs": "0", "Tax Effect of Unusual Items": "0"}}, "bs": {"12/31/2019": {"Duration": "12/31/2019", "Total Assets": "7,605,569", "Total Liabilities Net Minority Interest": "6,522,689", "Total Equity Gross Minority Interest": "1,082,880", "Total Capitalization": "-", "Common Stock Equity": "1,082,880", "Net Tangible Assets": "1,082,880", "Invested Capital": "-", "Tangible Book Value": "1,082,880", "Total Debt": "-", "Share Issued": "130.928", "Ordinary Shares Number": "130.928"}, "12/31/2018": {"Duration": "12/31/2018", "Total Assets": "7,308,236", "Total Liabilities Net Minority Interest": "6,280,363", "Total Equity Gross Minority Interest": "1,027,873", "Total Capitalization": "1,057,873", "Common Stock Equity": "1,027,873", "Net Tangible Assets": "1,027,873", "Invested Capital": "1,057,873", "Tangible Book Value": "1,027,873", "Total Debt": "30,000", "Share Issued": "130.928", "Ordinary Shares Number": "130.928"}}, "cf": {"TTM": {"Duration": "TTM", "Operating Cash Flow": "129,078", "Investing Cash Flow": "-344,941", "Financing Cash Flow": "202,894", "End Cash Position": "87,147", "Income Tax Paid Supplemental Data": "15,821", "Interest Paid Supplemental Data": "22,140", "Capital Expenditure": "-12,699", "Repurchase of Capital Stock": "-", "Free Cash Flow": "116,379"}, "12/31/2019": {"Duration": "12/31/2019", "Operating Cash Flow": "123,975", "Investing Cash Flow": "-293,158", "Financing Cash Flow": "200,901", "End Cash Position": "118,865", "Income Tax Paid Supplemental Data": "20,098", "Interest Paid Supplemental Data": "22,616", "Capital Expenditure": "-16,957", "Repurchase of Capital Stock": "-19,666", "Free Cash Flow": "107,018"}, "12/31/2018": {"Duration": "12/31/2018", "Operating Cash Flow": "129,078", "Investing Cash Flow": "-344,941", "Financing Cash Flow": "202,894", "End Cash Position": "87,147", "Income Tax Paid Supplemental Data": "15,821", "Interest Paid Supplemental Data": "22,140", "Capital Expenditure": "-12,699", "Repurchase of Capital Stock": "-", "Free Cash Flow": "116,379"}}}}, {"HFWA": {"quote": {"04/24/2021": {"value": "28.39", "Market Cap": "983.526M", "Beta (5Y Monthly)": "0.81", "PE Ratio (TTM)": "17.21", "EPS (TTM)": "1.65", "Earnings Date": "Jul 21, 2021 - Jul 26, 2021", "Forward Dividend & Yield": "0.80 (2.82%)", "Ex-Dividend Date": "May 04, 2021", "1y Target Est": "29.80"}}, "fin": {"TTM": {"Duration": "TTM", "Total Revenue": "238,226", "Credit Losses Provision": "-36,106", "Non Interest Expense": "148,940", "Pretax Income": "53,180", "Tax Provision": "6,610", "Net Income Common Stockholders": "46,563", "Diluted NI Available to Com Stockholders": "46,563", "Basic EPS": "-", "Diluted EPS": "-", "Basic Average Shares": "-", "Diluted Average Shares": "-", "INTEREST_INCOME_AFTER_PROVISION_FOR_LOAN_LOSS": "164,891", "Net Income from Continuing & Discontinued Operation": "46,570", "Normalized Income": "46,570", "Total Money Market Investments": "703", "Reconciled Depreciation": "-87", "Net Income from Continuing Operation Net Minority Interest": "46,570", "Tax Rate for Calcs": "0", "Tax Effect of Unusual Items": "0"}, "12/31/2020": {"Duration": "12/31/2020", "Total Revenue": "238,226", "Credit Losses Provision": "-36,106", "Non Interest Expense": "148,940", "Pretax Income": "53,180", "Tax Provision": "6,610", "Net Income Common Stockholders": "46,563", "Diluted NI Available to Com Stockholders": "46,563", "Basic EPS": "-", "Diluted EPS": "-", "Basic Average Shares": "-", "Diluted Average Shares": "-", "INTEREST_INCOME_AFTER_PROVISION_FOR_LOAN_LOSS": "164,891", "Net Income from Continuing & Discontinued Operation": "46,570", "Normalized Income": "46,570", "Total Money Market Investments": "703", "Reconciled Depreciation": "-87", "Net Income from Continuing Operation Net Minority Interest": "46,570", "Tax Rate for Calcs": "0", "Tax Effect of Unusual Items": "0"}, "12/31/2019": {"Duration": "12/31/2019", "Total Revenue": "232,144", "Credit Losses Provision": "-4,311", "Non Interest Expense": "146,788", "Pretax Income": "81,045", "Tax Provision": "13,488", "Net Income Common Stockholders": "67,500", "Diluted NI Available to Com Stockholders": "67,500", "Basic EPS": "1.84", "Diluted EPS": "1.83", "Basic Average Shares": "36,758", "Diluted Average Shares": "36,986", "INTEREST_INCOME_AFTER_PROVISION_FOR_LOAN_LOSS": "195,371", "Net Income from Continuing & Discontinued Operation": "67,557", "Normalized Income": "67,557", "Total Money Market Investments": "-", "Reconciled Depreciation": "12,170", "Net Income from Continuing Operation Net Minority Interest": "67,557", "Tax Rate for Calcs": "0", "Tax Effect of Unusual Items": "0"}, "12/31/2018": {"Duration": "12/31/2018", "Total Revenue": "218,611", "Credit Losses Provision": "-5,129", "Non Interest Expense": "149,395", "Pretax Income": "64,087", "Tax Provision": "11,030", "Net Income Common Stockholders": "52,736", "Diluted NI Available to Com Stockholders": "52,736", "Basic EPS": "1.49", "Diluted EPS": "1.49", "Basic Average Shares": "35,194", "Diluted Average Shares": "35,372", "INTEREST_INCOME_AFTER_PROVISION_FOR_LOAN_LOSS": "181,817", "Net Income from Continuing & Discontinued Operation": "53,057", "Normalized Income": "53,057", "Total Money Market Investments": "-", "Reconciled Depreciation": "13,627", "Net Income from Continuing Operation Net Minority Interest": "53,057", "Tax Rate for Calcs": "0", "Tax Effect of Unusual Items": "0"}}, "bs": {"12/31/2020": {"Duration": "12/31/2020", "Total Assets": "6,615,318", "Total Liabilities Net Minority Interest": "5,794,879", "Total Equity Gross Minority Interest": "820,439", "Total Capitalization": "841,326", "Common Stock Equity": "820,439", "Net Tangible Assets": "566,412", "Invested Capital": "841,326", "Tangible Book Value": "566,412", "Total Debt": "20,887", "Net Debt": "-", "Share Issued": "35,912", "Ordinary Shares Number": "35,912"}, "12/31/2019": {"Duration": "12/31/2019", "Total Assets": "5,552,970", "Total Liabilities Net Minority Interest": "4,743,659", "Total Equity Gross Minority Interest": "809,311", "Total Capitalization": "829,906", "Common Stock Equity": "809,311", "Net Tangible Assets": "551,759", "Invested Capital": "829,906", "Tangible Book Value": "551,759", "Total Debt": "20,595", "Net Debt": "-", "Share Issued": "36,619", "Ordinary Shares Number": "36,619"}, "12/31/2018": {"Duration": "12/31/2018", "Total Assets": "5,316,927", "Total Liabilities Net Minority Interest": "4,556,204", "Total Equity Gross Minority Interest": "760,723", "Total Capitalization": "781,025", "Common Stock Equity": "760,723", "Net Tangible Assets": "499,170", "Invested Capital": "781,025", "Tangible Book Value": "499,170", "Total Debt": "20,302", "Net Debt": "-", "Share Issued": "36,874", "Ordinary Shares Number": "36,874"}}, "cf": {"TTM": {"Duration": "TTM", "Operating Cash Flow": "70,331", "Investing Cash Flow": "-538,549", "Financing Cash Flow": "982,972", "End Cash Position": "743,322", "Income Tax Paid Supplemental Data": "13,432", "Interest Paid Supplemental Data": "13,136", "Capital Expenditure": "-6,997", "Issuance of Debt": "64,000", "Repayment of Debt": "-64,000", "Repurchase of Capital Stock": "-19,119", "Free Cash Flow": "63,334"}, "12/31/2020": {"Duration": "12/31/2020", "Operating Cash Flow": "70,331", "Investing Cash Flow": "-538,549", "Financing Cash Flow": "982,972", "End Cash Position": "743,322", "Income Tax Paid Supplemental Data": "13,432", "Interest Paid Supplemental Data": "13,136", "Capital Expenditure": "-6,997", "Issuance of Debt": "64,000", "Repayment of Debt": "-64,000", "Repurchase of Capital Stock": "-19,119", "Free Cash Flow": "63,334"}, "12/31/2019": {"Duration": "12/31/2019", "Operating Cash Flow": "87,614", "Investing Cash Flow": "-120,426", "Financing Cash Flow": "99,470", "End Cash Position": "228,568", "Income Tax Paid Supplemental Data": "7,528", "Interest Paid Supplemental Data": "17,867", "Capital Expenditure": "-13,041", "Issuance of Debt": "445,800", "Repayment of Debt": "-445,800", "Repurchase of Capital Stock": "-8,636", "Free Cash Flow": "74,573"}, "12/31/2018": {"Duration": "12/31/2018", "Operating Cash Flow": "82,447", "Investing Cash Flow": "-101,634", "Financing Cash Flow": "78,082", "End Cash Position": "161,910", "Income Tax Paid Supplemental Data": "5,634", "Interest Paid Supplemental Data": "12,385", "Capital Expenditure": "-23,265", "Issuance of Debt": "554,950", "Repayment of Debt": "-663,450", "Repurchase of Capital Stock": "-1,704", "Free Cash Flow": "59,182"}}}}, {"UMPQ": {"quote": {"04/24/2021": {"value": "18.49", "Market Cap": "3.941B", "Beta (5Y Monthly)": "1.23", "PE Ratio (TTM)": "9.34", "EPS (TTM)": "1.98", "Earnings Date": "Jul 20, 2021 - Jul 26, 2021", "Forward Dividend & Yield": "0.84 (4.54%)", "Ex-Dividend Date": "Feb 12, 2021", "1y Target Est": "20.38"}}, "fin": {"TTM": {"Duration": "TTM", "Total Revenue": "1,365,579", "Credit Losses Provision": "-86,776", "Non Interest Expense": "771,021", "Special Income Charges": "0", "Pretax Income": "507,782", "Tax Provision": "71,518", "Net Income Common Stockholders": "436,264", "Diluted NI Available to Com Stockholders": "436,264", "Basic EPS": "-", "Diluted EPS": "-", "Basic Average Shares": "-", "Diluted Average Shares": "-", "INTEREST_INCOME_AFTER_PROVISION_FOR_LOAN_LOSS": "796,104", "Net Income from Continuing & Discontinued Operation": "436,264", "Normalized Income": "436,264", "Total Money Market Investments": "2,032", "Reconciled Depreciation": "4,869", "Net Income from Continuing Operation Net Minority Interest": "436,264", "Total Unusual Items Excluding Goodwill": "0", "Total Unusual Items": "0", "Tax Rate for Calcs": "0", "Tax Effect of Unusual Items": "0"}, "12/31/2020": {"Duration": "12/31/2020", "Total Revenue": "1,294,528", "Credit Losses Provision": "-204,861", "Non Interest Expense": "761,151", "Special Income Charges": "-1,784,936", "Pretax Income": "-1,456,420", "Tax Provision": "67,000", "Net Income Common Stockholders": "-1,523,420", "Diluted NI Available to Com Stockholders": "-1,523,420", "Basic EPS": "-", "Diluted EPS": "-", "Basic Average Shares": "-", "Diluted Average Shares": "-", "INTEREST_INCOME_AFTER_PROVISION_FOR_LOAN_LOSS": "675,043", "Net Income from Continuing & Discontinued Operation": "-1,523,420", "Normalized Income": "-220,417", "Total Money Market Investments": "4,739", "Reconciled Depreciation": "37,474", "Net Income from Continuing Operation Net Minority Interest": "-1,523,420", "Total Unusual Items Excluding Goodwill": "-1,784,936", "Total Unusual Items": "-1,784,936", "Tax Rate for Calcs": "0", "Tax Effect of Unusual Items": "-481,933"}, "12/31/2019": {"Duration": "12/31/2019", "Total Revenue": "1,256,595", "Credit Losses Provision": "-72,515", "Non Interest Expense": "715,177", "Special Income Charges": "0", "Pretax Income": "468,903", "Tax Provision": "114,808", "Net Income Common Stockholders": "354,095", "Diluted NI Available to Com Stockholders": "354,095", "Basic EPS": "1.61", "Diluted EPS": "1.60", "Basic Average Shares": "220,339", "Diluted Average Shares": "220,650", "INTEREST_INCOME_AFTER_PROVISION_FOR_LOAN_LOSS": "845,850", "Net Income from Continuing & Discontinued Operation": "354,095", "Normalized Income": "357,012", "Total Money Market Investments": "14,180", "Reconciled Depreciation": "43,286", "Net Income from Continuing Operation Net Minority Interest": "354,095", "Total Unusual Items Excluding Goodwill": "-3,863", "Total Unusual Items": "-3,863", "Tax Rate for Calcs": "0", "Tax Effect of Unusual Items": "-946.435"}, "12/31/2018": {"Duration": "12/31/2018", "Total Revenue": "1,217,189", "Credit Losses Provision": "-55,905", "Non Interest Expense": "738,598", "Special Income Charges": "0", "Pretax Income": "422,686", "Tax Provision": "106,423", "Net Income Common Stockholders": "316,247", "Diluted NI Available to Com Stockholders": "316,247", "Basic EPS": "1.44", "Diluted EPS": "1.43", "Basic Average Shares": "220,280", "Diluted Average Shares": "220,737", "INTEREST_INCOME_AFTER_PROVISION_FOR_LOAN_LOSS": "880,746", "Net Income from Continuing & Discontinued Operation": "316,263", "Normalized Income": "316,912", "Total Money Market Investments": "8,665", "Reconciled Depreciation": "52,345", "Net Income from Continuing Operation Net Minority Interest": "316,263", "Total Unusual Items Excluding Goodwill": "-867", "Total Unusual Items": "-867", "Tax Rate for Calcs": "0", "Tax Effect of Unusual Items": "-218.484"}}, "bs": {"12/31/2020": {"Duration": "12/31/2020", "Total Assets": "29,235,175", "Total Liabilities Net Minority Interest": "26,530,598", "Total Equity Gross Minority Interest": "2,704,577", "Total Capitalization": "3,819,544", "Common Stock Equity": "2,704,577", "Capital Lease Obligations": "113,593", "Net Tangible Assets": "2,595,595", "Invested Capital": "3,819,544", "Tangible Book Value": "2,595,595", "Total Debt": "1,228,560", "Net Debt": "-", "Share Issued": "220,226", "Ordinary Shares Number": "220,226"}, "12/31/2019": {"Duration": "12/31/2019", "Total Assets": "28,846,809", "Total Liabilities Net Minority Interest": "24,532,894", "Total Equity Gross Minority Interest": "4,313,915", "Total Capitalization": "5,583,858", "Common Stock Equity": "4,313,915", "Capital Lease Obligations": "119,429", "Net Tangible Assets": "2,392,908", "Invested Capital": "5,583,858", "Tangible Book Value": "2,392,908", "Total Debt": "1,389,372", "Net Debt": "-", "Share Issued": "220,229", "Ordinary Shares Number": "220,229"}, "12/31/2018": {"Duration": "12/31/2018", "Total Assets": "26,939,781", "Total Liabilities Net Minority Interest": "22,883,339", "Total Equity Gross Minority Interest": "4,056,442", "Total Capitalization": "5,197,824", "Common Stock Equity": "4,056,442", "Capital Lease Obligations": "-", "Net Tangible Assets": "2,075,802", "Invested Capital": "5,197,824", "Tangible Book Value": "2,075,802", "Total Debt": "1,141,382", "Net Debt": "518,745", "Share Issued": "220,255", "Ordinary Shares Number": "220,255"}}, "cf": {"TTM": {"Duration": "TTM", "Operating Cash Flow": "-", "Investing Cash Flow": "-", "Financing Cash Flow": "-", "End Cash Position": "-", "Income Tax Paid Supplemental Data": "-", "Interest Paid Supplemental Data": "-", "Capital Expenditure": "-", "Issuance of Debt": "-", "Repayment of Debt": "-", "Repurchase of Capital Stock": "-", "Free Cash Flow": "-"}, "12/31/2020": {"Duration": "12/31/2020", "Operating Cash Flow": "93,774", "Investing Cash Flow": "-960,111", "Financing Cash Flow": "2,076,762", "End Cash Position": "2,573,181", "Income Tax Paid Supplemental Data": "130,228", "Interest Paid Supplemental Data": "136,018", "Capital Expenditure": "-11,986", "Issuance of Debt": "600,000", "Repayment of Debt": "-735,000", "Repurchase of Capital Stock": "-8,655", "Free Cash Flow": "81,788"}, "12/31/2019": {"Duration": "12/31/2019", "Operating Cash Flow": "-80,479", "Investing Cash Flow": "-550,151", "Financing Cash Flow": "1,370,749", "End Cash Position": "1,362,756", "Income Tax Paid Supplemental Data": "129,616", "Interest Paid Supplemental Data": "209,526", "Capital Expenditure": "-12,676", "Issuance of Debt": "940,670", "Repayment of Debt": "-785,670", "Repurchase of Capital Stock": "-7,268", "Free Cash Flow": "-93,155"}, "12/31/2018": {"Duration": "12/31/2018", "Operating Cash Flow": "505,244", "Investing Cash Flow": "-1,499,185", "Financing Cash Flow": "982,298", "End Cash Position": "622,637", "Income Tax Paid Supplemental Data": "71,985", "Interest Paid Supplemental Data": "124,333", "Capital Expenditure": "-8,989", "Issuance of Debt": "100,000", "Repayment of Debt": "-161,250", "Repurchase of Capital Stock": "-12,962", "Free Cash Flow": "496,255"}}}}, {"HAFC": {"quote": {"04/24/2021": {"value": "20.48", "Market Cap": "609.049M", "Beta (5Y Monthly)": "1.34", "PE Ratio (TTM)": "14.88", "EPS (TTM)": "1.38", "Earnings Date": "Apr 27, 2021", "Forward Dividend & Yield": "0.40 (1.95%)", "Ex-Dividend Date": "Feb 05, 2021", "1y Target Est": "20.83"}}, "fin": {"TTM": {"Duration": "TTM", "Total Revenue": "222,594", "Credit Losses Provision": "-45,454", "Non Interest Expense": "119,304", "Special Income Charges": "1,207", "Other Non Operating Income Expenses": "452", "Pretax Income": "59,495", "Tax Provision": "17,299", "Net Income Common Stockholders": "41,664", "Diluted NI Available to Com Stockholders": "41,664", "Basic EPS": "-", "Diluted EPS": "-", "Basic Average Shares": "-", "Diluted Average Shares": "-", "INTEREST_INCOME_AFTER_PROVISION_FOR_LOAN_LOSS": "134,542", "Net Income from Continuing & Discontinued Operation": "42,196", "Normalized Income": "41,340", "Total Money Market Investments": "592", "Reconciled Depreciation": "10,952", "Net Income from Continuing Operation Net Minority Interest": "42,196", "Total Unusual Items Excluding Goodwill": "1,207", "Total Unusual Items": "1,207", "Tax Rate for Calcs": "0", "Tax Effect of Unusual Items": "350.9956"}, "12/31/2020": {"Duration": "12/31/2020", "Total Revenue": "222,594", "Credit Losses Provision": "-45,454", "Non Interest Expense": "119,304", "Special Income Charges": "1,207", "Other Non Operating Income Expenses": "452", "Pretax Income": "59,495", "Tax Provision": "17,299", "Net Income Common Stockholders": "41,664", "Diluted NI Available to Com Stockholders": "41,664", "Basic EPS": "-", "Diluted EPS": "-", "Basic Average Shares": "-", "Diluted Average Shares": "-", "INTEREST_INCOME_AFTER_PROVISION_FOR_LOAN_LOSS": "134,542", "Net Income from Continuing & Discontinued Operation": "42,196", "Normalized Income": "41,340", "Total Money Market Investments": "592", "Reconciled Depreciation": "10,952", "Net Income from Continuing Operation Net Minority Interest": "42,196", "Total Unusual Items Excluding Goodwill": "1,207", "Total Unusual Items": "1,207", "Tax Rate for Calcs": "0", "Tax Effect of Unusual Items": "350.9956"}, "12/31/2019": {"Duration": "12/31/2019", "Total Revenue": "203,424", "Credit Losses Provision": "-30,170", "Non Interest Expense": "125,906", "Special Income Charges": "0", "Other Non Operating Income Expenses": "-", "Pretax Income": "47,348", "Tax Provision": "14,560", "Net Income Common Stockholders": "32,558", "Diluted NI Available to Com Stockholders": "32,558", "Basic EPS": "1.06", "Diluted EPS": "1.06", "Basic Average Shares": "30,725", "Diluted Average Shares": "30,760", "INTEREST_INCOME_AFTER_PROVISION_FOR_LOAN_LOSS": "144,555", "Net Income from Continuing & Discontinued Operation": "32,788", "Normalized Income": "32,788", "Total Money Market Investments": "1,562", "Reconciled Depreciation": "9,532", "Net Income from Continuing Operation Net Minority Interest": "32,788", "Total Unusual Items Excluding Goodwill": "0", "Total Unusual Items": "0", "Tax Rate for Calcs": "0", "Tax Effect of Unusual Items": "0"}, "12/31/2018": {"Duration": "12/31/2018", "Total Revenue": "205,533", "Credit Losses Provision": "-3,990", "Non Interest Expense": "116,727", "Special Income Charges": "-846", "Other Non Operating Income Expenses": "-", "Pretax Income": "83,970", "Tax Provision": "26,102", "Net Income Common Stockholders": "57,509", "Diluted NI Available to Com Stockholders": "57,509", "Basic EPS": "1.80", "Diluted EPS": "1.79", "Basic Average Shares": "31,925", "Diluted Average Shares": "32,051", "INTEREST_INCOME_AFTER_PROVISION_FOR_LOAN_LOSS": "175,610", "Net Income from Continuing & Discontinued Operation": "57,868", "Normalized Income": "58,451", "Total Money Market Investments": "577", "Reconciled Depreciation": "11,111", "Net Income from Continuing Operation Net Minority Interest": "57,868", "Total Unusual Items Excluding Goodwill": "-846", "Total Unusual Items": "-846", "Tax Rate for Calcs": "0", "Tax Effect of Unusual Items": "-263.0214"}}, "bs": {"12/31/2020": {"Duration": "12/31/2020", "Total Assets": "6,201,888", "Total Liabilities Net Minority Interest": "5,624,844", "Total Equity Gross Minority Interest": "577,044", "Total Capitalization": "846,016", "Common Stock Equity": "577,044", "Net Tangible Assets": "565,432", "Invested Capital": "846,016", "Tangible Book Value": "565,432", "Total Debt": "268,972", "Net Debt": "-", "Share Issued": "33,561", "Ordinary Shares Number": "30,718", "Treasury Shares Number": "2,843"}, "12/31/2019": {"Duration": "12/31/2019", "Total Assets": "5,538,184", "Total Liabilities Net Minority Interest": "4,974,917", "Total Equity Gross Minority Interest": "563,267", "Total Capitalization": "771,644", "Common Stock Equity": "563,267", "Net Tangible Assets": "551,394", "Invested Capital": "771,644", "Tangible Book Value": "551,394", "Total Debt": "208,377", "Net Debt": "86,699", "Share Issued": "33,475", "Ordinary Shares Number": "30,800", "Treasury Shares Number": "2,676"}, "12/31/2018": {"Duration": "12/31/2018", "Total Assets": "5,502,219", "Total Liabilities Net Minority Interest": "4,949,651", "Total Equity Gross Minority Interest": "552,568", "Total Capitalization": "725,376", "Common Stock Equity": "552,568", "Net Tangible Assets": "540,386", "Invested Capital": "725,376", "Tangible Book Value": "540,386", "Total Debt": "172,808", "Net Debt": "17,432", "Share Issued": "33,202", "Ordinary Shares Number": "30,928", "Treasury Shares Number": "2,274"}}, "cf": {"TTM": {"Duration": "TTM", "Operating Cash Flow": "60,203", "Investing Cash Flow": "-407,587", "Financing Cash Flow": "617,555", "End Cash Position": "391,849", "Income Tax Paid Supplemental Data": "18,020", "Interest Paid Supplemental Data": "49,619", "Capital Expenditure": "-4,392", "Issuance of Debt": "75,000", "Repayment of Debt": "-", "Repurchase of Capital Stock": "-2,196", "Free Cash Flow": "55,811"}, "12/31/2020": {"Duration": "12/31/2020", "Operating Cash Flow": "60,203", "Investing Cash Flow": "-407,587", "Financing Cash Flow": "617,555", "End Cash Position": "391,849", "Income Tax Paid Supplemental Data": "18,020", "Interest Paid Supplemental Data": "49,619", "Capital Expenditure": "-4,392", "Issuance of Debt": "75,000", "Repayment of Debt": "-", "Repurchase of Capital Stock": "-2,196", "Free Cash Flow": "55,811"}, "12/31/2019": {"Duration": "12/31/2019", "Operating Cash Flow": "58,796", "Investing Cash Flow": "-44,545", "Financing Cash Flow": "-47,949", "End Cash Position": "121,678", "Income Tax Paid Supplemental Data": "15,570", "Interest Paid Supplemental Data": "71,064", "Capital Expenditure": "-1,579", "Issuance of Debt": "110,000", "Repayment of Debt": "-75,000", "Repurchase of Capital Stock": "-7,362", "Free Cash Flow": "57,217"}, "12/31/2018": {"Duration": "12/31/2018", "Operating Cash Flow": "76,635", "Investing Cash Flow": "-311,567", "Financing Cash Flow": "236,482", "End Cash Position": "155,376", "Income Tax Paid Supplemental Data": "20,792", "Interest Paid Supplemental Data": "47,314", "Capital Expenditure": "-3,696", "Issuance of Debt": "0", "Repayment of Debt": "-95,000", "Repurchase of Capital Stock": "-36,068", "Free Cash Flow": "72,939"}}}}, {"CVBF": {"quote": {"04/24/2021": {"value": "22.05", "Market Cap": "2.928B", "Beta (5Y Monthly)": "0.55", "PE Ratio (TTM)": "14.71", "EPS (TTM)": "1.50", "Earnings Date": "Jul 20, 2021 - Jul 26, 2021", "Forward Dividend & Yield": "0.72 (3.27%)", "Ex-Dividend Date": "Mar 30, 2021", "1y Target Est": "24.17"}}, "fin": {"TTM": {"Duration": "TTM", "Total Revenue": "467,446", "Credit Losses Provision": "8,000", "Non Interest Expense": "191,425", "Special Income Charges": "-", "Pretax Income": "285,701", "Tax Provision": "82,629", "Net Income Common Stockholders": "202,583", "Diluted NI Available to Com Stockholders": "202,583", "Basic EPS": "-", "Diluted EPS": "-", "Basic Average Shares": "-", "Diluted Average Shares": "-", "INTEREST_INCOME_AFTER_PROVISION_FOR_LOAN_LOSS": "424,352", "Net Income from Continuing & Discontinued Operation": "203,072", "Normalized Income": "201,304", "Total Money Market Investments": "1,482", "Reconciled Depreciation": "9,074", "Net Income from Continuing Operation Net Minority Interest": "203,072", "Total Unusual Items Excluding Goodwill": "2,487", "Total Unusual Items": "2,487", "Tax Rate for Calcs": "0", "Tax Effect of Unusual Items": "719.2776"}, "12/31/2020": {"Duration": "12/31/2020", "Total Revenue": "464,243", "Credit Losses Provision": "-23,500", "Non Interest Expense": "192,903", "Special Income Charges": "1,680", "Pretax Income": "249,520", "Tax Provision": "72,361", "Net Income Common Stockholders": "176,587", "Diluted NI Available to Com Stockholders": "176,587", "Basic EPS": "1.30", "Diluted EPS": "1.30", "Basic Average Shares": "136,031", "Diluted Average Shares": "136,206", "INTEREST_INCOME_AFTER_PROVISION_FOR_LOAN_LOSS": "391,575", "Net Income from Continuing & Discontinued Operation": "177,159", "Normalized Income": "175,691", "Total Money Market Investments": "1,682", "Reconciled Depreciation": "-1,157", "Net Income from Continuing Operation Net Minority Interest": "177,159", "Total Unusual Items Excluding Goodwill": "2,068", "Total Unusual Items": "2,068", "Tax Rate for Calcs": "0", "Tax Effect of Unusual Items": "599.72"}, "12/31/2019": {"Duration": "12/31/2019", "Total Revenue": "484,353", "Credit Losses Provision": "-5,000", "Non Interest Expense": "192,293", "Special Income Charges": "4,014", "Pretax Income": "291,074", "Tax Provision": "83,247", "Net Income Common Stockholders": "207,339", "Diluted NI Available to Com Stockholders": "207,339", "Basic EPS": "1.48", "Diluted EPS": "1.48", "Basic Average Shares": "139,757", "Diluted Average Shares": "139,934", "INTEREST_INCOME_AFTER_PROVISION_FOR_LOAN_LOSS": "429,537", "Net Income from Continuing & Discontinued Operation": "207,827", "Normalized Income": "204,869", "Total Money Market Investments": "2,269", "Reconciled Depreciation": "22,036", "Net Income from Continuing Operation Net Minority Interest": "207,827", "Total Unusual Items Excluding Goodwill": "4,143", "Total Unusual Items": "4,143", "Tax Rate for Calcs": "0", "Tax Effect of Unusual Items": "1,185"}, "12/31/2018": {"Duration": "12/31/2018", "Total Revenue": "392,526", "Credit Losses Provision": "-1,250", "Non Interest Expense": "163,757", "Special Income Charges": "-16,404", "Pretax Income": "211,115", "Tax Provision": "59,112", "Net Income Common Stockholders": "151,574", "Diluted NI Available to Com Stockholders": "151,574", "Basic EPS": "1.25", "Diluted EPS": "1.24", "Basic Average Shares": "121,670", "Diluted Average Shares": "121,957", "INTEREST_INCOME_AFTER_PROVISION_FOR_LOAN_LOSS": "345,750", "Net Income from Continuing & Discontinued Operation": "152,003", "Normalized Income": "161,261", "Total Money Market Investments": "1,642", "Reconciled Depreciation": "8,349", "Net Income from Continuing Operation Net Minority Interest": "152,003", "Total Unusual Items Excluding Goodwill": "-12,858", "Total Unusual Items": "-12,858", "Tax Rate for Calcs": "0", "Tax Effect of Unusual Items": "-3,600"}}, "bs": {"12/31/2020": {"Duration": "12/31/2020", "Total Assets": "14,419,314", "Total Liabilities Net Minority Interest": "12,411,324", "Total Equity Gross Minority Interest": "2,007,990", "Total Capitalization": "2,033,764", "Common Stock Equity": "2,007,990", "Net Tangible Assets": "1,310,649", "Invested Capital": "2,038,764", "Tangible Book Value": "1,310,649", "Total Debt": "30,774", "Net Debt": "-", "Share Issued": "135,601", "Ordinary Shares Number": "135,601"}, "12/31/2019": {"Duration": "12/31/2019", "Total Assets": "11,282,450", "Total Liabilities Net Minority Interest": "9,288,352", "Total Equity Gross Minority Interest": "1,994,098", "Total Capitalization": "2,019,872", "Common Stock Equity": "1,994,098", "Net Tangible Assets": "1,287,405", "Invested Capital": "2,019,872", "Tangible Book Value": "1,287,405", "Total Debt": "25,774", "Net Debt": "-", "Share Issued": "140,102", "Ordinary Shares Number": "140,102"}, "12/31/2018": {"Duration": "12/31/2018", "Total Assets": "11,529,153", "Total Liabilities Net Minority Interest": "9,677,963", "Total Equity Gross Minority Interest": "1,851,190", "Total Capitalization": "1,876,964", "Common Stock Equity": "1,851,190", "Net Tangible Assets": "1,130,867", "Invested Capital": "2,156,964", "Tangible Book Value": "1,130,867", "Total Debt": "305,774", "Net Debt": "134,156", "Share Issued": "140,000", "Ordinary Shares Number": "140,000"}}, "cf": {"TTM": {"Duration": "TTM", "Operating Cash Flow": "-", "Investing Cash Flow": "-", "Financing Cash Flow": "-", "End Cash Position": "-", "Capital Expenditure": "-", "Repayment of Debt": "-", "Repurchase of Capital Stock": "-", "Free Cash Flow": "-"}, "12/31/2020": {"Duration": "12/31/2020", "Operating Cash Flow": "185,096", "Investing Cash Flow": "-1,268,758", "Financing Cash Flow": "2,856,304", "End Cash Position": "1,958,160", "Capital Expenditure": "-4,672", "Repayment of Debt": "0", "Repurchase of Capital Stock": "-92,772", "Free Cash Flow": "180,424"}, "12/31/2019": {"Duration": "12/31/2019", "Operating Cash Flow": "208,182", "Investing Cash Flow": "325,323", "Financing Cash Flow": "-511,935", "End Cash Position": "185,518", "Capital Expenditure": "-5,522", "Repayment of Debt": "0", "Repurchase of Capital Stock": "-2,640", "Free Cash Flow": "202,660"}, "12/31/2018": {"Duration": "12/31/2018", "Operating Cash Flow": "168,378", "Investing Cash Flow": "807,656", "Financing Cash Flow": "-956,463", "End Cash Position": "163,948", "Capital Expenditure": "-4,194", "Repayment of Debt": "-297,571", "Repurchase of Capital Stock": "-7,760", "Free Cash Flow": "164,184"}}}}, {"CPF": {"quote": {"04/24/2021": {"value": "27.30", "Market Cap": "752.276M", "Beta (5Y Monthly)": "1.35", "PE Ratio (TTM)": "20.68", "EPS (TTM)": "1.32", "Earnings Date": "Apr 28, 2021", "Forward Dividend & Yield": "0.92 (3.37%)", "Ex-Dividend Date": "Feb 25, 2021", "1y Target Est": "28.00"}}, "fin": {"TTM": {"Duration": "TTM", "Total Revenue": "242,466", "Credit Losses Provision": "-39,117", "Non Interest Expense": "154,731", "Income from Associates & Other Participating Interests": "415", "Special Income Charges": "-2,933", "Pretax Income": "49,033", "Tax Provision": "11,760", "Net Income Common Stockholders": "37,273", "Diluted NI Available to Com Stockholders": "37,273", "Basic EPS": "-", "Diluted EPS": "-", "Basic Average Shares": "-", "Diluted Average Shares": "-", "INTEREST_INCOME_AFTER_PROVISION_FOR_LOAN_LOSS": "158,017", "Net Income from Continuing & Discontinued Operation": "37,273", "Normalized Income": "37,284", "Total Money Market Investments": "46", "Reconciled Depreciation": "12,390", "Net Income from Continuing Operation Net Minority Interest": "37,273", "Total Unusual Items Excluding Goodwill": "-15", "Total Unusual Items": "-15", "Tax Rate for Calcs": "0", "Tax Effect of Unusual Items": "-3.6"}, "12/31/2020": {"Duration": "12/31/2020", "Total Revenue": "242,466", "Credit Losses Provision": "-39,117", "Non Interest Expense": "154,731", "Income from Associates & Other Participating Interests": "415", "Special Income Charges": "-2,933", "Pretax Income": "49,033", "Tax Provision": "11,760", "Net Income Common Stockholders": "37,273", "Diluted NI Available to Com Stockholders": "37,273", "Basic EPS": "-", "Diluted EPS": "-", "Basic Average Shares": "-", "Diluted Average Shares": "-", "INTEREST_INCOME_AFTER_PROVISION_FOR_LOAN_LOSS": "158,017", "Net Income from Continuing & Discontinued Operation": "37,273", "Normalized Income": "37,284", "Total Money Market Investments": "46", "Reconciled Depreciation": "12,390", "Net Income from Continuing Operation Net Minority Interest": "37,273", "Total Unusual Items Excluding Goodwill": "-15", "Total Unusual Items": "-15", "Tax Rate for Calcs": "0", "Tax Effect of Unusual Items": "-3.6"}, "12/31/2019": {"Duration": "12/31/2019", "Total Revenue": "225,618", "Credit Losses Provision": "-6,317", "Non Interest Expense": "141,631", "Income from Associates & Other Participating Interests": "257", "Special Income Charges": "-", "Pretax Income": "77,927", "Tax Provision": "19,605", "Net Income Common Stockholders": "58,322", "Diluted NI Available to Com Stockholders": "58,322", "Basic EPS": "2.05", "Diluted EPS": "2.03", "Basic Average Shares": "28,496", "Diluted Average Shares": "28,677", "INTEREST_INCOME_AFTER_PROVISION_FOR_LOAN_LOSS": "176,730", "Net Income from Continuing & Discontinued Operation": "58,322", "Normalized Income": "58,430", "Total Money Market Investments": "201", "Reconciled Depreciation": "8,599", "Net Income from Continuing Operation Net Minority Interest": "58,322", "Total Unusual Items Excluding Goodwill": "-145", "Total Unusual Items": "-145", "Tax Rate for Calcs": "0", "Tax Effect of Unusual Items": "-36.54"}, "12/31/2018": {"Duration": "12/31/2018", "Total Revenue": "211,569", "Credit Losses Provision": "1,124", "Non Interest Expense": "134,682", "Income from Associates & Other Participating Interests": "233", "Special Income Charges": "0", "Pretax Income": "78,244", "Tax Provision": "18,758", "Net Income Common Stockholders": "59,486", "Diluted NI Available to Com Stockholders": "59,486", "Basic EPS": "2.02", "Diluted EPS": "2.01", "Basic Average Shares": "29,410", "Diluted Average Shares": "29,610", "INTEREST_INCOME_AFTER_PROVISION_FOR_LOAN_LOSS": "173,846", "Net Income from Continuing & Discontinued Operation": "59,486", "Normalized Income": "59,486", "Total Money Market Investments": "365", "Reconciled Depreciation": "10,153", "Net Income from Continuing Operation Net Minority Interest": "59,486", "Total Unusual Items Excluding Goodwill": "0", "Total Unusual Items": "0", "Tax Rate for Calcs": "0", "Tax Effect of Unusual Items": "0"}}, "bs": {"12/31/2020": {"Duration": "12/31/2020", "Total Assets": "6,594,583", "Total Liabilities Net Minority Interest": "6,047,850", "Total Equity Gross Minority Interest": "546,733", "Total Capitalization": "652,070", "Common Stock Equity": "546,685", "Capital Lease Obligations": "47,191", "Net Tangible Assets": "534,820", "Invested Capital": "674,070", "Tangible Book Value": "534,820", "Total Debt": "174,576", "Net Debt": "23,318", "Share Issued": "28,183", "Ordinary Shares Number": "28,183"}, "12/31/2019": {"Duration": "12/31/2019", "Total Assets": "6,012,672", "Total Liabilities Net Minority Interest": "5,484,152", "Total Equity Gross Minority Interest": "528,520", "Total Capitalization": "630,067", "Common Stock Equity": "528,520", "Capital Lease Obligations": "52,632", "Net Tangible Assets": "513,802", "Invested Capital": "780,067", "Tangible Book Value": "513,802", "Total Debt": "304,179", "Net Debt": "148,575", "Share Issued": "28,289", "Ordinary Shares Number": "28,289"}, "12/31/2018": {"Duration": "12/31/2018", "Total Assets": "5,807,026", "Total Liabilities Net Minority Interest": "5,315,301", "Total Equity Gross Minority Interest": "491,725", "Total Capitalization": "613,891", "Common Stock Equity": "491,725", "Capital Lease Obligations": "-", "Net Tangible Assets": "476,129", "Invested Capital": "810,891", "Tangible Book Value": "476,129", "Total Debt": "319,166", "Net Debt": "216,980", "Share Issued": "28,968", "Ordinary Shares Number": "28,968"}}, "cf": {"TTM": {"Duration": "TTM", "Operating Cash Flow": "76,792", "Investing Cash Flow": "-596,946", "Financing Cash Flow": "521,249", "End Cash Position": "104,067", "Income Tax Paid Supplemental Data": "20,044", "Interest Paid Supplemental Data": "17,296", "Capital Expenditure": "-25,997", "Issuance of Capital Stock": "0", "Issuance of Debt": "119,782", "Repayment of Debt": "-115,944", "Repurchase of Capital Stock": "-4,749", "Free Cash Flow": "50,795"}, "12/31/2020": {"Duration": "12/31/2020", "Operating Cash Flow": "76,792", "Investing Cash Flow": "-596,946", "Financing Cash Flow": "521,249", "End Cash Position": "104,067", "Income Tax Paid Supplemental Data": "20,044", "Interest Paid Supplemental Data": "17,296", "Capital Expenditure": "-25,997", "Issuance of Capital Stock": "0", "Issuance of Debt": "119,782", "Repayment of Debt": "-115,944", "Repurchase of Capital Stock": "-4,749", "Free Cash Flow": "50,795"}, "12/31/2019": {"Duration": "12/31/2019", "Operating Cash Flow": "72,192", "Investing Cash Flow": "-128,972", "Financing Cash Flow": "57,566", "End Cash Position": "102,972", "Income Tax Paid Supplemental Data": "24,101", "Interest Paid Supplemental Data": "33,072", "Capital Expenditure": "-7,197", "Issuance of Capital Stock": "151", "Issuance of Debt": "0", "Repayment of Debt": "-20,619", "Repurchase of Capital Stock": "-22,793", "Free Cash Flow": "64,995"}, "12/31/2018": {"Duration": "12/31/2018", "Operating Cash Flow": "103,486", "Investing Cash Flow": "-211,143", "Financing Cash Flow": "127,550", "End Cash Position": "102,186", "Income Tax Paid Supplemental Data": "23", "Interest Paid Supplemental Data": "23,943", "Capital Expenditure": "-3,225", "Issuance of Capital Stock": "0", "Issuance of Debt": "50,000", "Repayment of Debt": "-20,619", "Repurchase of Capital Stock": "-32,824", "Free Cash Flow": "100,261"}}}}, {"CHMG": {"quote": {"04/24/2021": {"value": "42.80", "Market Cap": "201.801M", "Beta (5Y Monthly)": "0.14", "PE Ratio (TTM)": "8.73", "EPS (TTM)": "4.90", "Earnings Date": "Jul 19, 2021 - Jul 23, 2021", "Forward Dividend & Yield": "1.04 (2.43%)", "Ex-Dividend Date": "Mar 17, 2021", "1y Target Est": "44.75"}}, "fin": {"TTM": {"Duration": "TTM", "Total Revenue": "82,870", "Credit Losses Provision": "-4,239", "Non Interest Expense": "54,762", "Pretax Income": "23,869", "Tax Provision": "4,607", "Net Income Common Stockholders": "19,262", "Diluted NI Available to Com Stockholders": "19,262", "Basic EPS": "-", "Diluted EPS": "-", "Basic Average Shares": "-", "Diluted Average Shares": "-", "INTEREST_INCOME_AFTER_PROVISION_FOR_LOAN_LOSS": "58,680", "Net Income from Continuing & Discontinued Operation": "19,262", "Normalized Income": "19,326", "Total Money Market Investments": "754", "Reconciled Depreciation": "4,258", "Net Income from Continuing Operation Net Minority Interest": "19,262", "Total Unusual Items Excluding Goodwill": "-79", "Total Unusual Items": "-79", "Tax Rate for Calcs": "0", "Tax Effect of Unusual Items": "-15.247"}, "12/31/2020": {"Duration": "12/31/2020", "Total Revenue": "82,870", "Credit Losses Provision": "-4,239", "Non Interest Expense": "54,762", "Pretax Income": "23,869", "Tax Provision": "4,607", "Net Income Common Stockholders": "19,262", "Diluted NI Available to Com Stockholders": "19,262", "Basic EPS": "-", "Diluted EPS": "-", "Basic Average Shares": "-", "Diluted Average Shares": "-", "INTEREST_INCOME_AFTER_PROVISION_FOR_LOAN_LOSS": "58,680", "Net Income from Continuing & Discontinued Operation": "19,262", "Normalized Income": "19,326", "Total Money Market Investments": "754", "Reconciled Depreciation": "4,258", "Net Income from Continuing Operation Net Minority Interest": "19,262", "Total Unusual Items Excluding Goodwill": "-79", "Total Unusual Items": "-79", "Tax Rate for Calcs": "0", "Tax Effect of Unusual Items": "-15.247"}, "12/31/2019": {"Duration": "12/31/2019", "Total Revenue": "79,897", "Credit Losses Provision": "-5,945", "Non Interest Expense": "54,909", "Pretax Income": "19,043", "Tax Provision": "3,434", "Net Income Common Stockholders": "15,609", "Diluted NI Available to Com Stockholders": "15,609", "Basic EPS": "3.21", "Diluted EPS": "3.21", "Basic Average Shares": "4,869", "Diluted Average Shares": "4,869", "INTEREST_INCOME_AFTER_PROVISION_FOR_LOAN_LOSS": "54,666", "Net Income from Continuing & Discontinued Operation": "15,609", "Normalized Income": "15,690", "Total Money Market Investments": "2,270", "Reconciled Depreciation": "4,433", "Net Income from Continuing Operation Net Minority Interest": "15,609", "Total Unusual Items Excluding Goodwill": "-99", "Total Unusual Items": "-99", "Tax Rate for Calcs": "0", "Tax Effect of Unusual Items": "-17.82"}, "12/31/2018": {"Duration": "12/31/2018", "Total Revenue": "82,691", "Credit Losses Provision": "-3,153", "Non Interest Expense": "55,903", "Pretax Income": "23,635", "Tax Provision": "4,009", "Net Income Common Stockholders": "19,626", "Diluted NI Available to Com Stockholders": "19,626", "Basic EPS": "4.06", "Diluted EPS": "4.06", "Basic Average Shares": "4,832", "Diluted Average Shares": "4,832", "INTEREST_INCOME_AFTER_PROVISION_FOR_LOAN_LOSS": "57,327", "Net Income from Continuing & Discontinued Operation": "19,626", "Normalized Income": "19,551", "Total Money Market Investments": "756", "Reconciled Depreciation": "4,171", "Net Income from Continuing Operation Net Minority Interest": "19,626", "Total Unusual Items Excluding Goodwill": "90", "Total Unusual Items": "90", "Tax Rate for Calcs": "0", "Tax Effect of Unusual Items": "15.3"}}, "bs": {"12/31/2020": {"Duration": "12/31/2020", "Total Assets": "2,279,451", "Total Liabilities Net Minority Interest": "2,079,752", "Total Equity Gross Minority Interest": "199,699", "Total Capitalization": "203,548", "Common Stock Equity": "199,699", "Capital Lease Obligations": "11,113", "Net Tangible Assets": "177,617", "Invested Capital": "203,548", "Tangible Book Value": "177,617", "Total Debt": "11,113", "Net Debt": "-", "Share Issued": "5,310", "Ordinary Shares Number": "4,668", "Treasury Shares Number": "642.239"}, "12/31/2019": {"Duration": "12/31/2019", "Total Assets": "1,787,827", "Total Liabilities Net Minority Interest": "1,605,200", "Total Equity Gross Minority Interest": "182,627", "Total Capitalization": "186,712", "Common Stock Equity": "182,627", "Capital Lease Obligations": "12,169", "Net Tangible Assets": "160,061", "Invested Capital": "186,712", "Tangible Book Value": "160,061", "Total Debt": "12,169", "Net Debt": "-", "Share Issued": "5,310", "Ordinary Shares Number": "4,857", "Treasury Shares Number": "452.641"}, "12/31/2018": {"Duration": "12/31/2018", "Total Assets": "1,755,343", "Total Liabilities Net Minority Interest": "1,590,314", "Total Equity Gross Minority Interest": "165,029", "Total Capitalization": "169,333", "Common Stock Equity": "165,029", "Capital Lease Obligations": "4,304", "Net Tangible Assets": "141,854", "Invested Capital": "169,333", "Tangible Book Value": "141,854", "Total Debt": "4,304", "Net Debt": "-", "Share Issued": "5,310", "Ordinary Shares Number": "4,821", "Treasury Shares Number": "488.844"}}, "cf": {"TTM": {"Duration": "TTM", "Operating Cash Flow": "28,659", "Investing Cash Flow": "-32,711", "Financing Cash Flow": "453,823", "End Cash Position": "108,538", "Income Tax Paid Supplemental Data": "6,005", "Interest Paid Supplemental Data": "4,025", "Capital Expenditure": "-867", "Issuance of Capital Stock": "1,018", "Repayment of Debt": "-236", "Repurchase of Capital Stock": "-7,589", "Free Cash Flow": "27,792"}, "12/31/2020": {"Duration": "12/31/2020", "Operating Cash Flow": "28,659", "Investing Cash Flow": "-495,848", "Financing Cash Flow": "453,823", "End Cash Position": "108,538", "Income Tax Paid Supplemental Data": "6,005", "Interest Paid Supplemental Data": "4,025", "Capital Expenditure": "-867", "Issuance of Capital Stock": "1,018", "Repayment of Debt": "-236", "Repurchase of Capital Stock": "-7,589", "Free Cash Flow": "27,792"}, "12/31/2019": {"Duration": "12/31/2019", "Operating Cash Flow": "26,405", "Investing Cash Flow": "-32,711", "Financing Cash Flow": "-1,762", "End Cash Position": "121,904", "Income Tax Paid Supplemental Data": "4,455", "Interest Paid Supplemental Data": "6,254", "Capital Expenditure": "-883", "Issuance of Capital Stock": "585", "Repayment of Debt": "-219", "Repurchase of Capital Stock": "-", "Free Cash Flow": "25,522"}, "12/31/2018": {"Duration": "12/31/2018", "Operating Cash Flow": "27,772", "Investing Cash Flow": "43,919", "Financing Cash Flow": "27,552", "End Cash Position": "129,972", "Income Tax Paid Supplemental Data": "1,730", "Interest Paid Supplemental Data": "3,989", "Capital Expenditure": "-1,770", "Issuance of Capital Stock": "643", "Repayment of Debt": "-2,213", "Repurchase of Capital Stock": "-", "Free Cash Flow": "26,002"}}}}, {"HTBK": {"quote": {"04/24/2021": {"value": "12.26", "Market Cap": "714.992M", "Beta (5Y Monthly)": "1.25", "PE Ratio (TTM)": "16.37", "EPS (TTM)": "0.75", "Earnings Date": "Jul 21, 2021 - Jul 26, 2021", "Forward Dividend & Yield": "0.52 (4.24%)", "Ex-Dividend Date": "Feb 11, 2021", "1y Target Est": "12.20"}}, "fin": {"TTM": {"Duration": "TTM", "Total Revenue": "151,812", "Credit Losses Provision": "-13,233", "Non Interest Expense": "89,511", "Special Income Charges": "-", "Pretax Income": "49,068", "Tax Provision": "13,769", "Net Income Common Stockholders": "35,299", "Diluted NI Available to Com Stockholders": "35,299", "Basic EPS": "-", "Diluted EPS": "-", "Basic Average Shares": "-", "Diluted Average Shares": "-", "INTEREST_INCOME_AFTER_PROVISION_FOR_LOAN_LOSS": "128,657", "Net Income from Continuing & Discontinued Operation": "35,299", "Normalized Income": "34,730", "Total Money Market Investments": "3,757", "Reconciled Depreciation": "4,702", "Net Income from Continuing Operation Net Minority Interest": "35,299", "Total Unusual Items Excluding Goodwill": "791", "Total Unusual Items": "791", "Tax Rate for Calcs": "0", "Tax Effect of Unusual Items": "222.271"}, "12/31/2020": {"Duration": "12/31/2020", "Total Revenue": "151,812", "Credit Losses Provision": "-13,233", "Non Interest Expense": "89,511", "Special Income Charges": "-", "Pretax Income": "49,068", "Tax Provision": "13,769", "Net Income Common Stockholders": "35,299", "Diluted NI Available to Com Stockholders": "35,299", "Basic EPS": "-", "Diluted EPS": "-", "Basic Average Shares": "-", "Diluted Average Shares": "-", "INTEREST_INCOME_AFTER_PROVISION_FOR_LOAN_LOSS": "128,657", "Net Income from Continuing & Discontinued Operation": "35,299", "Normalized Income": "34,730", "Total Money Market Investments": "3,757", "Reconciled Depreciation": "4,702", "Net Income from Continuing Operation Net Minority Interest": "35,299", "Total Unusual Items Excluding Goodwill": "791", "Total Unusual Items": "791", "Tax Rate for Calcs": "0", "Tax Effect of Unusual Items": "222.271"}, "12/31/2019": {"Duration": "12/31/2019", "Total Revenue": "142,056", "Credit Losses Provision": "-846", "Non Interest Expense": "84,898", "Special Income Charges": "-", "Pretax Income": "56,312", "Tax Provision": "15,851", "Net Income Common Stockholders": "40,461", "Diluted NI Available to Com Stockholders": "40,461", "Basic EPS": "0.87", "Diluted EPS": "0.84", "Basic Average Shares": "46,684", "Diluted Average Shares": "47,906", "INTEREST_INCOME_AFTER_PROVISION_FOR_LOAN_LOSS": "130,966", "Net Income from Continuing & Discontinued Operation": "40,461", "Normalized Income": "40,461", "Total Money Market Investments": "7,867", "Reconciled Depreciation": "3,585", "Net Income from Continuing Operation Net Minority Interest": "40,461", "Total Unusual Items Excluding Goodwill": "-", "Total Unusual Items": "-", "Tax Rate for Calcs": "0", "Tax Effect of Unusual Items": "0"}, "12/31/2018": {"Duration": "12/31/2018", "Total Revenue": "131,597", "Credit Losses Provision": "-7,421", "Non Interest Expense": "69,923", "Special Income Charges": "-5,598", "Pretax Income": "48,655", "Tax Provision": "13,324", "Net Income Common Stockholders": "35,331", "Diluted NI Available to Com Stockholders": "35,331", "Basic EPS": "0.85", "Diluted EPS": "0.84", "Basic Average Shares": "41,469", "Diluted Average Shares": "42,183", "INTEREST_INCOME_AFTER_PROVISION_FOR_LOAN_LOSS": "114,602", "Net Income from Continuing & Discontinued Operation": "35,331", "Normalized Income": "39,395", "Total Money Market Investments": "6,774", "Reconciled Depreciation": "2,696", "Net Income from Continuing Operation Net Minority Interest": "35,331", "Total Unusual Items Excluding Goodwill": "-5,598", "Total Unusual Items": "-5,598", "Tax Rate for Calcs": "0", "Tax Effect of Unusual Items": "-1,534"}}, "bs": {"12/31/2020": {"Duration": "12/31/2020", "Total Assets": "4,634,114", "Total Liabilities Net Minority Interest": "4,056,225", "Total Equity Gross Minority Interest": "577,889", "Total Capitalization": "617,629", "Preferred Stock Equity": "-", "Common Stock Equity": "577,889", "Net Tangible Assets": "393,594", "Invested Capital": "617,629", "Tangible Book Value": "393,594", "Total Debt": "39,740", "Share Issued": "59,917", "Ordinary Shares Number": "59,917"}, "12/31/2019": {"Duration": "12/31/2019", "Total Assets": "4,109,463", "Total Liabilities Net Minority Interest": "3,532,755", "Total Equity Gross Minority Interest": "576,708", "Total Capitalization": "616,262", "Preferred Stock Equity": "489,745", "Common Stock Equity": "576,708", "Net Tangible Assets": "388,873", "Invested Capital": "616,590", "Tangible Book Value": "388,873", "Total Debt": "39,882", "Share Issued": "59,368", "Ordinary Shares Number": "59,368"}, "12/31/2018": {"Duration": "12/31/2018", "Total Assets": "3,096,562", "Total Liabilities Net Minority Interest": "2,729,096", "Total Equity Gross Minority Interest": "367,466", "Total Capitalization": "406,835", "Preferred Stock Equity": "-", "Common Stock Equity": "367,466", "Net Tangible Assets": "271,706", "Invested Capital": "406,835", "Tangible Book Value": "271,706", "Total Debt": "39,369", "Share Issued": "43,289", "Ordinary Shares Number": "43,289"}}, "cf": {"TTM": {"Duration": "TTM", "Operating Cash Flow": "58,086", "Investing Cash Flow": "145,592", "Financing Cash Flow": "470,025", "End Cash Position": "1,131,073", "Income Tax Paid Supplemental Data": "10,640", "Interest Paid Supplemental Data": "8,558", "Capital Expenditure": "-3,160", "Issuance of Debt": "-", "Repayment of Debt": "0", "Free Cash Flow": "54,926"}, "12/31/2020": {"Duration": "12/31/2020", "Operating Cash Flow": "58,086", "Investing Cash Flow": "145,592", "Financing Cash Flow": "470,025", "End Cash Position": "1,131,073", "Income Tax Paid Supplemental Data": "10,640", "Interest Paid Supplemental Data": "8,558", "Capital Expenditure": "-3,160", "Issuance of Debt": "-", "Repayment of Debt": "0", "Free Cash Flow": "54,926"}, "12/31/2019": {"Duration": "12/31/2019", "Operating Cash Flow": "50,343", "Investing Cash Flow": "271,239", "Financing Cash Flow": "-28,780", "End Cash Position": "457,370", "Income Tax Paid Supplemental Data": "17,730", "Interest Paid Supplemental Data": "9,935", "Capital Expenditure": "-203", "Issuance of Debt": "0", "Repayment of Debt": "-10,300", "Free Cash Flow": "50,140"}, "12/31/2018": {"Duration": "12/31/2018", "Operating Cash Flow": "48,572", "Investing Cash Flow": "77,656", "Financing Cash Flow": "-277,882", "End Cash Position": "164,568", "Income Tax Paid Supplemental Data": "12,838", "Interest Paid Supplemental Data": "7,528", "Capital Expenditure": "-187", "Issuance of Debt": "0", "Repayment of Debt": "0", "Free Cash Flow": "48,385"}}}}, {"PCBK": {"quote": {"04/24/2021": {"value": "", "Net Assets": "N/A", "Beta (5Y Monthly)": "N/A", "Yield": "N/A", "5y Average Return": "N/A", "Holdings Turnover": "N/A", "Last Dividend": "N/A", "Average for Category": "N/A", "Inception Date": "N/A"}}, "fin": {}, "bs": {}, "cf": {}}}, {"SIVB": {"quote": {"04/24/2021": {"value": "564.22", "Market Cap": "28.5B", "Beta (5Y Monthly)": "N/A", "PE Ratio (TTM)": "18.57", "EPS (TTM)": "30.38", "Earnings Date": "Jul 22, 2021", "Forward Dividend & Yield": "N/A (N/A)", "Ex-Dividend Date": "Feb 10, 1992", "1y Target Est": "548.00"}}, "fin": {"TTM": {"Duration": "TTM", "Total Revenue": "4,516,456", "Credit Losses Provision": "5,291", "Non Interest Expense": "2,213,793", "Special Income Charges": "-", "Pretax Income": "2,307,954", "Tax Provision": "585,545", "Net Income Common Stockholders": "1,591,184", "Diluted NI Available to Com Stockholders": "1,591,184", "Basic EPS": "-", "Diluted EPS": "-", "Basic Average Shares": "-", "Diluted Average Shares": "-", "INTEREST_INCOME_AFTER_PROVISION_FOR_LOAN_LOSS": "2,297,017", "Net Income from Continuing & Discontinued Operation": "1,609,560", "Normalized Income": "1,609,560", "Total Money Market Investments": "11,183", "Reconciled Depreciation": "-", "Net Income from Continuing Operation Net Minority Interest": "1,609,560", "Total Unusual Items Excluding Goodwill": "0", "Total Unusual Items": "0", "Tax Rate for Calcs": "0", "Tax Effect of Unusual Items": "0"}, "12/31/2020": {"Duration": "12/31/2020", "Total Revenue": "3,919,849", "Credit Losses Provision": "-219,510", "Non Interest Expense": "1,958,458", "Special Income Charges": "0", "Pretax Income": "1,741,881", "Tax Provision": "447,587", "Net Income Common Stockholders": "1,191,217", "Diluted NI Available to Com Stockholders": "1,191,217", "Basic EPS": "-", "Diluted EPS": "-", "Basic Average Shares": "-", "Diluted Average Shares": "-", "INTEREST_INCOME_AFTER_PROVISION_FOR_LOAN_LOSS": "1,936,774", "Net Income from Continuing & Discontinued Operation": "1,208,368", "Normalized Income": "1,208,368", "Total Money Market Investments": "25,542", "Reconciled Depreciation": "100,840", "Net Income from Continuing Operation Net Minority Interest": "1,208,368", "Total Unusual Items Excluding Goodwill": "0", "Total Unusual Items": "0", "Tax Rate for Calcs": "0", "Tax Effect of Unusual Items": "0"}, "12/31/2019": {"Duration": "12/31/2019", "Total Revenue": "3,259,500", "Credit Losses Provision": "-106,416", "Non Interest Expense": "1,533,722", "Special Income Charges": "-8,960", "Pretax Income": "1,610,402", "Tax Provision": "425,685", "Net Income Common Stockholders": "1,136,856", "Diluted NI Available to Com Stockholders": "1,136,856", "Basic EPS": "21.90", "Diluted EPS": "21.73", "Basic Average Shares": "51,915", "Diluted Average Shares": "52,311", "INTEREST_INCOME_AFTER_PROVISION_FOR_LOAN_LOSS": "1,990,185", "Net Income from Continuing & Discontinued Operation": "1,136,856", "Normalized Income": "1,143,379", "Total Money Market Investments": "96,440", "Reconciled Depreciation": "82,717", "Net Income from Continuing Operation Net Minority Interest": "1,136,856", "Total Unusual Items Excluding Goodwill": "-8,960", "Total Unusual Items": "-8,960", "Tax Rate for Calcs": "0", "Tax Effect of Unusual Items": "-2,437"}, "12/31/2018": {"Duration": "12/31/2018", "Total Revenue": "2,601,022", "Credit Losses Provision": "-87,870", "Non Interest Expense": "1,150,243", "Special Income Charges": "-", "Pretax Income": "1,362,909", "Tax Provision": "351,561", "Net Income Common Stockholders": "973,840", "Diluted NI Available to Com Stockholders": "973,840", "Basic EPS": "18.35", "Diluted EPS": "18.11", "Basic Average Shares": "53,078", "Diluted Average Shares": "53,771", "INTEREST_INCOME_AFTER_PROVISION_FOR_LOAN_LOSS": "1,806,118", "Net Income from Continuing & Discontinued Operation": "973,840", "Normalized Income": "973,840", "Total Money Market Investments": "35,208", "Reconciled Depreciation": "57,906", "Net Income from Continuing Operation Net Minority Interest": "973,840", "Total Unusual Items Excluding Goodwill": "-", "Total Unusual Items": "-", "Tax Rate for Calcs": "0", "Tax Effect of Unusual Items": "0"}}, "bs": {"12/31/2020": {"Duration": "12/31/2020", "Total Assets": "115,511,007", "Total Liabilities Net Minority Interest": "107,077,516", "Total Equity Gross Minority Interest": "8,433,491", "Total Capitalization": "9,063,328", "Preferred Stock Equity": "340,138", "Common Stock Equity": "7,879,562", "Capital Lease Obligations": "259,554", "Net Tangible Assets": "8,015,580", "Invested Capital": "8,743,743", "Tangible Book Value": "7,675,442", "Total Debt": "1,123,735", "Share Issued": "51,888", "Ordinary Shares Number": "51,888", "Preferred Shares Number": "350"}, "12/31/2019": {"Duration": "12/31/2019", "Total Assets": "71,004,903", "Total Liabilities Net Minority Interest": "64,383,823", "Total Equity Gross Minority Interest": "6,621,080", "Total Capitalization": "6,818,294", "Preferred Stock Equity": "340,138", "Common Stock Equity": "6,130,169", "Capital Lease Obligations": "218,847", "Net Tangible Assets": "6,283,067", "Invested Capital": "6,495,586", "Tangible Book Value": "5,942,929", "Total Debt": "584,264", "Share Issued": "51,656", "Ordinary Shares Number": "51,656", "Preferred Shares Number": "350"}, "12/31/2018": {"Duration": "12/31/2018", "Total Assets": "56,927,979", "Total Liabilities Net Minority Interest": "51,663,136", "Total Equity Gross Minority Interest": "5,264,843", "Total Capitalization": "5,812,674", "Preferred Stock Equity": "-", "Common Stock Equity": "5,116,209", "Capital Lease Obligations": "-", "Net Tangible Assets": "5,116,209", "Invested Capital": "6,124,672", "Tangible Book Value": "5,116,209", "Total Debt": "1,008,463", "Share Issued": "52,586", "Ordinary Shares Number": "52,586", "Preferred Shares Number": "-"}}, "cf": {"TTM": {"Duration": "TTM", "Operating Cash Flow": "-", "Investing Cash Flow": "-", "Financing Cash Flow": "-", "End Cash Position": "-", "Income Tax Paid Supplemental Data": "-", "Interest Paid Supplemental Data": "-", "Capital Expenditure": "-", "Issuance of Capital Stock": "-", "Issuance of Debt": "-", "Repayment of Debt": "-", "Repurchase of Capital Stock": "-", "Free Cash Flow": "-"}, "12/31/2020": {"Duration": "12/31/2020", "Operating Cash Flow": "1,445,487", "Investing Cash Flow": "-31,205,721", "Financing Cash Flow": "40,653,214", "End Cash Position": "17,674,763", "Income Tax Paid Supplemental Data": "299,175", "Interest Paid Supplemental Data": "83,746", "Capital Expenditure": "-87,407", "Issuance of Capital Stock": "31,146", "Issuance of Debt": "495,024", "Repayment of Debt": "0", "Repurchase of Capital Stock": "-60,020", "Free Cash Flow": "1,358,080"}, "12/31/2019": {"Duration": "12/31/2019", "Operating Cash Flow": "1,164,129", "Investing Cash Flow": "-9,371,882", "Financing Cash Flow": "11,417,997", "End Cash Position": "6,781,783", "Income Tax Paid Supplemental Data": "422,346", "Interest Paid Supplemental Data": "217,961", "Capital Expenditure": "-65,479", "Issuance of Capital Stock": "364,956", "Issuance of Debt": "-", "Repayment of Debt": "-358,395", "Repurchase of Capital Stock": "-352,511", "Free Cash Flow": "1,098,650"}, "12/31/2018": {"Duration": "12/31/2018", "Operating Cash Flow": "933,562", "Investing Cash Flow": "-4,800,375", "Financing Cash Flow": "4,515,277", "End Cash Position": "3,571,539", "Income Tax Paid Supplemental Data": "376,425", "Interest Paid Supplemental Data": "75,601", "Capital Expenditure": "-45,865", "Issuance of Capital Stock": "18,387", "Issuance of Debt": "-", "Repayment of Debt": "0", "Repurchase of Capital Stock": "-147,123", "Free Cash Flow": "887,697"}}}}, {"FFNW": {"quote": {"04/24/2021": {"value": "13.79", "Market Cap": "131.607M", "Beta (5Y Monthly)": "0.59", "PE Ratio (TTM)": "15.72", "EPS (TTM)": "0.88", "Earnings Date": "Jan 28, 2021", "Forward Dividend & Yield": "0.44 (3.19%)", "Ex-Dividend Date": "Mar 11, 2021", "1y Target Est": "16.50"}}, "fin": {"TTM": {"Duration": "TTM", "Total Revenue": "44,911", "Credit Losses Provision": "-1,900", "Non Interest Expense": "32,513", "Pretax Income": "10,498", "Tax Provision": "1,942", "Net Income Common Stockholders": "8,542", "Diluted NI Available to Com Stockholders": "8,542", "Basic EPS": "-", "Diluted EPS": "-", "Basic Average Shares": "-", "Diluted Average Shares": "-", "INTEREST_INCOME_AFTER_PROVISION_FOR_LOAN_LOSS": "38,249", "Net Income from Continuing & Discontinued Operation": "8,556", "Normalized Income": "8,556", "Total Money Market Investments": "52", "Reconciled Depreciation": "2,170", "Net Income from Continuing Operation Net Minority Interest": "8,556", "Tax Rate for Calcs": "0", "Tax Effect of Unusual Items": "0"}, "12/31/2020": {"Duration": "12/31/2020", "Total Revenue": "44,911", "Credit Losses Provision": "-1,900", "Non Interest Expense": "32,513", "Pretax Income": "10,498", "Tax Provision": "1,942", "Net Income Common Stockholders": "8,542", "Diluted NI Available to Com Stockholders": "8,542", "Basic EPS": "-", "Diluted EPS": "-", "Basic Average Shares": "-", "Diluted Average Shares": "-", "INTEREST_INCOME_AFTER_PROVISION_FOR_LOAN_LOSS": "38,249", "Net Income from Continuing & Discontinued Operation": "8,556", "Normalized Income": "8,556", "Total Money Market Investments": "52", "Reconciled Depreciation": "2,170", "Net Income from Continuing Operation Net Minority Interest": "8,556", "Tax Rate for Calcs": "0", "Tax Effect of Unusual Items": "0"}, "12/31/2019": {"Duration": "12/31/2019", "Total Revenue": "43,049", "Credit Losses Provision": "300", "Non Interest Expense": "30,418", "Pretax Income": "12,931", "Tax Provision": "2,562", "Net Income Common Stockholders": "10,353", "Diluted NI Available to Com Stockholders": "10,353", "Basic EPS": "1.04", "Diluted EPS": "1.03", "Basic Average Shares": "9,976", "Diluted Average Shares": "10,076", "INTEREST_INCOME_AFTER_PROVISION_FOR_LOAN_LOSS": "38,846", "Net Income from Continuing & Discontinued Operation": "10,369", "Normalized Income": "10,369", "Total Money Market Investments": "293", "Reconciled Depreciation": "1,840", "Net Income from Continuing Operation Net Minority Interest": "10,369", "Tax Rate for Calcs": "0", "Tax Effect of Unusual Items": "0"}, "12/31/2018": {"Duration": "12/31/2018", "Total Revenue": "44,053", "Credit Losses Provision": "4,000", "Non Interest Expense": "29,461", "Pretax Income": "18,592", "Tax Provision": "3,693", "Net Income Common Stockholders": "14,871", "Diluted NI Available to Com Stockholders": "14,871", "Basic EPS": "1.44", "Diluted EPS": "1.43", "Basic Average Shares": "10,307", "Diluted Average Shares": "10,424", "INTEREST_INCOME_AFTER_PROVISION_FOR_LOAN_LOSS": "44,717", "Net Income from Continuing & Discontinued Operation": "14,899", "Normalized Income": "14,899", "Total Money Market Investments": "202", "Reconciled Depreciation": "1,630", "Net Income from Continuing Operation Net Minority Interest": "14,899", "Tax Rate for Calcs": "0", "Tax Effect of Unusual Items": "0"}}, "bs": {"12/31/2020": {"Duration": "12/31/2020", "Total Assets": "1,387,669", "Total Liabilities Net Minority Interest": "1,231,367", "Total Equity Gross Minority Interest": "156,302", "Total Capitalization": "276,302", "Common Stock Equity": "156,302", "Capital Lease Obligations": "3,783", "Net Tangible Assets": "154,589", "Invested Capital": "276,302", "Tangible Book Value": "154,589", "Total Debt": "123,783", "Net Debt": "39,511", "Share Issued": "9,737", "Ordinary Shares Number": "9,737"}, "12/31/2019": {"Duration": "12/31/2019", "Total Assets": "1,341,885", "Total Liabilities Net Minority Interest": "1,185,566", "Total Equity Gross Minority Interest": "156,319", "Total Capitalization": "294,019", "Common Stock Equity": "156,319", "Capital Lease Obligations": "2,279", "Net Tangible Assets": "154,462", "Invested Capital": "294,019", "Tangible Book Value": "154,462", "Total Debt": "139,979", "Net Debt": "114,710", "Share Issued": "10,253", "Ordinary Shares Number": "10,253"}, "12/31/2018": {"Duration": "12/31/2018", "Total Assets": "1,252,424", "Total Liabilities Net Minority Interest": "1,098,686", "Total Equity Gross Minority Interest": "153,738", "Total Capitalization": "300,238", "Common Stock Equity": "153,738", "Capital Lease Obligations": "-", "Net Tangible Assets": "151,733", "Invested Capital": "300,238", "Tangible Book Value": "151,733", "Total Debt": "146,500", "Net Debt": "129,490", "Share Issued": "10,711", "Ordinary Shares Number": "10,711"}}, "cf": {"TTM": {"Duration": "TTM", "Operating Cash Flow": "11,974", "Investing Cash Flow": "12,779", "Financing Cash Flow": "32,746", "End Cash Position": "80,489", "Income Tax Paid Supplemental Data": "1,655", "Interest Paid Supplemental Data": "15,720", "Capital Expenditure": "-2,283", "Issuance of Debt": "267,000", "Repayment of Debt": "-284,700", "Repurchase of Capital Stock": "-5,706", "Free Cash Flow": "9,691"}, "12/31/2020": {"Duration": "12/31/2020", "Operating Cash Flow": "11,974", "Investing Cash Flow": "12,779", "Financing Cash Flow": "32,746", "End Cash Position": "80,489", "Income Tax Paid Supplemental Data": "1,655", "Interest Paid Supplemental Data": "15,720", "Capital Expenditure": "-2,283", "Issuance of Debt": "267,000", "Repayment of Debt": "-284,700", "Repurchase of Capital Stock": "-5,706", "Free Cash Flow": "9,691"}, "12/31/2019": {"Duration": "12/31/2019", "Operating Cash Flow": "13,080", "Investing Cash Flow": "-81,846", "Financing Cash Flow": "74,746", "End Cash Position": "22,990", "Income Tax Paid Supplemental Data": "2,175", "Interest Paid Supplemental Data": "21,383", "Capital Expenditure": "-2,980", "Issuance of Debt": "350,200", "Repayment of Debt": "-359,000", "Repurchase of Capital Stock": "-7,406", "Free Cash Flow": "10,100"}, "12/31/2018": {"Duration": "12/31/2018", "Operating Cash Flow": "18,676", "Investing Cash Flow": "-42,801", "Financing Cash Flow": "25,004", "End Cash Position": "17,010", "Income Tax Paid Supplemental Data": "3,890", "Interest Paid Supplemental Data": "14,586", "Capital Expenditure": "-2,347", "Issuance of Debt": "187,500", "Repayment of Debt": "-257,000", "Repurchase of Capital Stock": "-3,153", "Free Cash Flow": "16,329"}}}}, {"PFCF": {"quote": {"04/24/2021": {"value": "", "Net Assets": "N/A", "Beta (5Y Monthly)": "N/A", "Yield": "N/A", "5y Average Return": "N/A", "Holdings Turnover": "N/A", "Last Dividend": "N/A", "Average for Category": "N/A", "Inception Date": "N/A"}}, "fin": {}, "bs": {}, "cf": {}}}, {"PFLC": {"quote": {"04/24/2021": {"value": "12.51", "Market Cap": "130.536M", "Beta (5Y Monthly)": "1.06", "PE Ratio (TTM)": "11.69", "EPS (TTM)": "1.07", "Earnings Date": "Jan 26, 2021", "Forward Dividend & Yield": "0.52 (4.16%)", "Ex-Dividend Date": "Feb 09, 2021", "1y Target Est": "N/A"}}, "fin": {"TTM": {"Duration": "TTM", "Total Revenue": "57,340", "Credit Losses Provision": "-3,500", "Non Interest Expense": "39,594", "Pretax Income": "14,246", "Tax Provision": "2,862", "Net Income Common Stockholders": "11,384", "Diluted NI Available to Com Stockholders": "11,384", "Basic EPS": "-", "Diluted EPS": "-", "Basic Average Shares": "-", "Diluted Average Shares": "-", "INTEREST_INCOME_AFTER_PROVISION_FOR_LOAN_LOSS": "33,694", "Net Income from Continuing & Discontinued Operation": "11,384", "Normalized Income": "11,384", "Reconciled Depreciation": "2,185", "Net Income from Continuing Operation Net Minority Interest": "11,384", "Tax Rate for Calcs": "0", "Tax Effect of Unusual Items": "0"}, "12/31/2020": {"Duration": "12/31/2020", "Total Revenue": "57,340", "Credit Losses Provision": "-3,500", "Non Interest Expense": "39,594", "Pretax Income": "14,246", "Tax Provision": "2,862", "Net Income Common Stockholders": "11,384", "Diluted NI Available to Com Stockholders": "11,384", "Basic EPS": "-", "Diluted EPS": "-", "Basic Average Shares": "-", "Diluted Average Shares": "-", "INTEREST_INCOME_AFTER_PROVISION_FOR_LOAN_LOSS": "33,694", "Net Income from Continuing & Discontinued Operation": "11,384", "Normalized Income": "11,384", "Reconciled Depreciation": "2,185", "Net Income from Continuing Operation Net Minority Interest": "11,384", "Tax Rate for Calcs": "0", "Tax Effect of Unusual Items": "0"}, "12/31/2019": {"Duration": "12/31/2019", "Total Revenue": "52,537", "Credit Losses Provision": "0", "Non Interest Expense": "35,556", "Pretax Income": "16,981", "Tax Provision": "3,223", "Net Income Common Stockholders": "13,758", "Diluted NI Available to Com Stockholders": "13,758", "Basic EPS": "1.30", "Diluted EPS": "1.29", "Basic Average Shares": "10,597", "Diluted Average Shares": "10,652", "INTEREST_INCOME_AFTER_PROVISION_FOR_LOAN_LOSS": "38,642", "Net Income from Continuing & Discontinued Operation": "13,758", "Normalized Income": "13,758", "Reconciled Depreciation": "2,075", "Net Income from Continuing Operation Net Minority Interest": "13,758", "Tax Rate for Calcs": "0", "Tax Effect of Unusual Items": "0"}, "12/31/2018": {"Duration": "12/31/2018", "Total Revenue": "47,501", "Credit Losses Provision": "0", "Non Interest Expense": "33,793", "Pretax Income": "13,708", "Tax Provision": "2,378", "Net Income Common Stockholders": "11,330", "Diluted NI Available to Com Stockholders": "11,330", "Basic EPS": "1.07", "Diluted EPS": "1.06", "Basic Average Shares": "10,551", "Diluted Average Shares": "10,673", "INTEREST_INCOME_AFTER_PROVISION_FOR_LOAN_LOSS": "37,470", "Net Income from Continuing & Discontinued Operation": "11,330", "Normalized Income": "11,330", "Reconciled Depreciation": "2,968", "Net Income from Continuing Operation Net Minority Interest": "11,330", "Tax Rate for Calcs": "0", "Tax Effect of Unusual Items": "0"}}, "bs": {"12/31/2020": {"Duration": "12/31/2020", "Total Assets": "1,167,293", "Total Liabilities Net Minority Interest": "1,053,107", "Total Equity Gross Minority Interest": "114,186", "Total Capitalization": "128,142", "Common Stock Equity": "114,186", "Capital Lease Obligations": "1,947", "Net Tangible Assets": "100,732", "Invested Capital": "128,142", "Tangible Book Value": "100,732", "Total Debt": "15,903", "Share Issued": "10,435", "Ordinary Shares Number": "10,435"}, "12/31/2019": {"Duration": "12/31/2019", "Total Assets": "929,414", "Total Liabilities Net Minority Interest": "824,121", "Total Equity Gross Minority Interest": "105,293", "Total Capitalization": "121,899", "Common Stock Equity": "105,293", "Capital Lease Obligations": "1,301", "Net Tangible Assets": "91,824", "Invested Capital": "121,899", "Tangible Book Value": "91,824", "Total Debt": "17,907", "Share Issued": "10,632", "Ordinary Shares Number": "10,632"}, "12/31/2018": {"Duration": "12/31/2018", "Total Assets": "907,929", "Total Liabilities Net Minority Interest": "815,446", "Total Equity Gross Minority Interest": "92,483", "Total Capitalization": "114,239", "Common Stock Equity": "92,483", "Capital Lease Obligations": "-", "Net Tangible Assets": "78,994", "Invested Capital": "114,239", "Tangible Book Value": "78,994", "Total Debt": "21,756", "Share Issued": "10,569", "Ordinary Shares Number": "10,569"}}, "cf": {"TTM": {"Duration": "TTM", "Operating Cash Flow": "-7,377", "Investing Cash Flow": "-66,305", "Financing Cash Flow": "221,373", "End Cash Position": "225,623", "Income Tax Paid Supplemental Data": "3,188", "Interest Paid Supplemental Data": "2,439", "Capital Expenditure": "-697", "Repayment of Debt": "-2,650", "Repurchase of Capital Stock": "-1,757", "Free Cash Flow": "-8,074"}, "12/31/2020": {"Duration": "12/31/2020", "Operating Cash Flow": "-7,377", "Investing Cash Flow": "-66,305", "Financing Cash Flow": "221,373", "End Cash Position": "225,623", "Income Tax Paid Supplemental Data": "3,188", "Interest Paid Supplemental Data": "2,439", "Capital Expenditure": "-697", "Repayment of Debt": "-2,650", "Repurchase of Capital Stock": "-1,757", "Free Cash Flow": "-8,074"}, "12/31/2019": {"Duration": "12/31/2019", "Operating Cash Flow": "11,246", "Investing Cash Flow": "40,954", "Financing Cash Flow": "3,544", "End Cash Position": "77,932", "Income Tax Paid Supplemental Data": "1,780", "Interest Paid Supplemental Data": "2,919", "Capital Expenditure": "-1,373", "Repayment of Debt": "-5,150", "Repurchase of Capital Stock": "-", "Free Cash Flow": "9,873"}, "12/31/2018": {"Duration": "12/31/2018", "Operating Cash Flow": "15,973", "Investing Cash Flow": "-31,985", "Financing Cash Flow": "3,629", "End Cash Position": "22,188", "Income Tax Paid Supplemental Data": "2,590", "Interest Paid Supplemental Data": "2,573", "Capital Expenditure": "-1,091", "Repayment of Debt": "-150", "Repurchase of Capital Stock": "-", "Free Cash Flow": "14,882"}}}}, {"FOLB": {"quote": {"04/24/2021": {"value": "", "Net Assets": "N/A", "Beta (5Y Monthly)": "N/A", "Yield": "N/A", "5y Average Return": "N/A", "Holdings Turnover": "N/A", "Last Dividend": "N/A", "Average for Category": "N/A", "Inception Date": "N/A"}}, "fin": {}, "bs": {}, "cf": {}}}, {"FISB": {"quote": {"04/24/2021": {"value": "13.90", "Market Cap": "36.945M", "Beta (5Y Monthly)": "0.80", "PE Ratio (TTM)": "10.94", "EPS (TTM)": "1.27", "Earnings Date": "N/A", "Forward Dividend & Yield": "N/A (N/A)", "Ex-Dividend Date": "N/A", "1y Target Est": "N/A"}}, "fin": {}, "bs": {}, "cf": {}}}, {"RWCB": {"quote": {"04/24/2021": {"value": "21.58", "Market Cap": "10.745M", "Beta (5Y Monthly)": "0.98", "PE Ratio (TTM)": "9.46", "EPS (TTM)": "2.28", "Earnings Date": "N/A", "Forward Dividend & Yield": "0.28 (1.28%)", "Ex-Dividend Date": "Apr 23, 2021", "1y Target Est": "N/A"}}, "fin": {}, "bs": {}, "cf": {}}}, {"TRVB": {"quote": {"04/24/2021": {"value": "", "Net Assets": "N/A", "Beta (5Y Monthly)": "N/A", "Yield": "N/A", "5y Average Return": "N/A", "Holdings Turnover": "N/A", "Last Dividend": "N/A", "Average for Category": "N/A", "Inception Date": "N/A"}}, "fin": {}, "bs": {}, "cf": {}}}, {"UABK": {"quote": {"04/24/2021": {"value": "", "Net Assets": "N/A", "Beta (5Y Monthly)": "N/A", "Yield": "N/A", "5y Average Return": "N/A", "Holdings Turnover": "N/A", "Last Dividend": "N/A", "Average for Category": "N/A", "Inception Date": "N/A"}}, "fin": {}, "bs": {}, "cf": {}}}, {"PVBK": {"quote": {"04/24/2021": {"value": "10.50", "Market Cap": "24.819M", "Beta (5Y Monthly)": "0.67", "PE Ratio (TTM)": "12.81", "EPS (TTM)": "0.82", "Earnings Date": "Feb 08, 2021", "Forward Dividend & Yield": "N/A (N/A)", "Ex-Dividend Date": "N/A", "1y Target Est": "N/A"}}, "fin": {}, "bs": {}, "cf": {}}}, {"MVLY": {"quote": {"04/24/2021": {"value": "12.25", "Market Cap": "39.762M", "Beta (5Y Monthly)": "0.70", "PE Ratio (TTM)": "17.25", "EPS (TTM)": "0.71", "Earnings Date": "N/A", "Forward Dividend & Yield": "N/A (N/A)", "Ex-Dividend Date": "Feb 13, 2019", "1y Target Est": "N/A"}}, "fin": {"TTM": {"Duration": "TTM", "Total Revenue": "19,134", "Credit Losses Provision": "-1,850", "Non Interest Expense": "14,109", "Pretax Income": "3,175", "Tax Provision": "873", "Net Income Common Stockholders": "2,302", "Diluted NI Available to Com Stockholders": "2,302", "Basic EPS": "-", "Diluted EPS": "-", "Basic Average Shares": "-", "Diluted Average Shares": "-", "INTEREST_INCOME_AFTER_PROVISION_FOR_LOAN_LOSS": "13,172", "Net Income from Continuing & Discontinued Operation": "2,302", "Normalized Income": "2,302", "Reconciled Depreciation": "160", "Net Income from Continuing Operation Net Minority Interest": "2,302", "Total Unusual Items Excluding Goodwill": "-", "Total Unusual Items": "-", "Tax Rate for Calcs": "0", "Tax Effect of Unusual Items": "0"}, "12/31/2020": {"Duration": "12/31/2020", "Total Revenue": "19,134", "Credit Losses Provision": "-1,850", "Non Interest Expense": "14,109", "Pretax Income": "3,175", "Tax Provision": "873", "Net Income Common Stockholders": "2,302", "Diluted NI Available to Com Stockholders": "2,302", "Basic EPS": "0.71", "Diluted EPS": "0.71", "Basic Average Shares": "3,242", "Diluted Average Shares": "3,242", "INTEREST_INCOME_AFTER_PROVISION_FOR_LOAN_LOSS": "13,172", "Net Income from Continuing & Discontinued Operation": "2,302", "Normalized Income": "2,302", "Reconciled Depreciation": "160", "Net Income from Continuing Operation Net Minority Interest": "2,302", "Total Unusual Items Excluding Goodwill": "-", "Total Unusual Items": "-", "Tax Rate for Calcs": "0", "Tax Effect of Unusual Items": "0"}, "12/31/2019": {"Duration": "12/31/2019", "Total Revenue": "18,912", "Credit Losses Provision": "-563", "Non Interest Expense": "13,332", "Pretax Income": "5,017", "Tax Provision": "1,413", "Net Income Common Stockholders": "3,604", "Diluted NI Available to Com Stockholders": "3,604", "Basic EPS": "1.12", "Diluted EPS": "1.12", "Basic Average Shares": "3,231", "Diluted Average Shares": "3,231", "INTEREST_INCOME_AFTER_PROVISION_FOR_LOAN_LOSS": "14,161", "Net Income from Continuing & Discontinued Operation": "3,604", "Normalized Income": "3,600", "Reconciled Depreciation": "142", "Net Income from Continuing Operation Net Minority Interest": "3,604", "Total Unusual Items Excluding Goodwill": "6", "Total Unusual Items": "6", "Tax Rate for Calcs": "0", "Tax Effect of Unusual Items": "1.692"}, "12/31/2018": {"Duration": "12/31/2018", "Total Revenue": "16,941", "Credit Losses Provision": "-609", "Non Interest Expense": "12,281", "Pretax Income": "4,051", "Tax Provision": "895", "Net Income Common Stockholders": "3,156", "Diluted NI Available to Com Stockholders": "3,156", "Basic EPS": "0.98", "Diluted EPS": "0.98", "Basic Average Shares": "3,208", "Diluted Average Shares": "3,208", "INTEREST_INCOME_AFTER_PROVISION_FOR_LOAN_LOSS": "13,648", "Net Income from Continuing & Discontinued Operation": "3,156", "Normalized Income": "3,156", "Reconciled Depreciation": "112", "Net Income from Continuing Operation Net Minority Interest": "3,156", "Total Unusual Items Excluding Goodwill": "-", "Total Unusual Items": "-", "Tax Rate for Calcs": "0", "Tax Effect of Unusual Items": "0"}}, "bs": {"12/31/2020": {"Duration": "12/31/2020", "Total Assets": "476,817", "Total Liabilities Net Minority Interest": "437,737", "Total Equity Gross Minority Interest": "39,080", "Total Capitalization": "82,669", "Common Stock Equity": "39,080", "Net Tangible Assets": "39,080", "Invested Capital": "82,669", "Tangible Book Value": "39,080", "Total Debt": "43,589", "Share Issued": "3,246", "Ordinary Shares Number": "3,246"}, "12/31/2019": {"Duration": "12/31/2019", "Total Assets": "357,873", "Total Liabilities Net Minority Interest": "321,139", "Total Equity Gross Minority Interest": "36,734", "Total Capitalization": "49,612", "Common Stock Equity": "36,734", "Net Tangible Assets": "36,734", "Invested Capital": "49,612", "Tangible Book Value": "36,734", "Total Debt": "12,878", "Share Issued": "3,233", "Ordinary Shares Number": "3,233"}, "12/31/2018": {"Duration": "12/31/2018", "Total Assets": "351,225", "Total Liabilities Net Minority Interest": "317,957", "Total Equity Gross Minority Interest": "33,268", "Total Capitalization": "49,790", "Common Stock Equity": "33,268", "Net Tangible Assets": "33,268", "Invested Capital": "49,790", "Tangible Book Value": "33,268", "Total Debt": "16,522", "Share Issued": "3,208", "Ordinary Shares Number": "3,208"}}, "cf": {"TTM": {"Duration": "TTM", "Operating Cash Flow": "2,782", "Investing Cash Flow": "-79,441", "Financing Cash Flow": "115,138", "End Cash Position": "90,681", "Income Tax Paid Supplemental Data": "1,064", "Interest Paid Supplemental Data": "938", "Capital Expenditure": "-282", "Issuance of Debt": "31,570", "Repayment of Debt": "-859", "Repurchase of Capital Stock": "-", "Free Cash Flow": "2,500"}, "12/31/2020": {"Duration": "12/31/2020", "Operating Cash Flow": "2,782", "Investing Cash Flow": "-79,441", "Financing Cash Flow": "115,138", "End Cash Position": "90,681", "Income Tax Paid Supplemental Data": "1,064", "Interest Paid Supplemental Data": "938", "Capital Expenditure": "-282", "Issuance of Debt": "31,570", "Repayment of Debt": "-859", "Repurchase of Capital Stock": "-", "Free Cash Flow": "2,500"}, "12/31/2019": {"Duration": "12/31/2019", "Operating Cash Flow": "6,943", "Investing Cash Flow": "-29,537", "Financing Cash Flow": "461", "End Cash Position": "52,202", "Income Tax Paid Supplemental Data": "1,993", "Interest Paid Supplemental Data": "1,238", "Capital Expenditure": "-153", "Issuance of Debt": "-", "Repayment of Debt": "-3,644", "Repurchase of Capital Stock": "-", "Free Cash Flow": "6,790"}, "12/31/2018": {"Duration": "12/31/2018", "Operating Cash Flow": "26,677", "Investing Cash Flow": "-23,475", "Financing Cash Flow": "16,493", "End Cash Position": "74,335", "Income Tax Paid Supplemental Data": "1,109", "Interest Paid Supplemental Data": "1,170", "Capital Expenditure": "-129", "Issuance of Debt": "0", "Repayment of Debt": "-", "Repurchase of Capital Stock": "0", "Free Cash Flow": "26,548"}}}}, {"ACBC": {"quote": {"04/24/2021": {"value": "", "Net Assets": "N/A", "Beta (5Y Monthly)": "N/A", "Yield": "N/A", "5y Average Return": "N/A", "Holdings Turnover": "N/A", "Last Dividend": "N/A", "Average for Category": "N/A", "Inception Date": "N/A"}}, "fin": {}, "bs": {}, "cf": {}}}, {"PZBW": {"quote": {"04/24/2021": {"value": "", "Net Assets": "N/A", "Beta (5Y Monthly)": "N/A", "Yield": "N/A", "5y Average Return": "N/A", "Holdings Turnover": "N/A", "Last Dividend": "N/A", "Average for Category": "N/A", "Inception Date": "N/A"}}, "fin": {}, "bs": {}, "cf": {}}}, {"PUGB": {"quote": {"04/24/2021": {"value": "", "Net Assets": "N/A", "Beta (5Y Monthly)": "N/A", "Yield": "N/A", "5y Average Return": "N/A", "Holdings Turnover": "N/A", "Last Dividend": "N/A", "Average for Category": "N/A", "Inception Date": "N/A"}}, "fin": {}, "bs": {}, "cf": {}}}, {"PBNK": {"quote": {"04/24/2021": {"value": "13.00", "Market Cap": "68.748M", "Beta (5Y Monthly)": "0.92", "PE Ratio (TTM)": "17.57", "EPS (TTM)": "0.74", "Earnings Date": "N/A", "Forward Dividend & Yield": "N/A (N/A)", "Ex-Dividend Date": "N/A", "1y Target Est": "N/A"}}, "fin": {"TTM": {"Duration": "TTM", "Total Revenue": "23,951", "Credit Losses Provision": "-2,070", "Non Interest Expense": "16,137", "Pretax Income": "5,744", "Tax Provision": "1,803", "Net Income Common Stockholders": "3,941", "Diluted NI Available to Com Stockholders": "3,941", "Basic EPS": "-", "Diluted EPS": "-", "Basic Average Shares": "-", "Diluted Average Shares": "-", "INTEREST_INCOME_AFTER_PROVISION_FOR_LOAN_LOSS": "18,218", "Net Income from Continuing & Discontinued Operation": "3,941", "Normalized Income": "3,941", "Total Money Market Investments": "297.101", "Reconciled Depreciation": "1,865", "Net Income from Continuing Operation Net Minority Interest": "3,941", "Total Unusual Items Excluding Goodwill": "-", "Total Unusual Items": "-", "Tax Rate for Calcs": "0", "Tax Effect of Unusual Items": "0"}, "12/31/2020": {"Duration": "12/31/2020", "Total Revenue": "23,951", "Credit Losses Provision": "-2,070", "Non Interest Expense": "16,137", "Pretax Income": "5,744", "Tax Provision": "1,803", "Net Income Common Stockholders": "3,941", "Diluted NI Available to Com Stockholders": "3,941", "Basic EPS": "-", "Diluted EPS": "-", "Basic Average Shares": "-", "Diluted Average Shares": "-", "INTEREST_INCOME_AFTER_PROVISION_FOR_LOAN_LOSS": "18,218", "Net Income from Continuing & Discontinued Operation": "3,941", "Normalized Income": "3,941", "Total Money Market Investments": "297.101", "Reconciled Depreciation": "1,865", "Net Income from Continuing Operation Net Minority Interest": "3,941", "Total Unusual Items Excluding Goodwill": "-", "Total Unusual Items": "-", "Tax Rate for Calcs": "0", "Tax Effect of Unusual Items": "0"}, "12/31/2019": {"Duration": "12/31/2019", "Total Revenue": "22,841", "Credit Losses Provision": "-280", "Non Interest Expense": "14,432", "Pretax Income": "8,129", "Tax Provision": "2,564", "Net Income Common Stockholders": "5,564", "Diluted NI Available to Com Stockholders": "5,564", "Basic EPS": "-", "Diluted EPS": "-", "Basic Average Shares": "-", "Diluted Average Shares": "-", "INTEREST_INCOME_AFTER_PROVISION_FOR_LOAN_LOSS": "19,468", "Net Income from Continuing & Discontinued Operation": "5,564", "Normalized Income": "5,564", "Total Money Market Investments": "918.238", "Reconciled Depreciation": "597.314", "Net Income from Continuing Operation Net Minority Interest": "5,564", "Total Unusual Items Excluding Goodwill": "-", "Total Unusual Items": "-", "Tax Rate for Calcs": "0", "Tax Effect of Unusual Items": "0"}, "12/31/2018": {"Duration": "12/31/2018", "Total Revenue": "19,893", "Credit Losses Provision": "-75", "Non Interest Expense": "12,368", "Pretax Income": "7,451", "Tax Provision": "2,098", "Net Income Common Stockholders": "5,353", "Diluted NI Available to Com Stockholders": "5,353", "Basic EPS": "1.20", "Diluted EPS": "1.16", "Basic Average Shares": "4,474", "Diluted Average Shares": "4,619", "INTEREST_INCOME_AFTER_PROVISION_FOR_LOAN_LOSS": "16,615", "Net Income from Continuing & Discontinued Operation": "5,353", "Normalized Income": "5,353", "Total Money Market Investments": "1,017", "Reconciled Depreciation": "522.263", "Net Income from Continuing Operation Net Minority Interest": "5,353", "Total Unusual Items Excluding Goodwill": "-", "Total Unusual Items": "-", "Tax Rate for Calcs": "0", "Tax Effect of Unusual Items": "0"}}, "bs": {"12/31/2020": {"Duration": "12/31/2020", "Total Assets": "616,848", "Total Liabilities Net Minority Interest": "558,622", "Total Equity Gross Minority Interest": "58,226", "Total Capitalization": "63,226", "Common Stock Equity": "58,226", "Net Tangible Assets": "58,226", "Invested Capital": "63,226", "Tangible Book Value": "58,226", "Total Debt": "5,000", "Share Issued": "5,288", "Ordinary Shares Number": "5,288"}, "12/31/2019": {"Duration": "12/31/2019", "Total Assets": "419,413", "Total Liabilities Net Minority Interest": "365,695", "Total Equity Gross Minority Interest": "53,718", "Total Capitalization": "-", "Common Stock Equity": "53,718", "Net Tangible Assets": "53,718", "Invested Capital": "-", "Tangible Book Value": "53,718", "Total Debt": "-", "Share Issued": "5,224", "Ordinary Shares Number": "5,224"}, "12/31/2018": {"Duration": "12/31/2018", "Total Assets": "359,927", "Total Liabilities Net Minority Interest": "319,687", "Total Equity Gross Minority Interest": "40,240", "Total Capitalization": "-", "Common Stock Equity": "40,240", "Net Tangible Assets": "40,240", "Invested Capital": "-", "Tangible Book Value": "40,240", "Total Debt": "-", "Share Issued": "5,224", "Ordinary Shares Number": "5,224"}}, "cf": {"TTM": {"Duration": "TTM", "Operating Cash Flow": "4,653", "Investing Cash Flow": "-156,018", "Financing Cash Flow": "192,750", "End Cash Position": "104,824", "Income Tax Paid Supplemental Data": "1,890", "Interest Paid Supplemental Data": "1,949", "Capital Expenditure": "-2,069", "Issuance of Capital Stock": "0", "Issuance of Debt": "5,000", "Free Cash Flow": "2,585"}, "12/31/2020": {"Duration": "12/31/2020", "Operating Cash Flow": "4,653", "Investing Cash Flow": "-156,018", "Financing Cash Flow": "192,750", "End Cash Position": "104,824", "Income Tax Paid Supplemental Data": "1,890", "Interest Paid Supplemental Data": "1,949", "Capital Expenditure": "-2,069", "Issuance of Capital Stock": "0", "Issuance of Debt": "5,000", "Free Cash Flow": "2,585"}, "12/31/2019": {"Duration": "12/31/2019", "Operating Cash Flow": "5,481", "Investing Cash Flow": "-42,441", "Financing Cash Flow": "49,662", "End Cash Position": "63,439", "Income Tax Paid Supplemental Data": "3,020", "Interest Paid Supplemental Data": "1,668", "Capital Expenditure": "-241.769", "Issuance of Capital Stock": "7,463", "Issuance of Debt": "-", "Free Cash Flow": "5,239"}, "12/31/2018": {"Duration": "12/31/2018", "Operating Cash Flow": "7,474", "Investing Cash Flow": "-19,152", "Financing Cash Flow": "10,181", "End Cash Position": "50,736", "Income Tax Paid Supplemental Data": "1,976", "Interest Paid Supplemental Data": "519.505", "Capital Expenditure": "-987.137", "Issuance of Capital Stock": "0", "Issuance of Debt": "-", "Free Cash Flow": "6,487"}}}}, {"PBCA": {"quote": {"04/24/2021": {"value": "", "Net Assets": "N/A", "Beta (5Y Monthly)": "N/A", "Yield": "N/A", "5y Average Return": "N/A", "Holdings Turnover": "N/A", "Last Dividend": "N/A", "Average for Category": "N/A", "Inception Date": "N/A"}}, "fin": {}, "bs": {}, "cf": {}}}, {"CABB": {"quote": {"04/24/2021": {"value": "0.0621", "Market Cap": "277,500", "Beta (5Y Monthly)": "N/A", "PE Ratio (TTM)": "N/A", "EPS (TTM)": "N/A", "Earnings Date": "N/A", "Forward Dividend & Yield": "N/A (N/A)", "Ex-Dividend Date": "N/A", "1y Target Est": "N/A"}}, "fin": {}, "bs": {}, "cf": {}}}, {"BBBK": {"quote": {"04/24/2021": {"value": "71.25", "Market Cap": "92.2M", "Beta (5Y Monthly)": "0.31", "PE Ratio (TTM)": "17.81", "EPS (TTM)": "4.00", "Earnings Date": "N/A", "Forward Dividend & Yield": "3.28 (4.60%)", "Ex-Dividend Date": "Mar 18, 2021", "1y Target Est": "N/A"}}, "fin": {}, "bs": {}, "cf": {}}}, {"PCBC": {"quote": {"04/24/2021": {"value": "", "Net Assets": "N/A", "Beta (5Y Monthly)": "N/A", "Yield": "N/A", "5y Average Return": "N/A", "Holdings Turnover": "N/A", "Last Dividend": "N/A", "Average for Category": "N/A", "Inception Date": "N/A"}}, "fin": {}, "bs": {}, "cf": {}}}, {"NBCT": {"quote": {"04/24/2021": {"value": "", "Net Assets": "N/A", "Beta (5Y Monthly)": "N/A", "Yield": "N/A", "5y Average Return": "N/A", "Holdings Turnover": "N/A", "Last Dividend": "N/A", "Average for Category": "N/A", "Inception Date": "N/A"}}, "fin": {}, "bs": {}, "cf": {}}}, {"FNBG": {"quote": {"04/24/2021": {"value": "", "Net Assets": "N/A", "Beta (5Y Monthly)": "N/A", "Yield": "N/A", "5y Average Return": "N/A", "Holdings Turnover": "N/A", "Last Dividend": "N/A", "Average for Category": "N/A", "Inception Date": "N/A"}}, "fin": {}, "bs": {}, "cf": {}}}, {"CZNB": {"quote": {"04/24/2021": {"value": "0.0250", "Market Cap": "6.169M", "Beta (5Y Monthly)": "2.12", "PE Ratio (TTM)": "N/A", "EPS (TTM)": "-7.3200", "Earnings Date": "N/A", "Forward Dividend & Yield": "N/A (4.71%)", "Ex-Dividend Date": "N/A", "1y Target Est": "N/A"}}, "fin": {}, "bs": {}, "cf": {}}}, {"CFBN": {"quote": {"04/24/2021": {"value": "", "Net Assets": "N/A", "Beta (5Y Monthly)": "N/A", "Yield": "N/A", "5y Average Return": "N/A", "Holdings Turnover": "N/A", "Last Dividend": "N/A", "Average for Category": "N/A", "Inception Date": "N/A"}}, "fin": {}, "bs": {}, "cf": {}}}, {"BCML": {"quote": {"04/24/2021": {"value": "18.24", "Market Cap": "203.272M", "Beta (5Y Monthly)": "1.08", "PE Ratio (TTM)": "13.83", "EPS (TTM)": "1.32", "Earnings Date": "Jan 28, 2021", "Forward Dividend & Yield": "N/A (N/A)", "Ex-Dividend Date": "N/A", "1y Target Est": "19.67"}}, "fin": {"TTM": {"Duration": "TTM", "Total Revenue": "86,850", "Credit Losses Provision": "-10,320", "Non Interest Expense": "57,991", "Special Income Charges": "-310", "Pretax Income": "18,229", "Tax Provision": "4,503", "Net Income Common Stockholders": "13,726", "Diluted NI Available to Com Stockholders": "13,726", "Basic EPS": "-", "Diluted EPS": "-", "Basic Average Shares": "-", "Diluted Average Shares": "-", "INTEREST_INCOME_AFTER_PROVISION_FOR_LOAN_LOSS": "67,180", "Net Income from Continuing & Discontinued Operation": "13,726", "Normalized Income": "13,959", "Total Money Market Investments": "-", "Reconciled Depreciation": "3,696", "Net Income from Continuing Operation Net Minority Interest": "13,726", "Total Unusual Items Excluding Goodwill": "-310", "Total Unusual Items": "-310", "Tax Rate for Calcs": "0", "Tax Effect of Unusual Items": "-76.57"}, "12/31/2020": {"Duration": "12/31/2020", "Total Revenue": "86,850", "Credit Losses Provision": "-10,320", "Non Interest Expense": "57,991", "Special Income Charges": "-310", "Pretax Income": "18,229", "Tax Provision": "4,503", "Net Income Common Stockholders": "13,726", "Diluted NI Available to Com Stockholders": "13,726", "Basic EPS": "-", "Diluted EPS": "-", "Basic Average Shares": "-", "Diluted Average Shares": "-", "INTEREST_INCOME_AFTER_PROVISION_FOR_LOAN_LOSS": "67,180", "Net Income from Continuing & Discontinued Operation": "13,726", "Normalized Income": "13,959", "Total Money Market Investments": "-", "Reconciled Depreciation": "3,696", "Net Income from Continuing Operation Net Minority Interest": "13,726", "Total Unusual Items Excluding Goodwill": "-310", "Total Unusual Items": "-310", "Tax Rate for Calcs": "0", "Tax Effect of Unusual Items": "-76.57"}, "12/31/2019": {"Duration": "12/31/2019", "Total Revenue": "77,105", "Credit Losses Provision": "-2,224", "Non Interest Expense": "50,986", "Special Income Charges": "-204", "Pretax Income": "23,691", "Tax Provision": "6,373", "Net Income Common Stockholders": "17,318", "Diluted NI Available to Com Stockholders": "17,318", "Basic EPS": "1.37", "Diluted EPS": "1.37", "Basic Average Shares": "12,631", "Diluted Average Shares": "12,631", "INTEREST_INCOME_AFTER_PROVISION_FOR_LOAN_LOSS": "64,798", "Net Income from Continuing & Discontinued Operation": "17,318", "Normalized Income": "17,385", "Total Money Market Investments": "-", "Reconciled Depreciation": "2,831", "Net Income from Continuing Operation Net Minority Interest": "17,318", "Total Unusual Items Excluding Goodwill": "-92", "Total Unusual Items": "-92", "Tax Rate for Calcs": "0", "Tax Effect of Unusual Items": "-24.656"}, "12/31/2018": {"Duration": "12/31/2018", "Total Revenue": "58,938", "Credit Losses Provision": "-1,842", "Non Interest Expense": "36,080", "Special Income Charges": "-527", "Pretax Income": "20,489", "Tax Provision": "5,996", "Net Income Common Stockholders": "14,493", "Diluted NI Available to Com Stockholders": "14,493", "Basic EPS": "1.50", "Diluted EPS": "1.50", "Basic Average Shares": "9,692", "Diluted Average Shares": "9,692", "INTEREST_INCOME_AFTER_PROVISION_FOR_LOAN_LOSS": "49,407", "Net Income from Continuing & Discontinued Operation": "14,493", "Normalized Income": "14,816", "Total Money Market Investments": "5,687", "Reconciled Depreciation": "2,106", "Net Income from Continuing Operation Net Minority Interest": "14,493", "Total Unusual Items Excluding Goodwill": "-457", "Total Unusual Items": "-457", "Tax Rate for Calcs": "0", "Tax Effect of Unusual Items": "-133.901"}}, "bs": {"12/31/2020": {"Duration": "12/31/2020", "Total Assets": "2,195,666", "Total Liabilities Net Minority Interest": "1,943,075", "Total Equity Gross Minority Interest": "252,591", "Total Capitalization": "329,285", "Common Stock Equity": "252,591", "Capital Lease Obligations": "12,328", "Net Tangible Assets": "205,451", "Invested Capital": "329,285", "Tangible Book Value": "205,451", "Total Debt": "89,022", "Net Debt": "39,293", "Share Issued": "11,295", "Ordinary Shares Number": "11,295"}, "12/31/2019": {"Duration": "12/31/2019", "Total Assets": "1,994,177", "Total Liabilities Net Minority Interest": "1,739,957", "Total Equity Gross Minority Interest": "254,220", "Total Capitalization": "262,462", "Common Stock Equity": "254,220", "Capital Lease Obligations": "15,599", "Net Tangible Assets": "209,569", "Invested Capital": "262,462", "Tangible Book Value": "209,569", "Total Debt": "23,841", "Net Debt": "-", "Share Issued": "12,445", "Ordinary Shares Number": "12,445"}, "12/31/2018": {"Duration": "12/31/2018", "Total Assets": "1,478,395", "Total Liabilities Net Minority Interest": "1,277,642", "Total Equity Gross Minority Interest": "200,753", "Total Capitalization": "208,914", "Common Stock Equity": "200,753", "Capital Lease Obligations": "-", "Net Tangible Assets": "178,954", "Invested Capital": "208,914", "Tangible Book Value": "178,954", "Total Debt": "8,161", "Net Debt": "-", "Share Issued": "10,869", "Ordinary Shares Number": "10,869"}}, "cf": {"TTM": {"Duration": "TTM", "Operating Cash Flow": "9,997", "Investing Cash Flow": "-73,657", "Financing Cash Flow": "67,607", "End Cash Position": "299,329", "Income Tax Paid Supplemental Data": "8,071", "Interest Paid Supplemental Data": "9,214", "Capital Expenditure": "-3,215", "Issuance of Capital Stock": "0", "Issuance of Debt": "179,372", "Repayment of Debt": "-112,575", "Repurchase of Capital Stock": "-18,257", "Free Cash Flow": "6,782"}, "12/31/2020": {"Duration": "12/31/2020", "Operating Cash Flow": "9,997", "Investing Cash Flow": "-73,657", "Financing Cash Flow": "67,607", "End Cash Position": "299,329", "Income Tax Paid Supplemental Data": "8,071", "Interest Paid Supplemental Data": "9,214", "Capital Expenditure": "-3,215", "Issuance of Capital Stock": "0", "Issuance of Debt": "179,372", "Repayment of Debt": "-112,575", "Repurchase of Capital Stock": "-18,257", "Free Cash Flow": "6,782"}, "12/31/2019": {"Duration": "12/31/2019", "Operating Cash Flow": "6,956", "Investing Cash Flow": "927", "Financing Cash Flow": "-36,082", "End Cash Position": "295,382", "Income Tax Paid Supplemental Data": "5,054", "Interest Paid Supplemental Data": "7,454", "Capital Expenditure": "-1,399", "Issuance of Capital Stock": "0", "Issuance of Debt": "-", "Repayment of Debt": "0", "Repurchase of Capital Stock": "-10,957", "Free Cash Flow": "5,557"}, "12/31/2018": {"Duration": "12/31/2018", "Operating Cash Flow": "6,237", "Investing Cash Flow": "-11,251", "Financing Cash Flow": "78,742", "End Cash Position": "323,581", "Income Tax Paid Supplemental Data": "5,402", "Interest Paid Supplemental Data": "4,939", "Capital Expenditure": "-1,013", "Issuance of Capital Stock": "66,761", "Issuance of Debt": "-", "Repayment of Debt": "-6,000", "Repurchase of Capital Stock": "0", "Free Cash Flow": "5,224"}}}}, {"EXSR": {"quote": {"04/24/2021": {"value": "161.00", "Market Cap": "274.296M", "Beta (5Y Monthly)": "0.49", "PE Ratio (TTM)": "8.19", "EPS (TTM)": "19.66", "Earnings Date": "Feb 15, 2021", "Forward Dividend & Yield": "4.80 (2.99%)", "Ex-Dividend Date": "Mar 04, 2021", "1y Target Est": "N/A"}}, "fin": {"TTM": {"Duration": "TTM", "Total Revenue": "119,100", "Credit Losses Provision": "0", "Non Interest Expense": "65,605", "Pretax Income": "53,495", "Tax Provision": "14,984", "Net Income Common Stockholders": "38,511", "Diluted NI Available to Com Stockholders": "38,511", "Basic EPS": "-", "Diluted EPS": "-", "Basic Average Shares": "-", "Diluted Average Shares": "-", "INTEREST_INCOME_AFTER_PROVISION_FOR_LOAN_LOSS": "93,329", "Net Income from Continuing & Discontinued Operation": "38,511", "Normalized Income": "36,171", "Net Income from Continuing Operation Net Minority Interest": "38,511", "Total Unusual Items Excluding Goodwill": "3,251", "Total Unusual Items": "3,251", "Tax Rate for Calcs": "0", "Tax Effect of Unusual Items": "910.6082"}, "12/31/2018": {"Duration": "12/31/2018", "Total Revenue": "119,100", "Credit Losses Provision": "0", "Non Interest Expense": "65,605", "Pretax Income": "53,495", "Tax Provision": "14,984", "Net Income Common Stockholders": "38,511", "Diluted NI Available to Com Stockholders": "38,511", "Basic EPS": "-", "Diluted EPS": "-", "Basic Average Shares": "-", "Diluted Average Shares": "-", "INTEREST_INCOME_AFTER_PROVISION_FOR_LOAN_LOSS": "93,329", "Net Income from Continuing & Discontinued Operation": "38,511", "Normalized Income": "36,171", "Net Income from Continuing Operation Net Minority Interest": "38,511", "Total Unusual Items Excluding Goodwill": "3,251", "Total Unusual Items": "3,251", "Tax Rate for Calcs": "0", "Tax Effect of Unusual Items": "910.6082"}}, "bs": {"12/31/2018": {"Duration": "12/31/2018", "Total Assets": "2,653,960", "Total Liabilities Net Minority Interest": "2,422,388", "Total Equity Gross Minority Interest": "231,572", "Common Stock Equity": "231,572", "Net Tangible Assets": "231,572", "Tangible Book Value": "231,572", "Share Issued": "1,714", "Ordinary Shares Number": "1,714"}}, "cf": {}}}, {"ABNK": {"fin": {}, "bs": {}, "cf": {}}}, {"PDOB": {"fin": {}, "bs": {}, "cf": {}}}, {"SBAZ": {"fin": {}, "bs": {}, "cf": {}}}, {"UIFC": {"fin": {}, "bs": {}, "cf": {}}}, {"LGHT": {"fin": {}, "bs": {}, "cf": {}}}, {"CALW": {"fin": {}, "bs": {}, "cf": {}}}]