[{"ASB": {"quote": {"03/28/2021": {"value": "22.20", "Market Cap": "3.398B", "Beta (5Y Monthly)": "1.22", "PE Ratio (TTM)": "11.94", "EPS (TTM)": "1.86", "Earnings Date": "Apr 21, 2021 - Apr 26, 2021", "Forward Dividend & Yield": "0.72 (3.24%)", "Ex-Dividend Date": "Feb 26, 2021", "1y Target Est": "20.94"}}, "fin": {"TTM": {"Duration": "TTM", "Total Revenue": "1,226,861", "Credit Losses Provision": "-98,001", "Non Interest Expense": "702,114", "Special Income Charges": "-36,925", "Pretax Income": "389,819", "Tax Provision": "34,583", "Net Income Common Stockholders": "335,470", "Diluted NI Available to Com Stockholders": "335,470", "Basic EPS": "-", "Diluted EPS": "-", "Basic Average Shares": "-", "Diluted Average Shares": "-", "INTEREST_INCOME_AFTER_PROVISION_FOR_LOAN_LOSS": "637,916", "Net Income from Continuing & Discontinued Operation": "355,234", "Normalized Income": "242,645", "Reconciled Depreciation": "9,614", "Net Income from Continuing Operation Net Minority Interest": "355,234", "Total Unusual Items Excluding Goodwill": "123,550", "Total Unusual Items": "123,550", "Tax Rate for Calcs": "0", "Tax Effect of Unusual Items": "10,961"}, "12/31/2020": {"Duration": "12/31/2020", "Total Revenue": "1,256,966", "Credit Losses Provision": "-174,006", "Non Interest Expense": "716,338", "Special Income Charges": "-39,648", "Pretax Income": "326,972", "Tax Provision": "20,200", "Net Income Common Stockholders": "288,413", "Diluted NI Available to Com Stockholders": "288,413", "Basic EPS": "1.87", "Diluted EPS": "1.86", "Basic Average Shares": "153,005", "Diluted Average Shares": "153,642", "INTEREST_INCOME_AFTER_PROVISION_FOR_LOAN_LOSS": "588,951", "Net Income from Continuing & Discontinued Operation": "306,771", "Normalized Income": "197,995", "Reconciled Depreciation": "83,423", "Net Income from Continuing Operation Net Minority Interest": "306,771", "Total Unusual Items Excluding Goodwill": "115,941", "Total Unusual Items": "115,941", "Tax Rate for Calcs": "0", "Tax Effect of Unusual Items": "7,165"}, "12/31/2019": {"Duration": "12/31/2019", "Total Revenue": "1,207,636", "Credit Losses Provision": "-16,000", "Non Interest Expense": "777,806", "Special Income Charges": "-7,320", "Pretax Income": "406,509", "Tax Provision": "79,720", "Net Income Common Stockholders": "311,587", "Diluted NI Available to Com Stockholders": "311,587", "Basic EPS": "1.93", "Diluted EPS": "1.91", "Basic Average Shares": "160,534", "Diluted Average Shares": "161,932", "INTEREST_INCOME_AFTER_PROVISION_FOR_LOAN_LOSS": "819,674", "Net Income from Continuing & Discontinued Operation": "326,790", "Normalized Income": "330,494", "Reconciled Depreciation": "80,529", "Net Income from Continuing Operation Net Minority Interest": "326,790", "Total Unusual Items Excluding Goodwill": "-4,607", "Total Unusual Items": "-4,607", "Tax Rate for Calcs": "0", "Tax Effect of Unusual Items": "-902.972"}, "12/31/2018": {"Duration": "12/31/2018", "Total Revenue": "1,235,147", "Credit Losses Provision": "0", "Non Interest Expense": "792,797", "Special Income Charges": "-29,002", "Pretax Income": "413,349", "Tax Provision": "79,786", "Net Income Common Stockholders": "322,779", "Diluted NI Available to Com Stockholders": "322,779", "Basic EPS": "1.92", "Diluted EPS": "1.89", "Basic Average Shares": "167,345", "Diluted Average Shares": "169,732", "INTEREST_INCOME_AFTER_PROVISION_FOR_LOAN_LOSS": "879,580", "Net Income from Continuing & Discontinued Operation": "333,562", "Normalized Income": "357,857", "Reconciled Depreciation": "66,006", "Net Income from Continuing Operation Net Minority Interest": "333,562", "Total Unusual Items Excluding Goodwill": "-30,105", "Total Unusual Items": "-30,105", "Tax Rate for Calcs": "0", "Tax Effect of Unusual Items": "-5,810"}}, "bs": {"12/31/2020": {"Duration": "12/31/2020", "Total Assets": "33,419,783", "Total Liabilities Net Minority Interest": "29,328,850", "Total Equity Gross Minority Interest": "4,090,933", "Total Capitalization": "6,271,993", "Preferred Stock Equity": "353,512", "Common Stock Equity": "3,737,421", "Capital Lease Obligations": "1,128", "Net Tangible Assets": "2,871,418", "Invested Capital": "5,977,827", "Tangible Book Value": "2,517,906", "Total Debt": "2,241,534", "Net Debt": "1,525,493", "Share Issued": "175,216", "Ordinary Shares Number": "153,540", "Preferred Shares Number": "-", "Treasury Shares Number": "21,676"}, "12/31/2019": {"Duration": "12/31/2019", "Total Assets": "32,386,478", "Total Liabilities Net Minority Interest": "28,464,355", "Total Equity Gross Minority Interest": "3,922,123", "Total Capitalization": "7,130,224", "Preferred Stock Equity": "256,716", "Common Stock Equity": "3,665,407", "Capital Lease Obligations": "2,209", "Net Tangible Assets": "2,590,286", "Invested Capital": "7,425,524", "Tangible Book Value": "2,333,570", "Total Debt": "3,762,326", "Net Debt": "3,179,113", "Share Issued": "175,216", "Ordinary Shares Number": "157,171", "Preferred Shares Number": "264.458", "Treasury Shares Number": "18,045"}, "12/31/2018": {"Duration": "12/31/2018", "Total Assets": "33,647,859", "Total Liabilities Net Minority Interest": "29,866,972", "Total Equity Gross Minority Interest": "3,780,887", "Total Capitalization": "8,150,869", "Preferred Stock Equity": "256,716", "Common Stock Equity": "3,524,171", "Capital Lease Obligations": "-", "Net Tangible Assets": "2,467,835", "Invested Capital": "7,939,576", "Tangible Book Value": "2,211,119", "Total Debt": "4,415,405", "Net Debt": "3,686,992", "Share Issued": "175,216", "Ordinary Shares Number": "164,440", "Preferred Shares Number": "264.458", "Treasury Shares Number": "10,776"}}, "cf": {"TTM": {"Duration": "TTM", "Operating Cash Flow": "-", "Investing Cash Flow": "-", "Financing Cash Flow": "-", "End Cash Position": "-", "Income Tax Paid Supplemental Data": "-", "Interest Paid Supplemental Data": "-", "Capital Expenditure": "-", "Issuance of Capital Stock": "-", "Issuance of Debt": "-", "Repayment of Debt": "-", "Repurchase of Capital Stock": "-", "Free Cash Flow": "-"}, "12/31/2020": {"Duration": "12/31/2020", "Operating Cash Flow": "550,020", "Investing Cash Flow": "-793,737", "Financing Cash Flow": "371,020", "End Cash Position": "716,048", "Income Tax Paid Supplemental Data": "17,734", "Interest Paid Supplemental Data": "159,291", "Capital Expenditure": "-54,882", "Issuance of Capital Stock": "100,762", "Issuance of Debt": "4,215", "Repayment of Debt": "-1,042,053", "Repurchase of Capital Stock": "-77,368", "Free Cash Flow": "495,138"}, "12/31/2019": {"Duration": "12/31/2019", "Operating Cash Flow": "574,260", "Investing Cash Flow": "1,617,446", "Financing Cash Flow": "-2,479,660", "End Cash Position": "588,744", "Income Tax Paid Supplemental Data": "41,131", "Interest Paid Supplemental Data": "332,919", "Capital Expenditure": "-67,459", "Issuance of Capital Stock": "11,216", "Issuance of Debt": "751,573", "Repayment of Debt": "-1,014,658", "Repurchase of Capital Stock": "-186,076", "Free Cash Flow": "506,801"}, "12/31/2018": {"Duration": "12/31/2018", "Operating Cash Flow": "496,567", "Investing Cash Flow": "-380,872", "Financing Cash Flow": "44,983", "End Cash Position": "876,698", "Income Tax Paid Supplemental Data": "18,335", "Interest Paid Supplemental Data": "261,724", "Capital Expenditure": "-65,854", "Issuance of Capital Stock": "115,723", "Issuance of Debt": "2,137,680", "Repayment of Debt": "-2,150,016", "Repurchase of Capital Stock": "-247,210", "Free Cash Flow": "430,713"}}}}, {"GABC": {"quote": {"03/28/2021": {"value": "47.50", "Market Cap": "1.259B", "Beta (5Y Monthly)": "0.77", "PE Ratio (TTM)": "20.30", "EPS (TTM)": "2.34", "Earnings Date": "May 04, 2021 - May 10, 2021", "Forward Dividend & Yield": "0.84 (1.77%)", "Ex-Dividend Date": "Feb 09, 2021", "1y Target Est": "43.00"}}, "fin": {"TTM": {"Duration": "TTM", "Total Revenue": "209,717", "Credit Losses Provision": "-17,550", "Non Interest Expense": "117,123", "Pretax Income": "75,044", "Tax Provision": "12,834", "Net Income Common Stockholders": "62,210", "Diluted NI Available to Com Stockholders": "62,210", "Basic EPS": "-", "Diluted EPS": "-", "Basic Average Shares": "-", "Diluted Average Shares": "-", "INTEREST_INCOME_AFTER_PROVISION_FOR_LOAN_LOSS": "137,693", "Net Income from Continuing & Discontinued Operation": "62,210", "Normalized Income": "62,210", "Total Money Market Investments": "382", "Reconciled Depreciation": "9,429", "Net Income from Continuing Operation Net Minority Interest": "62,210", "Tax Rate for Calcs": "0", "Tax Effect of Unusual Items": "0"}, "12/31/2020": {"Duration": "12/31/2020", "Total Revenue": "209,717", "Credit Losses Provision": "-17,550", "Non Interest Expense": "117,123", "Pretax Income": "75,044", "Tax Provision": "12,834", "Net Income Common Stockholders": "62,210", "Diluted NI Available to Com Stockholders": "62,210", "Basic EPS": "-", "Diluted EPS": "-", "Basic Average Shares": "-", "Diluted Average Shares": "-", "INTEREST_INCOME_AFTER_PROVISION_FOR_LOAN_LOSS": "137,693", "Net Income from Continuing & Discontinued Operation": "62,210", "Normalized Income": "62,210", "Total Money Market Investments": "382", "Reconciled Depreciation": "9,429", "Net Income from Continuing Operation Net Minority Interest": "62,210", "Tax Rate for Calcs": "0", "Tax Effect of Unusual Items": "0"}, "12/31/2019": {"Duration": "12/31/2019", "Total Revenue": "190,726", "Credit Losses Provision": "-5,325", "Non Interest Expense": "114,162", "Pretax Income": "71,239", "Tax Provision": "12,017", "Net Income Common Stockholders": "59,222", "Diluted NI Available to Com Stockholders": "59,222", "Basic EPS": "2.29", "Diluted EPS": "2.29", "Basic Average Shares": "25,825", "Diluted Average Shares": "25,825", "INTEREST_INCOME_AFTER_PROVISION_FOR_LOAN_LOSS": "139,900", "Net Income from Continuing & Discontinued Operation": "59,222", "Normalized Income": "59,222", "Total Money Market Investments": "522", "Reconciled Depreciation": "8,630", "Net Income from Continuing Operation Net Minority Interest": "59,222", "Tax Rate for Calcs": "0", "Tax Effect of Unusual Items": "0"}, "12/31/2018": {"Duration": "12/31/2018", "Total Revenue": "151,680", "Credit Losses Provision": "-2,070", "Non Interest Expense": "93,553", "Pretax Income": "56,057", "Tax Provision": "9,528", "Net Income Common Stockholders": "46,529", "Diluted NI Available to Com Stockholders": "46,529", "Basic EPS": "1.99", "Diluted EPS": "1.99", "Basic Average Shares": "23,382", "Diluted Average Shares": "23,382", "INTEREST_INCOME_AFTER_PROVISION_FOR_LOAN_LOSS": "112,540", "Net Income from Continuing & Discontinued Operation": "46,529", "Normalized Income": "46,529", "Total Money Market Investments": "308", "Reconciled Depreciation": "6,184", "Net Income from Continuing Operation Net Minority Interest": "46,529", "Tax Rate for Calcs": "0", "Tax Effect of Unusual Items": "0"}}, "bs": {"12/31/2020": {"Duration": "12/31/2020", "Total Assets": "4,977,577", "Total Liabilities Net Minority Interest": "4,352,868", "Total Equity Gross Minority Interest": "624,709", "Total Capitalization": "763,109", "Common Stock Equity": "624,709", "Capital Lease Obligations": "3,224", "Net Tangible Assets": "493,769", "Invested Capital": "763,109", "Tangible Book Value": "493,769", "Total Debt": "141,624", "Net Debt": "79,187", "Share Issued": "26,502", "Ordinary Shares Number": "26,502"}, "12/31/2019": {"Duration": "12/31/2019", "Total Assets": "4,397,672", "Total Liabilities Net Minority Interest": "3,823,852", "Total Equity Gross Minority Interest": "573,820", "Total Capitalization": "752,389", "Common Stock Equity": "573,820", "Capital Lease Obligations": "3,381", "Net Tangible Assets": "441,724", "Invested Capital": "876,389", "Tangible Book Value": "441,724", "Total Debt": "305,950", "Net Debt": "240,613", "Share Issued": "26,671", "Ordinary Shares Number": "26,671"}, "12/31/2018": {"Duration": "12/31/2018", "Total Assets": "3,929,090", "Total Liabilities Net Minority Interest": "3,470,450", "Total Equity Gross Minority Interest": "458,640", "Total Capitalization": "835,049", "Common Stock Equity": "458,640", "Capital Lease Obligations": "-", "Net Tangible Assets": "344,997", "Invested Capital": "835,049", "Tangible Book Value": "344,997", "Total Debt": "376,409", "Net Debt": "311,610", "Share Issued": "24,967", "Ordinary Shares Number": "24,967"}}, "cf": {"TTM": {"Duration": "TTM", "Operating Cash Flow": "92,418", "Investing Cash Flow": "-346,078", "Financing Cash Flow": "495,524", "End Cash Position": "345,748", "Income Tax Paid Supplemental Data": "11,505", "Interest Paid Supplemental Data": "20,484", "Capital Expenditure": "-7,071", "Issuance of Debt": "0", "Repayment of Debt": "-40,625", "Free Cash Flow": "85,347"}, "12/31/2020": {"Duration": "12/31/2020", "Operating Cash Flow": "92,418", "Investing Cash Flow": "-346,078", "Financing Cash Flow": "495,524", "End Cash Position": "345,748", "Income Tax Paid Supplemental Data": "11,505", "Interest Paid Supplemental Data": "20,484", "Capital Expenditure": "-7,071", "Issuance of Debt": "0", "Repayment of Debt": "-40,625", "Free Cash Flow": "85,347"}, "12/31/2019": {"Duration": "12/31/2019", "Operating Cash Flow": "65,229", "Investing Cash Flow": "30,662", "Financing Cash Flow": "-88,557", "End Cash Position": "103,884", "Income Tax Paid Supplemental Data": "7,977", "Interest Paid Supplemental Data": "30,765", "Capital Expenditure": "-9,374", "Issuance of Debt": "89,214", "Repayment of Debt": "-65,171", "Free Cash Flow": "55,855"}, "12/31/2018": {"Duration": "12/31/2018", "Operating Cash Flow": "62,331", "Investing Cash Flow": "-38,798", "Financing Cash Flow": "2,658", "End Cash Position": "96,550", "Income Tax Paid Supplemental Data": "5,920", "Interest Paid Supplemental Data": "18,239", "Capital Expenditure": "-15,186", "Issuance of Debt": "25,000", "Repayment of Debt": "-40,155", "Free Cash Flow": "47,145"}}}}, {"FMAO": {"quote": {"03/28/2021": {"value": "25.75", "Market Cap": "288.336M", "Beta (5Y Monthly)": "0.31", "PE Ratio (TTM)": "14.28", "EPS (TTM)": "1.80", "Earnings Date": "Apr 22, 2021 - Apr 26, 2021", "Forward Dividend & Yield": "0.68 (2.64%)", "Ex-Dividend Date": "Mar 30, 2021", "1y Target Est": "24.50"}}, "fin": {"TTM": {"Duration": "TTM", "Total Revenue": "77,710", "Credit Losses Provision": "-7,251", "Non Interest Expense": "44,334", "Pretax Income": "26,125", "Tax Provision": "5,226", "Net Income Common Stockholders": "20,779", "Diluted NI Available to Com Stockholders": "20,779", "Basic EPS": "-", "Diluted EPS": "-", "Basic Average Shares": "-", "Diluted Average Shares": "-", "INTEREST_INCOME_AFTER_PROVISION_FOR_LOAN_LOSS": "53,362", "Net Income from Continuing & Discontinued Operation": "20,899", "Normalized Income": "20,884", "Total Money Market Investments": "19", "Reconciled Depreciation": "1,404", "Net Income from Continuing Operation Net Minority Interest": "20,899", "Total Unusual Items Excluding Goodwill": "19", "Total Unusual Items": "19", "Tax Rate for Calcs": "0", "Tax Effect of Unusual Items": "3.8007"}, "12/31/2020": {"Duration": "12/31/2020", "Total Revenue": "74,866", "Credit Losses Provision": "-6,981", "Non Interest Expense": "42,679", "Pretax Income": "25,206", "Tax Provision": "5,111", "Net Income Common Stockholders": "19,942", "Diluted NI Available to Com Stockholders": "19,942", "Basic EPS": "-", "Diluted EPS": "-", "Basic Average Shares": "-", "Diluted Average Shares": "-", "INTEREST_INCOME_AFTER_PROVISION_FOR_LOAN_LOSS": "52,653", "Net Income from Continuing & Discontinued Operation": "20,095", "Normalized Income": "20,101", "Total Money Market Investments": "20", "Reconciled Depreciation": "4,298", "Net Income from Continuing Operation Net Minority Interest": "20,095", "Total Unusual Items Excluding Goodwill": "-7", "Total Unusual Items": "-7", "Tax Rate for Calcs": "0", "Tax Effect of Unusual Items": "-1.4196"}, "12/31/2019": {"Duration": "12/31/2019", "Total Revenue": "63,571", "Credit Losses Provision": "-1,138", "Non Interest Expense": "39,799", "Pretax Income": "22,634", "Tax Provision": "4,232", "Net Income Common Stockholders": "18,264", "Diluted NI Available to Com Stockholders": "18,264", "Basic EPS": "1.66", "Diluted EPS": "1.66", "Basic Average Shares": "11,086", "Diluted Average Shares": "11,086", "INTEREST_INCOME_AFTER_PROVISION_FOR_LOAN_LOSS": "52,116", "Net Income from Continuing & Discontinued Operation": "18,402", "Normalized Income": "18,468", "Total Money Market Investments": "416", "Reconciled Depreciation": "3,521", "Net Income from Continuing Operation Net Minority Interest": "18,402", "Total Unusual Items Excluding Goodwill": "-81", "Total Unusual Items": "-81", "Tax Rate for Calcs": "0", "Tax Effect of Unusual Items": "-15.147"}, "12/31/2018": {"Duration": "12/31/2018", "Total Revenue": "49,337", "Credit Losses Provision": "-324", "Non Interest Expense": "30,837", "Pretax Income": "18,176", "Tax Provision": "3,227", "Net Income Common Stockholders": "14,949", "Diluted NI Available to Com Stockholders": "14,949", "Basic EPS": "1.61", "Diluted EPS": "1.61", "Basic Average Shares": "9,285", "Diluted Average Shares": "9,285", "INTEREST_INCOME_AFTER_PROVISION_FOR_LOAN_LOSS": "39,313", "Net Income from Continuing & Discontinued Operation": "14,949", "Normalized Income": "14,985", "Total Money Market Investments": "333", "Reconciled Depreciation": "2,248", "Net Income from Continuing Operation Net Minority Interest": "14,949", "Total Unusual Items Excluding Goodwill": "-44", "Total Unusual Items": "-44", "Tax Rate for Calcs": "0", "Tax Effect of Unusual Items": "-7.81"}}, "bs": {"12/31/2020": {"Duration": "12/31/2020", "Total Assets": "1,909,544", "Total Liabilities Net Minority Interest": "1,660,384", "Total Equity Gross Minority Interest": "249,160", "Total Capitalization": "267,021", "Common Stock Equity": "249,160", "Net Tangible Assets": "198,500", "Invested Capital": "267,021", "Tangible Book Value": "198,500", "Total Debt": "17,861", "Share Issued": "12,230", "Ordinary Shares Number": "11,198", "Treasury Shares Number": "1,032"}, "12/31/2019": {"Duration": "12/31/2019", "Total Assets": "1,607,330", "Total Liabilities Net Minority Interest": "1,377,072", "Total Equity Gross Minority Interest": "230,258", "Total Capitalization": "255,064", "Common Stock Equity": "230,258", "Net Tangible Assets": "180,289", "Invested Capital": "255,064", "Tangible Book Value": "180,289", "Total Debt": "24,806", "Share Issued": "12,230", "Ordinary Shares Number": "11,137", "Treasury Shares Number": "1,093"}, "12/31/2018": {"Duration": "12/31/2018", "Total Assets": "1,116,163", "Total Liabilities Net Minority Interest": "972,876", "Total Equity Gross Minority Interest": "143,287", "Total Capitalization": "-", "Common Stock Equity": "143,287", "Net Tangible Assets": "136,828", "Invested Capital": "-", "Tangible Book Value": "136,828", "Total Debt": "-", "Share Issued": "10,400", "Ordinary Shares Number": "9,285", "Treasury Shares Number": "1,115"}}, "cf": {"TTM": {"Duration": "TTM", "Operating Cash Flow": "-", "Investing Cash Flow": "-", "Financing Cash Flow": "-", "End Cash Position": "-", "Income Tax Paid Supplemental Data": "-", "Interest Paid Supplemental Data": "-", "Capital Expenditure": "-", "Issuance of Debt": "-", "Repayment of Debt": "-", "Repurchase of Capital Stock": "-", "Free Cash Flow": "-"}, "12/31/2020": {"Duration": "12/31/2020", "Operating Cash Flow": "27,382", "Investing Cash Flow": "-177,724", "Financing Cash Flow": "274,752", "End Cash Position": "175,706", "Income Tax Paid Supplemental Data": "6,473", "Interest Paid Supplemental Data": "10,093", "Capital Expenditure": "-3,222", "Issuance of Debt": "-", "Repayment of Debt": "-7,493", "Repurchase of Capital Stock": "-383", "Free Cash Flow": "24,160"}, "12/31/2019": {"Duration": "12/31/2019", "Operating Cash Flow": "23,931", "Investing Cash Flow": "-149,316", "Financing Cash Flow": "138,316", "End Cash Position": "51,296", "Income Tax Paid Supplemental Data": "3,845", "Interest Paid Supplemental Data": "13,540", "Capital Expenditure": "-3,510", "Issuance of Debt": "-", "Repayment of Debt": "-23,938", "Repurchase of Capital Stock": "-381", "Free Cash Flow": "20,421"}, "12/31/2018": {"Duration": "12/31/2018", "Operating Cash Flow": "12,142", "Investing Cash Flow": "66", "Financing Cash Flow": "-8,310", "End Cash Position": "38,365", "Income Tax Paid Supplemental Data": "3,107", "Interest Paid Supplemental Data": "6,472", "Capital Expenditure": "-2,612", "Issuance of Debt": "-", "Repayment of Debt": "-5,000", "Repurchase of Capital Stock": "-490", "Free Cash Flow": "9,530"}}}}, {"TWCF": {"quote": {"03/28/2021": {"value": "21.20", "Market Cap": "18.9M", "Beta (5Y Monthly)": "0.39", "PE Ratio (TTM)": "8.55", "EPS (TTM)": "2.48", "Earnings Date": "N/A", "Forward Dividend & Yield": "0.40 (1.89%)", "Ex-Dividend Date": "Feb 26, 2021", "1y Target Est": "N/A"}}, "fin": {}, "bs": {}, "cf": {}}}, {"USB": {"quote": {"03/28/2021": {"value": "56.21", "Market Cap": "84.459B", "Beta (5Y Monthly)": "1.14", "PE Ratio (TTM)": "18.37", "EPS (TTM)": "3.06", "Earnings Date": "Apr 15, 2021", "Forward Dividend & Yield": "1.68 (2.99%)", "Ex-Dividend Date": "Mar 30, 2021", "1y Target Est": "55.67"}}, "fin": {"TTM": {"Duration": "TTM", "Total Revenue": "22,922,000", "Credit Losses Provision": "-1,986,000", "Non Interest Expense": "13,432,000", "Pretax Income": "7,504,000", "Tax Provision": "1,413,000", "Net Income Common Stockholders": "5,708,000", "Diluted NI Available to Com Stockholders": "5,708,000", "Basic EPS": "-", "Diluted EPS": "-", "Basic Average Shares": "-", "Diluted Average Shares": "-", "INTEREST_INCOME_AFTER_PROVISION_FOR_LOAN_LOSS": "10,679,000", "Net Income from Continuing & Discontinued Operation": "6,068,000", "Normalized Income": "6,068,000", "Reconciled Depreciation": "172,000", "Net Income from Continuing Operation Net Minority Interest": "6,068,000", "Tax Rate for Calcs": "0", "Tax Effect of Unusual Items": "0"}, "12/31/2020": {"Duration": "12/31/2020", "Total Revenue": "23,226,000", "Credit Losses Provision": "-3,806,000", "Non Interest Expense": "13,369,000", "Pretax Income": "6,051,000", "Tax Provision": "1,066,000", "Net Income Common Stockholders": "4,621,000", "Diluted NI Available to Com Stockholders": "4,621,000", "Basic EPS": "3.06", "Diluted EPS": "3.06", "Basic Average Shares": "1,509,000", "Diluted Average Shares": "1,510,000", "INTEREST_INCOME_AFTER_PROVISION_FOR_LOAN_LOSS": "9,019,000", "Net Income from Continuing & Discontinued Operation": "4,959,000", "Normalized Income": "4,959,000", "Reconciled Depreciation": "527,000", "Net Income from Continuing Operation Net Minority Interest": "4,959,000", "Tax Rate for Calcs": "0", "Tax Effect of Unusual Items": "0"}, "12/31/2019": {"Duration": "12/31/2019", "Total Revenue": "22,883,000", "Credit Losses Provision": "-1,504,000", "Non Interest Expense": "12,785,000", "Pretax Income": "8,594,000", "Tax Provision": "1,648,000", "Net Income Common Stockholders": "6,583,000", "Diluted NI Available to Com Stockholders": "6,583,000", "Basic EPS": "4.16", "Diluted EPS": "4.16", "Basic Average Shares": "1,581,000", "Diluted Average Shares": "1,583,000", "INTEREST_INCOME_AFTER_PROVISION_FOR_LOAN_LOSS": "11,548,000", "Net Income from Continuing & Discontinued Operation": "6,914,000", "Normalized Income": "6,914,000", "Reconciled Depreciation": "502,000", "Net Income from Continuing Operation Net Minority Interest": "6,914,000", "Tax Rate for Calcs": "0", "Tax Effect of Unusual Items": "0"}, "12/31/2018": {"Duration": "12/31/2018", "Total Revenue": "22,521,000", "Credit Losses Provision": "-1,379,000", "Non Interest Expense": "12,464,000", "Pretax Income": "8,678,000", "Tax Provision": "1,554,000", "Net Income Common Stockholders": "6,784,000", "Diluted NI Available to Com Stockholders": "6,784,000", "Basic EPS": "4.15", "Diluted EPS": "4.14", "Basic Average Shares": "1,634,000", "Diluted Average Shares": "1,638,000", "INTEREST_INCOME_AFTER_PROVISION_FOR_LOAN_LOSS": "11,540,000", "Net Income from Continuing & Discontinued Operation": "7,096,000", "Normalized Income": "7,096,000", "Reconciled Depreciation": "467,000", "Net Income from Continuing Operation Net Minority Interest": "7,096,000", "Tax Rate for Calcs": "0", "Tax Effect of Unusual Items": "0"}}, "bs": {"12/31/2020": {"Duration": "12/31/2020", "Total Assets": "553,905,000", "Total Liabilities Net Minority Interest": "500,180,000", "Total Equity Gross Minority Interest": "53,725,000", "Total Capitalization": "94,392,000", "Preferred Stock Equity": "5,983,000", "Common Stock Equity": "47,112,000", "Net Tangible Assets": "40,313,000", "Invested Capital": "97,968,000", "Tangible Book Value": "34,330,000", "Total Debt": "50,856,000", "Net Debt": "-", "Share Issued": "2,125,726", "Ordinary Shares Number": "1,507,108", "Preferred Shares Number": "139,510", "Treasury Shares Number": "618,618"}, "12/31/2019": {"Duration": "12/31/2019", "Total Assets": "495,426,000", "Total Liabilities Net Minority Interest": "442,943,000", "Total Equity Gross Minority Interest": "52,483,000", "Total Capitalization": "92,020,000", "Preferred Stock Equity": "5,984,000", "Common Stock Equity": "45,869,000", "Net Tangible Assets": "38,975,000", "Invested Capital": "107,766,000", "Tangible Book Value": "32,991,000", "Total Debt": "61,897,000", "Net Debt": "39,492,000", "Share Issued": "2,125,726", "Ordinary Shares Number": "1,534,155", "Preferred Shares Number": "139,510", "Treasury Shares Number": "591,571"}, "12/31/2018": {"Duration": "12/31/2018", "Total Assets": "467,374,000", "Total Liabilities Net Minority Interest": "415,717,000", "Total Equity Gross Minority Interest": "51,657,000", "Total Capitalization": "92,369,000", "Preferred Stock Equity": "5,984,000", "Common Stock Equity": "45,045,000", "Net Tangible Assets": "38,268,000", "Invested Capital": "97,484,000", "Tangible Book Value": "32,284,000", "Total Debt": "52,439,000", "Net Debt": "30,986,000", "Share Issued": "2,125,726", "Ordinary Shares Number": "1,608,335", "Preferred Shares Number": "116,510", "Treasury Shares Number": "517,391"}}, "cf": {"TTM": {"Duration": "TTM", "Operating Cash Flow": "-", "Investing Cash Flow": "-", "Financing Cash Flow": "-", "End Cash Position": "-", "Income Tax Paid Supplemental Data": "-", "Interest Paid Supplemental Data": "-", "Issuance of Capital Stock": "-", "Issuance of Debt": "-", "Repayment of Debt": "-", "Repurchase of Capital Stock": "-", "Free Cash Flow": "-"}, "12/31/2020": {"Duration": "12/31/2020", "Operating Cash Flow": "3,716,000", "Investing Cash Flow": "-15,440,000", "Financing Cash Flow": "51,899,000", "End Cash Position": "62,580,000", "Income Tax Paid Supplemental Data": "1,025,000", "Interest Paid Supplemental Data": "2,199,000", "Issuance of Capital Stock": "501,000", "Issuance of Debt": "14,501,000", "Repayment of Debt": "-14,476,000", "Repurchase of Capital Stock": "-1,672,000", "Free Cash Flow": "3,716,000"}, "12/31/2019": {"Duration": "12/31/2019", "Operating Cash Flow": "4,889,000", "Investing Cash Flow": "-21,560,000", "Financing Cash Flow": "17,623,000", "End Cash Position": "22,405,000", "Income Tax Paid Supplemental Data": "941,000", "Interest Paid Supplemental Data": "4,404,000", "Issuance of Capital Stock": "88,000", "Issuance of Debt": "9,899,000", "Repayment of Debt": "-11,119,000", "Repurchase of Capital Stock": "-4,525,000", "Free Cash Flow": "4,889,000"}, "12/31/2018": {"Duration": "12/31/2018", "Operating Cash Flow": "10,564,000", "Investing Cash Flow": "-8,977,000", "Financing Cash Flow": "361,000", "End Cash Position": "21,453,000", "Income Tax Paid Supplemental Data": "365,000", "Interest Paid Supplemental Data": "3,056,000", "Issuance of Capital Stock": "651,000", "Issuance of Debt": "12,078,000", "Repayment of Debt": "-2,928,000", "Repurchase of Capital Stock": "-2,822,000", "Free Cash Flow": "10,564,000"}}}}, {"HBAN": {"quote": {"03/28/2021": {"value": "16.08", "Market Cap": "16.44B", "Beta (5Y Monthly)": "1.41", "PE Ratio (TTM)": "23.30", "EPS (TTM)": "0.69", "Earnings Date": "Apr 22, 2021", "Forward Dividend & Yield": "0.60 (3.73%)", "Ex-Dividend Date": "Mar 17, 2021", "1y Target Est": "16.21"}}, "fin": {"TTM": {"Duration": "TTM", "Total Revenue": "4,815,000", "Credit Losses Provision": "-1,048,000", "Non Interest Expense": "2,795,000", "Pretax Income": "972,000", "Tax Provision": "155,000", "Net Income Common Stockholders": "717,000", "Average Dilution Earnings": "-", "Diluted NI Available to Com Stockholders": "717,000", "Basic EPS": "-", "Diluted EPS": "-", "Basic Average Shares": "-", "Diluted Average Shares": "-", "INTEREST_INCOME_AFTER_PROVISION_FOR_LOAN_LOSS": "2,176,000", "Net Income from Continuing & Discontinued Operation": "817,000", "Normalized Income": "817,000", "Reconciled Depreciation": "367,000", "Net Income from Continuing Operation Net Minority Interest": "817,000", "Tax Rate for Calcs": "0", "Tax Effect of Unusual Items": "0"}, "12/31/2020": {"Duration": "12/31/2020", "Total Revenue": "4,815,000", "Credit Losses Provision": "-1,048,000", "Non Interest Expense": "2,795,000", "Pretax Income": "972,000", "Tax Provision": "155,000", "Net Income Common Stockholders": "717,000", "Average Dilution Earnings": "-", "Diluted NI Available to Com Stockholders": "717,000", "Basic EPS": "-", "Diluted EPS": "-", "Basic Average Shares": "-", "Diluted Average Shares": "-", "INTEREST_INCOME_AFTER_PROVISION_FOR_LOAN_LOSS": "2,176,000", "Net Income from Continuing & Discontinued Operation": "817,000", "Normalized Income": "817,000", "Reconciled Depreciation": "367,000", "Net Income from Continuing Operation Net Minority Interest": "817,000", "Tax Rate for Calcs": "0", "Tax Effect of Unusual Items": "0"}, "12/31/2019": {"Duration": "12/31/2019", "Total Revenue": "4,667,000", "Credit Losses Provision": "-287,000", "Non Interest Expense": "2,721,000", "Pretax Income": "1,659,000", "Tax Provision": "248,000", "Net Income Common Stockholders": "1,337,000", "Average Dilution Earnings": "0", "Diluted NI Available to Com Stockholders": "1,337,000", "Basic EPS": "1.29", "Diluted EPS": "1.27", "Basic Average Shares": "1,038,840", "Diluted Average Shares": "1,056,079", "INTEREST_INCOME_AFTER_PROVISION_FOR_LOAN_LOSS": "2,926,000", "Net Income from Continuing & Discontinued Operation": "1,411,000", "Normalized Income": "1,411,000", "Reconciled Depreciation": "386,000", "Net Income from Continuing Operation Net Minority Interest": "1,411,000", "Tax Rate for Calcs": "0", "Tax Effect of Unusual Items": "0"}, "12/31/2018": {"Duration": "12/31/2018", "Total Revenue": "4,510,000", "Credit Losses Provision": "-235,000", "Non Interest Expense": "2,647,000", "Pretax Income": "1,628,000", "Tax Provision": "235,000", "Net Income Common Stockholders": "1,323,000", "Average Dilution Earnings": "-", "Diluted NI Available to Com Stockholders": "1,323,000", "Basic EPS": "1.22", "Diluted EPS": "1.20", "Basic Average Shares": "1,046,767", "Diluted Average Shares": "1,046,767", "INTEREST_INCOME_AFTER_PROVISION_FOR_LOAN_LOSS": "2,954,000", "Net Income from Continuing & Discontinued Operation": "1,393,000", "Normalized Income": "1,393,000", "Reconciled Depreciation": "493,000", "Net Income from Continuing Operation Net Minority Interest": "1,393,000", "Tax Rate for Calcs": "0", "Tax Effect of Unusual Items": "0"}}, "bs": {"12/31/2020": {"Duration": "12/31/2020", "Total Assets": "123,038,000", "Total Liabilities Net Minority Interest": "110,045,000", "Total Equity Gross Minority Interest": "12,993,000", "Total Capitalization": "21,345,000", "Preferred Stock Equity": "2,191,000", "Common Stock Equity": "10,802,000", "Net Tangible Assets": "10,575,000", "Invested Capital": "19,266,000", "Tangible Book Value": "8,384,000", "Total Debt": "8,464,000", "Net Debt": "1,752,000", "Share Issued": "1,022,259", "Ordinary Shares Number": "1,017,197", "Preferred Shares Number": "28,000", "Treasury Shares Number": "5,062"}, "12/31/2019": {"Duration": "12/31/2019", "Total Assets": "109,002,000", "Total Liabilities Net Minority Interest": "97,207,000", "Total Equity Gross Minority Interest": "11,795,000", "Total Capitalization": "21,644,000", "Preferred Stock Equity": "1,203,000", "Common Stock Equity": "10,592,000", "Net Tangible Assets": "9,330,000", "Invested Capital": "22,006,000", "Tangible Book Value": "8,127,000", "Total Debt": "11,414,000", "Net Debt": "10,142,000", "Share Issued": "1,024,541", "Ordinary Shares Number": "1,020,004", "Preferred Shares Number": "28,000", "Treasury Shares Number": "4,537"}, "12/31/2018": {"Duration": "12/31/2018", "Total Assets": "108,781,000", "Total Liabilities Net Minority Interest": "97,679,000", "Total Equity Gross Minority Interest": "11,102,000", "Total Capitalization": "19,727,000", "Preferred Stock Equity": "1,203,000", "Common Stock Equity": "9,899,000", "Net Tangible Assets": "8,578,000", "Invested Capital": "18,537,000", "Tangible Book Value": "7,375,000", "Total Debt": "8,638,000", "Net Debt": "5,913,000", "Share Issued": "1,050,585", "Ordinary Shares Number": "1,046,767", "Preferred Shares Number": "28,000", "Treasury Shares Number": "3,817"}}, "cf": {"TTM": {"Duration": "TTM", "Operating Cash Flow": "1,323,000", "Investing Cash Flow": "-8,639,000", "Financing Cash Flow": "12,741,000", "End Cash Position": "6,595,000", "Income Tax Paid Supplemental Data": "81,000", "Interest Paid Supplemental Data": "453,000", "Capital Expenditure": "-119,000", "Issuance of Capital Stock": "988,000", "Issuance of Debt": "1,386,000", "Repayment of Debt": "-3,052,000", "Repurchase of Capital Stock": "-92,000", "Free Cash Flow": "1,204,000"}, "12/31/2020": {"Duration": "12/31/2020", "Operating Cash Flow": "1,323,000", "Investing Cash Flow": "-8,639,000", "Financing Cash Flow": "12,741,000", "End Cash Position": "6,595,000", "Income Tax Paid Supplemental Data": "81,000", "Interest Paid Supplemental Data": "453,000", "Capital Expenditure": "-119,000", "Issuance of Capital Stock": "988,000", "Issuance of Debt": "1,386,000", "Repayment of Debt": "-3,052,000", "Repurchase of Capital Stock": "-92,000", "Free Cash Flow": "1,204,000"}, "12/31/2019": {"Duration": "12/31/2019", "Operating Cash Flow": "1,574,000", "Investing Cash Flow": "-1,877,000", "Financing Cash Flow": "-1,199,000", "End Cash Position": "1,170,000", "Income Tax Paid Supplemental Data": "111,000", "Interest Paid Supplemental Data": "989,000", "Capital Expenditure": "-107,000", "Issuance of Capital Stock": "0", "Issuance of Debt": "1,796,000", "Repayment of Debt": "-743,000", "Repurchase of Capital Stock": "-441,000", "Free Cash Flow": "1,467,000"}, "12/31/2018": {"Duration": "12/31/2018", "Operating Cash Flow": "1,726,000", "Investing Cash Flow": "-3,663,000", "Financing Cash Flow": "3,089,000", "End Cash Position": "2,672,000", "Income Tax Paid Supplemental Data": "-", "Interest Paid Supplemental Data": "742,000", "Capital Expenditure": "-110,000", "Issuance of Capital Stock": "495,000", "Issuance of Debt": "2,229,000", "Repayment of Debt": "-2,798,000", "Repurchase of Capital Stock": "-939,000", "Free Cash Flow": "1,616,000"}}}}, {"ONB": {"quote": {"03/28/2021": {"value": "20.06", "Market Cap": "3.323B", "Beta (5Y Monthly)": "0.99", "PE Ratio (TTM)": "14.75", "EPS (TTM)": "1.36", "Earnings Date": "Apr 19, 2021 - Apr 23, 2021", "Forward Dividend & Yield": "0.56 (2.79%)", "Ex-Dividend Date": "Feb 26, 2021", "1y Target Est": "19.58"}}, "fin": {"TTM": {"Duration": "TTM", "Total Revenue": "840,698", "Credit Losses Provision": "-4,089", "Non Interest Expense": "502,184", "Special Income Charges": "-", "Pretax Income": "334,425", "Tax Provision": "43,838", "Net Income Common Stockholders": "290,587", "Diluted NI Available to Com Stockholders": "290,587", "Basic EPS": "-", "Diluted EPS": "-", "Basic Average Shares": "-", "Diluted Average Shares": "-", "INTEREST_INCOME_AFTER_PROVISION_FOR_LOAN_LOSS": "596,354", "Net Income from Continuing & Discontinued Operation": "290,587", "Normalized Income": "290,587", "Reconciled Depreciation": "13,390", "Net Income from Continuing Operation Net Minority Interest": "290,587", "Total Unusual Items Excluding Goodwill": "-", "Total Unusual Items": "-", "Tax Rate for Calcs": "0", "Tax Effect of Unusual Items": "0"}, "12/31/2020": {"Duration": "12/31/2020", "Total Revenue": "835,368", "Credit Losses Provision": "-38,395", "Non Interest Expense": "541,417", "Special Income Charges": "-", "Pretax Income": "255,556", "Tax Provision": "29,147", "Net Income Common Stockholders": "226,409", "Diluted NI Available to Com Stockholders": "226,409", "Basic EPS": "-", "Diluted EPS": "-", "Basic Average Shares": "-", "Diluted Average Shares": "-", "INTEREST_INCOME_AFTER_PROVISION_FOR_LOAN_LOSS": "557,699", "Net Income from Continuing & Discontinued Operation": "226,409", "Normalized Income": "226,409", "Reconciled Depreciation": "43,002", "Net Income from Continuing Operation Net Minority Interest": "226,409", "Total Unusual Items Excluding Goodwill": "-", "Total Unusual Items": "-", "Tax Rate for Calcs": "0", "Tax Effect of Unusual Items": "0"}, "12/31/2019": {"Duration": "12/31/2019", "Total Revenue": "796,337", "Credit Losses Provision": "-4,747", "Non Interest Expense": "501,234", "Special Income Charges": "0", "Pretax Income": "290,356", "Tax Provision": "52,150", "Net Income Common Stockholders": "238,206", "Diluted NI Available to Com Stockholders": "238,206", "Basic EPS": "1.39", "Diluted EPS": "1.38", "Basic Average Shares": "171,907", "Diluted Average Shares": "172,687", "INTEREST_INCOME_AFTER_PROVISION_FOR_LOAN_LOSS": "599,526", "Net Income from Continuing & Discontinued Operation": "238,206", "Normalized Income": "238,206", "Reconciled Depreciation": "43,630", "Net Income from Continuing Operation Net Minority Interest": "238,206", "Total Unusual Items Excluding Goodwill": "0", "Total Unusual Items": "0", "Tax Rate for Calcs": "0", "Tax Effect of Unusual Items": "0"}, "12/31/2018": {"Duration": "12/31/2018", "Total Revenue": "711,890", "Credit Losses Provision": "-6,966", "Non Interest Expense": "510,233", "Special Income Charges": "13,989", "Pretax Income": "208,680", "Tax Provision": "17,850", "Net Income Common Stockholders": "190,830", "Diluted NI Available to Com Stockholders": "190,830", "Basic EPS": "1.23", "Diluted EPS": "1.22", "Basic Average Shares": "155,675", "Diluted Average Shares": "156,539", "INTEREST_INCOME_AFTER_PROVISION_FOR_LOAN_LOSS": "530,636", "Net Income from Continuing & Discontinued Operation": "190,830", "Normalized Income": "178,044", "Reconciled Depreciation": "38,215", "Net Income from Continuing Operation Net Minority Interest": "190,830", "Total Unusual Items Excluding Goodwill": "13,989", "Total Unusual Items": "13,989", "Tax Rate for Calcs": "0", "Tax Effect of Unusual Items": "1,203"}}, "bs": {"12/31/2020": {"Duration": "12/31/2020", "Total Assets": "22,960,622", "Total Liabilities Net Minority Interest": "19,987,966", "Total Equity Gross Minority Interest": "2,972,656", "Total Capitalization": "5,205,065", "Common Stock Equity": "2,972,656", "Capital Lease Obligations": "98,411", "Net Tangible Assets": "1,889,648", "Invested Capital": "5,205,065", "Tangible Book Value": "1,889,648", "Total Debt": "2,330,820", "Net Debt": "1,642,697", "Share Issued": "165,367", "Ordinary Shares Number": "165,367"}, "12/31/2019": {"Duration": "12/31/2019", "Total Assets": "20,411,667", "Total Liabilities Net Minority Interest": "17,559,214", "Total Equity Gross Minority Interest": "2,852,453", "Total Capitalization": "4,911,579", "Common Stock Equity": "2,852,453", "Capital Lease Obligations": "106,906", "Net Tangible Assets": "1,729,986", "Invested Capital": "4,911,579", "Tangible Book Value": "1,729,986", "Total Debt": "2,166,032", "Net Debt": "1,782,789", "Share Issued": "169,616", "Ordinary Shares Number": "169,616"}, "12/31/2018": {"Duration": "12/31/2018", "Total Assets": "19,728,435", "Total Liabilities Net Minority Interest": "17,038,865", "Total Equity Gross Minority Interest": "2,689,570", "Total Capitalization": "4,545,672", "Common Stock Equity": "2,689,570", "Capital Lease Obligations": "5,262", "Net Tangible Assets": "1,551,799", "Invested Capital": "4,545,672", "Tangible Book Value": "1,551,799", "Total Debt": "1,861,364", "Net Debt": "1,538,937", "Share Issued": "175,141", "Ordinary Shares Number": "175,141"}}, "cf": {"TTM": {"Duration": "TTM", "Operating Cash Flow": "-", "Investing Cash Flow": "-", "Financing Cash Flow": "-", "End Cash Position": "-", "Capital Expenditure": "-", "Issuance of Capital Stock": "-", "Issuance of Debt": "-", "Repayment of Debt": "-", "Repurchase of Capital Stock": "-", "Free Cash Flow": "-"}, "12/31/2020": {"Duration": "12/31/2020", "Operating Cash Flow": "219,820", "Investing Cash Flow": "-2,141,452", "Financing Cash Flow": "2,235,007", "End Cash Position": "589,712", "Capital Expenditure": "-30,871", "Issuance of Capital Stock": "577", "Issuance of Debt": "954,171", "Repayment of Debt": "-782,629", "Repurchase of Capital Stock": "-82,358", "Free Cash Flow": "188,949"}, "12/31/2019": {"Duration": "12/31/2019", "Operating Cash Flow": "233,756", "Investing Cash Flow": "-525,404", "Financing Cash Flow": "250,820", "End Cash Position": "276,337", "Capital Expenditure": "-37,423", "Issuance of Capital Stock": "567", "Issuance of Debt": "570,623", "Repayment of Debt": "-377,978", "Repurchase of Capital Stock": "-102,413", "Free Cash Flow": "196,333"}, "12/31/2018": {"Duration": "12/31/2018", "Operating Cash Flow": "234,407", "Investing Cash Flow": "-271,416", "Financing Cash Flow": "63,742", "End Cash Position": "317,165", "Capital Expenditure": "-33,391", "Issuance of Capital Stock": "497", "Issuance of Debt": "993,495", "Repayment of Debt": "-1,001,888", "Repurchase of Capital Stock": "-1,805", "Free Cash Flow": "201,016"}}}}, {"FFBC": {"quote": {"03/28/2021": {"value": "24.89", "Market Cap": "2.424B", "Beta (5Y Monthly)": "1.22", "PE Ratio (TTM)": "15.65", "EPS (TTM)": "1.59", "Earnings Date": "Apr 19, 2021 - Apr 23, 2021", "Forward Dividend & Yield": "0.92 (3.70%)", "Ex-Dividend Date": "Feb 26, 2021", "1y Target Est": "21.40"}}, "fin": {"TTM": {"Duration": "TTM", "Total Revenue": "645,634", "Credit Losses Provision": "-70,559", "Non Interest Expense": "383,407", "Special Income Charges": "-7,257", "Pretax Income": "184,411", "Tax Provision": "28,601", "Net Income Common Stockholders": "155,810", "Diluted NI Available to Com Stockholders": "155,810", "Basic EPS": "-", "Diluted EPS": "-", "Basic Average Shares": "-", "Diluted Average Shares": "-", "INTEREST_INCOME_AFTER_PROVISION_FOR_LOAN_LOSS": "385,952", "Net Income from Continuing & Discontinued Operation": "155,810", "Normalized Income": "161,942", "Reconciled Depreciation": "33,337", "Net Income from Continuing Operation Net Minority Interest": "155,810", "Total Unusual Items Excluding Goodwill": "-7,257", "Total Unusual Items": "-7,257", "Tax Rate for Calcs": "0", "Tax Effect of Unusual Items": "-1,125"}, "12/31/2020": {"Duration": "12/31/2020", "Total Revenue": "645,634", "Credit Losses Provision": "-70,559", "Non Interest Expense": "383,407", "Special Income Charges": "-7,257", "Pretax Income": "184,411", "Tax Provision": "28,601", "Net Income Common Stockholders": "155,810", "Diluted NI Available to Com Stockholders": "155,810", "Basic EPS": "-", "Diluted EPS": "-", "Basic Average Shares": "-", "Diluted Average Shares": "-", "INTEREST_INCOME_AFTER_PROVISION_FOR_LOAN_LOSS": "385,952", "Net Income from Continuing & Discontinued Operation": "155,810", "Normalized Income": "161,942", "Reconciled Depreciation": "33,337", "Net Income from Continuing Operation Net Minority Interest": "155,810", "Total Unusual Items Excluding Goodwill": "-7,257", "Total Unusual Items": "-7,257", "Tax Rate for Calcs": "0", "Tax Effect of Unusual Items": "-1,125"}, "12/31/2019": {"Duration": "12/31/2019", "Total Revenue": "615,627", "Credit Losses Provision": "-30,598", "Non Interest Expense": "342,167", "Special Income Charges": "-", "Pretax Income": "242,862", "Tax Provision": "44,787", "Net Income Common Stockholders": "198,075", "Diluted NI Available to Com Stockholders": "198,075", "Basic EPS": "2.01", "Diluted EPS": "2.00", "Basic Average Shares": "98,306", "Diluted Average Shares": "98,851", "INTEREST_INCOME_AFTER_PROVISION_FOR_LOAN_LOSS": "453,656", "Net Income from Continuing & Discontinued Operation": "198,075", "Normalized Income": "198,075", "Reconciled Depreciation": "28,138", "Net Income from Continuing Operation Net Minority Interest": "198,075", "Total Unusual Items Excluding Goodwill": "-", "Total Unusual Items": "-", "Tax Rate for Calcs": "0", "Tax Effect of Unusual Items": "0"}, "12/31/2018": {"Duration": "12/31/2018", "Total Revenue": "552,617", "Credit Losses Provision": "-14,586", "Non Interest Expense": "323,810", "Special Income Charges": "-", "Pretax Income": "214,221", "Tax Provision": "41,626", "Net Income Common Stockholders": "172,595", "Diluted NI Available to Com Stockholders": "172,595", "Basic EPS": "1.95", "Diluted EPS": "1.93", "Basic Average Shares": "88,582", "Diluted Average Shares": "89,614", "INTEREST_INCOME_AFTER_PROVISION_FOR_LOAN_LOSS": "434,649", "Net Income from Continuing & Discontinued Operation": "172,595", "Normalized Income": "172,595", "Reconciled Depreciation": "24,171", "Net Income from Continuing Operation Net Minority Interest": "172,595", "Total Unusual Items Excluding Goodwill": "-373", "Total Unusual Items": "-373", "Tax Rate for Calcs": "0", "Tax Effect of Unusual Items": "0"}}, "bs": {"12/31/2020": {"Duration": "12/31/2020", "Total Assets": "15,973,134", "Total Liabilities Net Minority Interest": "13,691,064", "Total Equity Gross Minority Interest": "2,282,070", "Total Capitalization": "3,056,412", "Common Stock Equity": "2,282,070", "Capital Lease Obligations": "1,860", "Net Tangible Assets": "1,279,747", "Invested Capital": "3,056,412", "Tangible Book Value": "1,279,747", "Total Debt": "776,202", "Net Debt": "522,983", "Share Issued": "104,282", "Ordinary Shares Number": "98,022", "Treasury Shares Number": "6,260"}, "12/31/2019": {"Duration": "12/31/2019", "Total Assets": "14,511,625", "Total Liabilities Net Minority Interest": "12,263,920", "Total Equity Gross Minority Interest": "2,247,705", "Total Capitalization": "2,660,868", "Common Stock Equity": "2,247,705", "Capital Lease Obligations": "1,213", "Net Tangible Assets": "1,233,733", "Invested Capital": "3,811,868", "Tangible Book Value": "1,233,733", "Total Debt": "1,565,376", "Net Debt": "1,306,524", "Share Issued": "104,282", "Ordinary Shares Number": "98,491", "Treasury Shares Number": "5,791"}, "12/31/2018": {"Duration": "12/31/2018", "Total Assets": "13,986,660", "Total Liabilities Net Minority Interest": "11,908,411", "Total Equity Gross Minority Interest": "2,078,249", "Total Capitalization": "2,648,988", "Common Stock Equity": "2,078,249", "Capital Lease Obligations": "-", "Net Tangible Assets": "1,157,193", "Invested Capital": "3,506,088", "Tangible Book Value": "1,157,193", "Total Debt": "1,427,839", "Net Debt": "1,153,880", "Share Issued": "104,282", "Ordinary Shares Number": "97,894", "Treasury Shares Number": "6,388"}}, "cf": {"TTM": {"Duration": "TTM", "Operating Cash Flow": "109,888", "Investing Cash Flow": "-1,204,871", "Financing Cash Flow": "1,125,346", "End Cash Position": "231,054", "Income Tax Paid Supplemental Data": "32,579", "Interest Paid Supplemental Data": "75,884", "Capital Expenditure": "-16,466", "Issuance of Debt": "1,040,975", "Repayment of Debt": "-681,511", "Repurchase of Capital Stock": "-16,686", "Free Cash Flow": "93,422"}, "12/31/2020": {"Duration": "12/31/2020", "Operating Cash Flow": "109,888", "Investing Cash Flow": "-1,204,871", "Financing Cash Flow": "1,125,346", "End Cash Position": "231,054", "Income Tax Paid Supplemental Data": "32,579", "Interest Paid Supplemental Data": "75,884", "Capital Expenditure": "-16,466", "Issuance of Debt": "1,040,975", "Repayment of Debt": "-681,511", "Repurchase of Capital Stock": "-16,686", "Free Cash Flow": "93,422"}, "12/31/2019": {"Duration": "12/31/2019", "Operating Cash Flow": "186,329", "Investing Cash Flow": "-252,424", "Financing Cash Flow": "30,565", "End Cash Position": "200,691", "Income Tax Paid Supplemental Data": "27,497", "Interest Paid Supplemental Data": "121,779", "Capital Expenditure": "-20,934", "Issuance of Debt": "0", "Repayment of Debt": "-159,653", "Repurchase of Capital Stock": "-66,218", "Free Cash Flow": "165,395"}, "12/31/2018": {"Duration": "12/31/2018", "Operating Cash Flow": "261,398", "Investing Cash Flow": "-205,837", "Financing Cash Flow": "30,010", "End Cash Position": "236,221", "Income Tax Paid Supplemental Data": "16,004", "Interest Paid Supplemental Data": "84,125", "Capital Expenditure": "-18,228", "Issuance of Debt": "150,000", "Repayment of Debt": "-52,460", "Repurchase of Capital Stock": "-", "Free Cash Flow": "243,170"}}}}, {"NBHC": {"quote": {"03/28/2021": {"value": "41.19", "Market Cap": "1.262B", "Beta (5Y Monthly)": "1.03", "PE Ratio (TTM)": "14.45", "EPS (TTM)": "2.85", "Earnings Date": "Apr 19, 2021 - Apr 23, 2021", "Forward Dividend & Yield": "0.84 (2.04%)", "Ex-Dividend Date": "Feb 25, 2021", "1y Target Est": "38.60"}}, "fin": {"TTM": {"Duration": "TTM", "Total Revenue": "328,854", "Credit Losses Provision": "-17,630", "Non Interest Expense": "199,479", "Special Income Charges": "-2,348", "Other Non Operating Income Expenses": "5,103", "Pretax Income": "109,397", "Tax Provision": "20,806", "Net Income Common Stockholders": "88,461", "Diluted NI Available to Com Stockholders": "88,461", "Basic EPS": "-", "Diluted EPS": "-", "Basic Average Shares": "-", "Diluted Average Shares": "-", "INTEREST_INCOME_AFTER_PROVISION_FOR_LOAN_LOSS": "174,159", "Net Income from Continuing & Discontinued Operation": "88,591", "Normalized Income": "90,149", "Total Money Market Investments": "314", "Reconciled Depreciation": "14,449", "Net Income from Continuing Operation Net Minority Interest": "88,591", "Total Unusual Items Excluding Goodwill": "-1,923", "Total Unusual Items": "-1,923", "Tax Rate for Calcs": "0", "Tax Effect of Unusual Items": "-365.37"}, "12/31/2020": {"Duration": "12/31/2020", "Total Revenue": "328,854", "Credit Losses Provision": "-17,630", "Non Interest Expense": "199,479", "Special Income Charges": "-2,348", "Other Non Operating Income Expenses": "5,103", "Pretax Income": "109,397", "Tax Provision": "20,806", "Net Income Common Stockholders": "88,461", "Diluted NI Available to Com Stockholders": "88,461", "Basic EPS": "2.87", "Diluted EPS": "2.85", "Basic Average Shares": "30,785", "Diluted Average Shares": "31,033", "INTEREST_INCOME_AFTER_PROVISION_FOR_LOAN_LOSS": "174,159", "Net Income from Continuing & Discontinued Operation": "88,591", "Normalized Income": "90,149", "Total Money Market Investments": "314", "Reconciled Depreciation": "14,449", "Net Income from Continuing Operation Net Minority Interest": "88,591", "Total Unusual Items Excluding Goodwill": "-1,923", "Total Unusual Items": "-1,923", "Tax Rate for Calcs": "0", "Tax Effect of Unusual Items": "-365.37"}, "12/31/2019": {"Duration": "12/31/2019", "Total Revenue": "290,995", "Credit Losses Provision": "-11,643", "Non Interest Expense": "183,158", "Special Income Charges": "-", "Other Non Operating Income Expenses": "5,065", "Pretax Income": "96,194", "Tax Provision": "15,829", "Net Income Common Stockholders": "80,271", "Diluted NI Available to Com Stockholders": "80,271", "Basic EPS": "2.57", "Diluted EPS": "2.55", "Basic Average Shares": "31,300", "Diluted Average Shares": "31,526", "INTEREST_INCOME_AFTER_PROVISION_FOR_LOAN_LOSS": "192,417", "Net Income from Continuing & Discontinued Operation": "80,365", "Normalized Income": "74,261", "Total Money Market Investments": "698", "Reconciled Depreciation": "15,038", "Net Income from Continuing Operation Net Minority Interest": "80,365", "Total Unusual Items Excluding Goodwill": "7,508", "Total Unusual Items": "7,508", "Tax Rate for Calcs": "0", "Tax Effect of Unusual Items": "1,404"}, "12/31/2018": {"Duration": "12/31/2018", "Total Revenue": "263,247", "Credit Losses Provision": "-5,197", "Non Interest Expense": "184,369", "Special Income Charges": "-", "Other Non Operating Income Expenses": "-", "Pretax Income": "73,681", "Tax Provision": "12,230", "Net Income Common Stockholders": "61,381", "Diluted NI Available to Com Stockholders": "61,381", "Basic EPS": "2.00", "Diluted EPS": "1.95", "Basic Average Shares": "30,888", "Diluted Average Shares": "31,492", "INTEREST_INCOME_AFTER_PROVISION_FOR_LOAN_LOSS": "191,144", "Net Income from Continuing & Discontinued Operation": "61,451", "Normalized Income": "60,279", "Total Money Market Investments": "1,425", "Reconciled Depreciation": "11,522", "Net Income from Continuing Operation Net Minority Interest": "61,451", "Total Unusual Items Excluding Goodwill": "1,405", "Total Unusual Items": "1,405", "Tax Rate for Calcs": "0", "Tax Effect of Unusual Items": "233.2101"}}, "bs": {"12/31/2020": {"Duration": "12/31/2020", "Total Assets": "6,659,950", "Total Liabilities Net Minority Interest": "5,839,259", "Total Equity Gross Minority Interest": "820,691", "Total Capitalization": "-", "Common Stock Equity": "820,691", "Net Tangible Assets": "687,736", "Invested Capital": "-", "Tangible Book Value": "687,736", "Total Debt": "-", "Net Debt": "-", "Share Issued": "51,321", "Ordinary Shares Number": "30,634", "Treasury Shares Number": "20,687"}, "12/31/2019": {"Duration": "12/31/2019", "Total Assets": "5,895,512", "Total Liabilities Net Minority Interest": "5,128,592", "Total Equity Gross Minority Interest": "766,920", "Total Capitalization": "974,595", "Common Stock Equity": "766,920", "Net Tangible Assets": "640,532", "Invested Capital": "974,595", "Tangible Book Value": "640,532", "Total Debt": "207,675", "Net Debt": "97,485", "Share Issued": "51,366", "Ordinary Shares Number": "31,177", "Treasury Shares Number": "20,189"}, "12/31/2018": {"Duration": "12/31/2018", "Total Assets": "5,676,666", "Total Liabilities Net Minority Interest": "4,981,660", "Total Equity Gross Minority Interest": "695,006", "Total Capitalization": "996,666", "Common Stock Equity": "695,006", "Net Tangible Assets": "566,509", "Invested Capital": "996,666", "Tangible Book Value": "566,509", "Total Debt": "301,660", "Net Debt": "192,104", "Share Issued": "51,352", "Ordinary Shares Number": "30,769", "Treasury Shares Number": "20,582"}}, "cf": {"TTM": {"Duration": "TTM", "Operating Cash Flow": "-9,868", "Investing Cash Flow": "-148,935", "Financing Cash Flow": "654,178", "End Cash Position": "615,565", "Income Tax Paid Supplemental Data": "22,111", "Interest Paid Supplemental Data": "27,622", "Capital Expenditure": "-4,352", "Issuance of Debt": "947,431", "Repayment of Debt": "-1,155,106", "Repurchase of Capital Stock": "-19,476", "Free Cash Flow": "-14,220"}, "12/31/2020": {"Duration": "12/31/2020", "Operating Cash Flow": "-9,868", "Investing Cash Flow": "-148,935", "Financing Cash Flow": "654,178", "End Cash Position": "615,565", "Income Tax Paid Supplemental Data": "22,111", "Interest Paid Supplemental Data": "27,622", "Capital Expenditure": "-4,352", "Issuance of Debt": "947,431", "Repayment of Debt": "-1,155,106", "Repurchase of Capital Stock": "-19,476", "Free Cash Flow": "-14,220"}, "12/31/2019": {"Duration": "12/31/2019", "Operating Cash Flow": "42,476", "Investing Cash Flow": "-113,285", "Financing Cash Flow": "71,443", "End Cash Position": "120,190", "Income Tax Paid Supplemental Data": "9,271", "Interest Paid Supplemental Data": "34,458", "Capital Expenditure": "-11,204", "Issuance of Debt": "1,477,447", "Repayment of Debt": "-1,571,432", "Repurchase of Capital Stock": "-", "Free Cash Flow": "31,272"}, "12/31/2018": {"Duration": "12/31/2018", "Operating Cash Flow": "73,574", "Investing Cash Flow": "-102,017", "Financing Cash Flow": "-109,365", "End Cash Position": "119,556", "Income Tax Paid Supplemental Data": "2,345", "Interest Paid Supplemental Data": "22,714", "Capital Expenditure": "-6,277", "Issuance of Debt": "889,416", "Repayment of Debt": "-750,696", "Repurchase of Capital Stock": "0", "Free Cash Flow": "67,297"}}}}, {"FMBI": {"quote": {"03/28/2021": {"value": "22.53", "Market Cap": "2.583B", "Beta (5Y Monthly)": "1.30", "PE Ratio (TTM)": "25.90", "EPS (TTM)": "0.87", "Earnings Date": "Apr 28, 2021 - May 03, 2021", "Forward Dividend & Yield": "0.56 (2.49%)", "Ex-Dividend Date": "Mar 25, 2021", "1y Target Est": "20.25"}}, "fin": {"TTM": {"Duration": "TTM", "Total Revenue": "724,283", "Credit Losses Provision": "-65,181", "Non Interest Expense": "479,565", "Special Income Charges": "-8,235", "Pretax Income": "171,302", "Tax Provision": "37,987", "Net Income Common Stockholders": "118,884", "Diluted NI Available to Com Stockholders": "118,884", "Basic EPS": "-", "Diluted EPS": "-", "Basic Average Shares": "-", "Diluted Average Shares": "-", "INTEREST_INCOME_AFTER_PROVISION_FOR_LOAN_LOSS": "512,008", "Net Income from Continuing & Discontinued Operation": "133,315", "Normalized Income": "139,724", "Reconciled Depreciation": "-", "Net Income from Continuing Operation Net Minority Interest": "133,315", "Total Unusual Items Excluding Goodwill": "-8,235", "Total Unusual Items": "-8,235", "Tax Rate for Calcs": "0", "Tax Effect of Unusual Items": "-1,826"}, "12/31/2020": {"Duration": "12/31/2020", "Total Revenue": "720,302", "Credit Losses Provision": "-98,615", "Non Interest Expense": "473,244", "Special Income Charges": "-13,462", "Pretax Income": "134,981", "Tax Provision": "27,083", "Net Income Common Stockholders": "97,795", "Diluted NI Available to Com Stockholders": "97,795", "Basic EPS": "0.87", "Diluted EPS": "0.87", "Basic Average Shares": "112,355", "Diluted Average Shares": "112,702", "INTEREST_INCOME_AFTER_PROVISION_FOR_LOAN_LOSS": "481,034", "Net Income from Continuing & Discontinued Operation": "107,898", "Normalized Income": "118,654", "Reconciled Depreciation": "27,658", "Net Income from Continuing Operation Net Minority Interest": "107,898", "Total Unusual Items Excluding Goodwill": "-13,462", "Total Unusual Items": "-13,462", "Tax Rate for Calcs": "0", "Tax Effect of Unusual Items": "-2,706"}, "12/31/2019": {"Duration": "12/31/2019", "Total Revenue": "751,361", "Credit Losses Provision": "-44,027", "Non Interest Expense": "419,535", "Special Income Charges": "-21,860", "Pretax Income": "265,939", "Tax Provision": "66,201", "Net Income Common Stockholders": "198,057", "Diluted NI Available to Com Stockholders": "198,057", "Basic EPS": "1.83", "Diluted EPS": "1.82", "Basic Average Shares": "108,156", "Diluted Average Shares": "108,584", "INTEREST_INCOME_AFTER_PROVISION_FOR_LOAN_LOSS": "544,455", "Net Income from Continuing & Discontinued Operation": "199,738", "Normalized Income": "216,157", "Reconciled Depreciation": "26,847", "Net Income from Continuing Operation Net Minority Interest": "199,738", "Total Unusual Items Excluding Goodwill": "-21,860", "Total Unusual Items": "-21,860", "Tax Rate for Calcs": "0", "Tax Effect of Unusual Items": "-5,441"}, "12/31/2018": {"Duration": "12/31/2018", "Total Revenue": "661,214", "Credit Losses Provision": "-47,854", "Non Interest Expense": "406,690", "Special Income Charges": "-9,613", "Pretax Income": "197,057", "Tax Provision": "39,187", "Net Income Common Stockholders": "156,558", "Diluted NI Available to Com Stockholders": "156,558", "Basic EPS": "1.52", "Diluted EPS": "1.52", "Basic Average Shares": "102,850", "Diluted Average Shares": "102,854", "INTEREST_INCOME_AFTER_PROVISION_FOR_LOAN_LOSS": "468,768", "Net Income from Continuing & Discontinued Operation": "157,870", "Normalized Income": "165,570", "Reconciled Depreciation": "23,309", "Net Income from Continuing Operation Net Minority Interest": "157,870", "Total Unusual Items Excluding Goodwill": "-9,613", "Total Unusual Items": "-9,613", "Tax Rate for Calcs": "0", "Tax Effect of Unusual Items": "-1,913"}}, "bs": {"12/31/2020": {"Duration": "12/31/2020", "Total Assets": "20,838,678", "Total Liabilities Net Minority Interest": "18,148,672", "Total Equity Gross Minority Interest": "2,690,006", "Total Capitalization": "4,329,302", "Preferred Stock Equity": "230,500", "Common Stock Equity": "2,459,506", "Net Tangible Assets": "1,757,242", "Invested Capital": "4,098,802", "Tangible Book Value": "1,526,742", "Total Debt": "1,639,296", "Net Debt": "522,052", "Share Issued": "125,367", "Ordinary Shares Number": "114,296", "Treasury Shares Number": "11,071"}, "12/31/2019": {"Duration": "12/31/2019", "Total Assets": "17,850,397", "Total Liabilities Net Minority Interest": "15,479,604", "Total Equity Gross Minority Interest": "2,370,793", "Total Capitalization": "3,999,984", "Preferred Stock Equity": "-", "Common Stock Equity": "2,370,793", "Net Tangible Assets": "1,495,531", "Invested Capital": "3,999,984", "Tangible Book Value": "1,495,531", "Total Debt": "1,629,191", "Net Debt": "1,329,970", "Share Issued": "120,415", "Ordinary Shares Number": "109,972", "Treasury Shares Number": "10,443"}, "12/31/2018": {"Duration": "12/31/2018", "Total Assets": "15,505,649", "Total Liabilities Net Minority Interest": "13,450,651", "Total Equity Gross Minority Interest": "2,054,998", "Total Capitalization": "3,043,806", "Preferred Stock Equity": "-", "Common Stock Equity": "2,054,998", "Net Tangible Assets": "1,264,254", "Invested Capital": "3,043,806", "Tangible Book Value": "1,264,254", "Total Debt": "988,808", "Net Debt": "699,550", "Share Issued": "115,672", "Ordinary Shares Number": "106,375", "Treasury Shares Number": "9,297"}}, "cf": {"TTM": {"Duration": "TTM", "Operating Cash Flow": "-", "Investing Cash Flow": "-", "Financing Cash Flow": "-", "End Cash Position": "-", "Income Tax Paid Supplemental Data": "-", "Interest Paid Supplemental Data": "-", "Capital Expenditure": "-", "Issuance of Capital Stock": "-", "Issuance of Debt": "-", "Repayment of Debt": "-", "Repurchase of Capital Stock": "-", "Free Cash Flow": "-"}, "12/31/2020": {"Duration": "12/31/2020", "Operating Cash Flow": "135,041", "Investing Cash Flow": "-1,095,409", "Financing Cash Flow": "1,778,391", "End Cash Position": "1,117,244", "Income Tax Paid Supplemental Data": "40,276", "Interest Paid Supplemental Data": "77,345", "Capital Expenditure": "-11,279", "Issuance of Capital Stock": "221,187", "Issuance of Debt": "-", "Repayment of Debt": "-123,876", "Repurchase of Capital Stock": "-22,557", "Free Cash Flow": "123,762"}, "12/31/2019": {"Duration": "12/31/2019", "Operating Cash Flow": "227,109", "Investing Cash Flow": "-1,054,193", "Financing Cash Flow": "837,047", "End Cash Position": "299,221", "Income Tax Paid Supplemental Data": "48,899", "Interest Paid Supplemental Data": "109,760", "Capital Expenditure": "-20,330", "Issuance of Capital Stock": "-", "Issuance of Debt": "750,933", "Repayment of Debt": "-", "Repurchase of Capital Stock": "-33,928", "Free Cash Flow": "206,779"}, "12/31/2018": {"Duration": "12/31/2018", "Operating Cash Flow": "253,184", "Investing Cash Flow": "-1,002,386", "Financing Cash Flow": "691,890", "End Cash Position": "289,258", "Income Tax Paid Supplemental Data": "1,108", "Interest Paid Supplemental Data": "60,569", "Capital Expenditure": "-27,800", "Issuance of Capital Stock": "-", "Issuance of Debt": "172,977", "Repayment of Debt": "0", "Repurchase of Capital Stock": "-", "Free Cash Flow": "225,384"}}}}, {"CBSH": {"quote": {"03/28/2021": {"value": "78.33", "Market Cap": "9.171B", "Beta (5Y Monthly)": "0.98", "PE Ratio (TTM)": "26.95", "EPS (TTM)": "2.91", "Earnings Date": "Apr 26, 2021 - Apr 30, 2021", "Forward Dividend & Yield": "1.05 (1.34%)", "Ex-Dividend Date": "Mar 08, 2021", "1y Target Est": "68.00"}}, "fin": {"TTM": {"Duration": "TTM", "Total Revenue": "1,386,965", "Credit Losses Provision": "-73,005", "Non Interest Expense": "767,253", "Pretax Income": "546,707", "Tax Provision": "109,196", "Net Income Common Stockholders": "420,711", "Average Dilution Earnings": "-", "Diluted NI Available to Com Stockholders": "420,714", "Basic EPS": "-", "Diluted EPS": "-", "Basic Average Shares": "-", "Diluted Average Shares": "-", "INTEREST_INCOME_AFTER_PROVISION_FOR_LOAN_LOSS": "761,525", "Net Income from Continuing & Discontinued Operation": "433,172", "Normalized Income": "433,172", "Total Money Market Investments": "-", "Reconciled Depreciation": "-", "Net Income from Continuing Operation Net Minority Interest": "433,172", "Tax Rate for Calcs": "0", "Tax Effect of Unusual Items": "0"}, "12/31/2020": {"Duration": "12/31/2020", "Total Revenue": "1,346,746", "Credit Losses Provision": "-137,190", "Non Interest Expense": "768,378", "Pretax Income": "441,178", "Tax Provision": "87,293", "Net Income Common Stockholders": "338,876", "Average Dilution Earnings": "4", "Diluted NI Available to Com Stockholders": "338,880", "Basic EPS": "-", "Diluted EPS": "-", "Basic Average Shares": "-", "Diluted Average Shares": "-", "INTEREST_INCOME_AFTER_PROVISION_FOR_LOAN_LOSS": "692,657", "Net Income from Continuing & Discontinued Operation": "354,057", "Normalized Income": "354,057", "Total Money Market Investments": "42,923", "Reconciled Depreciation": "43,769", "Net Income from Continuing Operation Net Minority Interest": "354,057", "Tax Rate for Calcs": "0", "Tax Effect of Unusual Items": "0"}, "12/31/2019": {"Duration": "12/31/2019", "Total Revenue": "1,349,622", "Credit Losses Provision": "-50,438", "Non Interest Expense": "767,398", "Pretax Income": "531,786", "Tax Provision": "109,074", "Net Income Common Stockholders": "408,212", "Average Dilution Earnings": "7", "Diluted NI Available to Com Stockholders": "408,219", "Basic EPS": "3.42", "Diluted EPS": "3.41", "Basic Average Shares": "120,569", "Diluted Average Shares": "120,569", "INTEREST_INCOME_AFTER_PROVISION_FOR_LOAN_LOSS": "770,855", "Net Income from Continuing & Discontinued Operation": "421,231", "Normalized Income": "421,231", "Total Money Market Investments": "22,651", "Reconciled Depreciation": "41,145", "Net Income from Continuing Operation Net Minority Interest": "421,231", "Tax Rate for Calcs": "0", "Tax Effect of Unusual Items": "0"}, "12/31/2018": {"Duration": "12/31/2018", "Total Revenue": "1,324,678", "Credit Losses Provision": "-42,694", "Non Interest Expense": "737,821", "Pretax Income": "544,163", "Tax Provision": "105,949", "Net Income Common Stockholders": "419,984", "Average Dilution Earnings": "-4,547", "Diluted NI Available to Com Stockholders": "419,995", "Basic EPS": "3.44", "Diluted EPS": "3.43", "Basic Average Shares": "123,498", "Diluted Average Shares": "123,498", "INTEREST_INCOME_AFTER_PROVISION_FOR_LOAN_LOSS": "781,131", "Net Income from Continuing & Discontinued Operation": "433,542", "Normalized Income": "433,542", "Total Money Market Investments": "22,633", "Reconciled Depreciation": "38,679", "Net Income from Continuing Operation Net Minority Interest": "433,542", "Tax Rate for Calcs": "0", "Tax Effect of Unusual Items": "0"}}, "bs": {"12/31/2020": {"Duration": "12/31/2020", "Total Assets": "32,922,974", "Total Liabilities Net Minority Interest": "29,523,002", "Total Equity Gross Minority Interest": "3,399,972", "Total Capitalization": "3,397,849", "Preferred Stock Equity": "-", "Common Stock Equity": "3,397,047", "Net Tangible Assets": "3,246,919", "Invested Capital": "3,397,849", "Tangible Book Value": "3,246,919", "Total Debt": "802", "Share Issued": "117,870", "Ordinary Shares Number": "117,373", "Preferred Shares Number": "-", "Treasury Shares Number": "497.413"}, "12/31/2019": {"Duration": "12/31/2019", "Total Assets": "26,065,789", "Total Liabilities Net Minority Interest": "22,927,317", "Total Equity Gross Minority Interest": "3,138,472", "Total Capitalization": "3,137,102", "Preferred Stock Equity": "144,784", "Common Stock Equity": "2,989,900", "Net Tangible Assets": "2,986,229", "Invested Capital": "2,992,318", "Tangible Book Value": "2,841,445", "Total Debt": "2,418", "Share Issued": "118,435", "Ordinary Shares Number": "117,967", "Preferred Shares Number": "6,000", "Treasury Shares Number": "468.249"}, "12/31/2018": {"Duration": "12/31/2018", "Total Assets": "25,463,842", "Total Liabilities Net Minority Interest": "22,526,693", "Total Equity Gross Minority Interest": "2,937,149", "Total Capitalization": "2,940,000", "Preferred Stock Equity": "144,784", "Common Stock Equity": "2,786,514", "Net Tangible Assets": "2,783,583", "Invested Capital": "2,795,216", "Tangible Book Value": "2,638,799", "Total Debt": "8,702", "Share Issued": "123,102", "Ordinary Shares Number": "122,519", "Preferred Shares Number": "6,000", "Treasury Shares Number": "582.855"}}, "cf": {"TTM": {"Duration": "TTM", "Operating Cash Flow": "-", "Investing Cash Flow": "-", "Financing Cash Flow": "-", "End Cash Position": "-", "Income Tax Paid Supplemental Data": "-", "Interest Paid Supplemental Data": "-", "Capital Expenditure": "-", "Repayment of Debt": "-", "Repurchase of Capital Stock": "-", "Free Cash Flow": "-"}, "12/31/2020": {"Duration": "12/31/2020", "Operating Cash Flow": "623,992", "Investing Cash Flow": "-5,390,504", "Financing Cash Flow": "6,067,032", "End Cash Position": "2,208,328", "Income Tax Paid Supplemental Data": "90,066", "Interest Paid Supplemental Data": "52,245", "Capital Expenditure": "-33,134", "Repayment of Debt": "-1,616", "Repurchase of Capital Stock": "-204,163", "Free Cash Flow": "590,858"}, "12/31/2019": {"Duration": "12/31/2019", "Operating Cash Flow": "512,794", "Investing Cash Flow": "-730,165", "Financing Cash Flow": "-84,061", "End Cash Position": "907,808", "Income Tax Paid Supplemental Data": "76,168", "Interest Paid Supplemental Data": "97,806", "Capital Expenditure": "-42,575", "Repayment of Debt": "-", "Repurchase of Capital Stock": "-284,904", "Free Cash Flow": "470,219"}, "12/31/2018": {"Duration": "12/31/2018", "Operating Cash Flow": "552,660", "Investing Cash Flow": "-91,024", "Financing Cash Flow": "223,252", "End Cash Position": "1,209,240", "Income Tax Paid Supplemental Data": "84,172", "Interest Paid Supplemental Data": "63,239", "Capital Expenditure": "-33,294", "Repayment of Debt": "-", "Repurchase of Capital Stock": "-75,231", "Free Cash Flow": "519,366"}}}}, {"BUSE": {"quote": {"03/28/2021": {"value": "26.02", "Market Cap": "1.416B", "Beta (5Y Monthly)": "1.11", "PE Ratio (TTM)": "14.22", "EPS (TTM)": "1.83", "Earnings Date": "Apr 26, 2021 - Apr 30, 2021", "Forward Dividend & Yield": "0.92 (3.54%)", "Ex-Dividend Date": "Jan 21, 2021", "1y Target Est": "26.17"}}, "fin": {"TTM": {"Duration": "TTM", "Total Revenue": "401,200", "Credit Losses Provision": "-38,797", "Non Interest Expense": "234,197", "Pretax Income": "128,206", "Tax Provision": "27,862", "Net Income Common Stockholders": "100,344", "Diluted NI Available to Com Stockholders": "100,344", "Basic EPS": "-", "Diluted EPS": "-", "Basic Average Shares": "-", "Diluted Average Shares": "-", "INTEREST_INCOME_AFTER_PROVISION_FOR_LOAN_LOSS": "244,138", "Net Income from Continuing & Discontinued Operation": "100,344", "Normalized Income": "100,344", "Reconciled Depreciation": "27,948", "Net Income from Continuing Operation Net Minority Interest": "100,344", "Tax Rate for Calcs": "0", "Tax Effect of Unusual Items": "0"}, "12/31/2020": {"Duration": "12/31/2020", "Total Revenue": "401,200", "Credit Losses Provision": "-38,797", "Non Interest Expense": "234,197", "Pretax Income": "128,206", "Tax Provision": "27,862", "Net Income Common Stockholders": "100,344", "Diluted NI Available to Com Stockholders": "100,344", "Basic EPS": "-", "Diluted EPS": "-", "Basic Average Shares": "-", "Diluted Average Shares": "-", "INTEREST_INCOME_AFTER_PROVISION_FOR_LOAN_LOSS": "244,138", "Net Income from Continuing & Discontinued Operation": "100,344", "Normalized Income": "100,344", "Reconciled Depreciation": "27,948", "Net Income from Continuing Operation Net Minority Interest": "100,344", "Tax Rate for Calcs": "0", "Tax Effect of Unusual Items": "0"}, "12/31/2019": {"Duration": "12/31/2019", "Total Revenue": "403,638", "Credit Losses Provision": "-10,406", "Non Interest Expense": "258,794", "Pretax Income": "134,438", "Tax Provision": "31,485", "Net Income Common Stockholders": "102,953", "Diluted NI Available to Com Stockholders": "102,953", "Basic EPS": "1.88", "Diluted EPS": "1.87", "Basic Average Shares": "54,852", "Diluted Average Shares": "55,132", "INTEREST_INCOME_AFTER_PROVISION_FOR_LOAN_LOSS": "276,817", "Net Income from Continuing & Discontinued Operation": "102,953", "Normalized Income": "102,953", "Reconciled Depreciation": "24,136", "Net Income from Continuing Operation Net Minority Interest": "102,953", "Tax Rate for Calcs": "0", "Tax Effect of Unusual Items": "0"}, "12/31/2018": {"Duration": "12/31/2018", "Total Revenue": "331,399", "Credit Losses Provision": "-4,429", "Non Interest Expense": "193,043", "Pretax Income": "133,927", "Tax Provision": "34,999", "Net Income Common Stockholders": "98,928", "Diluted NI Available to Com Stockholders": "98,928", "Basic EPS": "2.02", "Diluted EPS": "2.01", "Basic Average Shares": "48,974", "Diluted Average Shares": "49,215", "INTEREST_INCOME_AFTER_PROVISION_FOR_LOAN_LOSS": "236,977", "Net Income from Continuing & Discontinued Operation": "98,928", "Normalized Income": "98,928", "Reconciled Depreciation": "15,410", "Net Income from Continuing Operation Net Minority Interest": "98,928", "Tax Rate for Calcs": "0", "Tax Effect of Unusual Items": "0"}}, "bs": {"12/31/2020": {"Duration": "12/31/2020", "Total Assets": "10,544,047", "Total Liabilities Net Minority Interest": "9,273,978", "Total Equity Gross Minority Interest": "1,270,069", "Total Capitalization": "1,568,329", "Common Stock Equity": "1,270,069", "Capital Lease Obligations": "7,757", "Net Tangible Assets": "906,548", "Invested Capital": "1,572,987", "Tangible Book Value": "906,548", "Total Debt": "310,675", "Net Debt": "-", "Share Issued": "55,911", "Ordinary Shares Number": "54,404", "Treasury Shares Number": "1,506"}, "12/31/2019": {"Duration": "12/31/2019", "Total Assets": "9,695,729", "Total Liabilities Net Minority Interest": "8,475,295", "Total Equity Gross Minority Interest": "1,220,434", "Total Capitalization": "1,474,264", "Common Stock Equity": "1,220,434", "Capital Lease Obligations": "9,552", "Net Tangible Assets": "847,305", "Invested Capital": "1,482,815", "Tangible Book Value": "847,305", "Total Debt": "271,933", "Net Debt": "-", "Share Issued": "55,911", "Ordinary Shares Number": "54,789", "Treasury Shares Number": "1,122"}, "12/31/2018": {"Duration": "12/31/2018", "Total Assets": "7,702,357", "Total Liabilities Net Minority Interest": "6,707,393", "Total Equity Gross Minority Interest": "994,964", "Total Capitalization": "1,214,805", "Common Stock Equity": "994,964", "Capital Lease Obligations": "-", "Net Tangible Assets": "694,406", "Invested Capital": "1,214,805", "Tangible Book Value": "694,406", "Total Debt": "219,841", "Net Debt": "-", "Share Issued": "49,186", "Ordinary Shares Number": "48,875", "Treasury Shares Number": "310.745"}}, "cf": {"TTM": {"Duration": "TTM", "Operating Cash Flow": "169,299", "Investing Cash Flow": "-735,664", "Financing Cash Flow": "725,614", "End Cash Position": "688,537", "Income Tax Paid Supplemental Data": "22,195", "Interest Paid Supplemental Data": "53,601", "Capital Expenditure": "-4,198", "Issuance of Debt": "146,634", "Repayment of Debt": "-106,711", "Repurchase of Capital Stock": "-12,272", "Free Cash Flow": "165,101"}, "12/31/2020": {"Duration": "12/31/2020", "Operating Cash Flow": "169,299", "Investing Cash Flow": "-735,664", "Financing Cash Flow": "725,614", "End Cash Position": "688,537", "Income Tax Paid Supplemental Data": "22,195", "Interest Paid Supplemental Data": "53,601", "Capital Expenditure": "-4,198", "Issuance of Debt": "146,634", "Repayment of Debt": "-106,711", "Repurchase of Capital Stock": "-12,272", "Free Cash Flow": "165,101"}, "12/31/2019": {"Duration": "12/31/2019", "Operating Cash Flow": "80,800", "Investing Cash Flow": "64,958", "Financing Cash Flow": "143,557", "End Cash Position": "529,288", "Income Tax Paid Supplemental Data": "24,725", "Interest Paid Supplemental Data": "70,577", "Capital Expenditure": "-13,240", "Issuance of Debt": "60,000", "Repayment of Debt": "-7,224", "Repurchase of Capital Stock": "-24,292", "Free Cash Flow": "67,560"}, "12/31/2018": {"Duration": "12/31/2018", "Operating Cash Flow": "202,547", "Investing Cash Flow": "-55,350", "Financing Cash Flow": "-260,496", "End Cash Position": "239,973", "Income Tax Paid Supplemental Data": "23,183", "Interest Paid Supplemental Data": "40,639", "Capital Expenditure": "-11,618", "Issuance of Debt": "0", "Repayment of Debt": "-5,500", "Repurchase of Capital Stock": "-", "Free Cash Flow": "190,929"}}}}, {"INBK": {"quote": {"03/28/2021": {"value": "36.40", "Market Cap": "357.566M", "Beta (5Y Monthly)": "0.77", "PE Ratio (TTM)": "12.17", "EPS (TTM)": "2.99", "Earnings Date": "Jan 21, 2021", "Forward Dividend & Yield": "0.24 (0.66%)", "Ex-Dividend Date": "Mar 30, 2021", "1y Target Est": "41.70"}}, "fin": {"TTM": {"Duration": "TTM", "Total Revenue": "106,577", "Credit Losses Provision": "-9,140", "Non Interest Expense": "55,449", "Special Income Charges": "-", "Pretax Income": "39,923", "Tax Provision": "6,039", "Net Income Common Stockholders": "33,884", "Diluted NI Available to Com Stockholders": "33,884", "Basic EPS": "-", "Diluted EPS": "-", "Basic Average Shares": "-", "Diluted Average Shares": "-", "INTEREST_INCOME_AFTER_PROVISION_FOR_LOAN_LOSS": "60,908", "Net Income from Continuing & Discontinued Operation": "33,884", "Normalized Income": "35,637", "Reconciled Depreciation": "-", "Net Income from Continuing Operation Net Minority Interest": "33,884", "Total Unusual Items Excluding Goodwill": "-2,065", "Total Unusual Items": "-2,065", "Tax Rate for Calcs": "0", "Tax Effect of Unusual Items": "-312.3647"}, "12/31/2020": {"Duration": "12/31/2020", "Total Revenue": "98,841", "Credit Losses Provision": "-9,325", "Non Interest Expense": "53,553", "Special Income Charges": "-2,065", "Pretax Income": "33,898", "Tax Provision": "4,445", "Net Income Common Stockholders": "29,453", "Diluted NI Available to Com Stockholders": "29,453", "Basic EPS": "-", "Diluted EPS": "-", "Basic Average Shares": "-", "Diluted Average Shares": "-", "INTEREST_INCOME_AFTER_PROVISION_FOR_LOAN_LOSS": "55,216", "Net Income from Continuing & Discontinued Operation": "29,453", "Normalized Income": "31,247", "Reconciled Depreciation": "7,831", "Net Income from Continuing Operation Net Minority Interest": "29,453", "Total Unusual Items Excluding Goodwill": "-2,065", "Total Unusual Items": "-2,065", "Tax Rate for Calcs": "0", "Tax Effect of Unusual Items": "-270.515"}, "12/31/2019": {"Duration": "12/31/2019", "Total Revenue": "78,614", "Credit Losses Provision": "-5,966", "Non Interest Expense": "45,492", "Special Income Charges": "0", "Pretax Income": "27,156", "Tax Provision": "1,917", "Net Income Common Stockholders": "25,239", "Diluted NI Available to Com Stockholders": "25,239", "Basic EPS": "2.51", "Diluted EPS": "2.51", "Basic Average Shares": "10,042", "Diluted Average Shares": "10,044", "INTEREST_INCOME_AFTER_PROVISION_FOR_LOAN_LOSS": "57,001", "Net Income from Continuing & Discontinued Operation": "25,239", "Normalized Income": "25,239", "Reconciled Depreciation": "7,655", "Net Income from Continuing Operation Net Minority Interest": "25,239", "Total Unusual Items Excluding Goodwill": "0", "Total Unusual Items": "0", "Tax Rate for Calcs": "0", "Tax Effect of Unusual Items": "0"}, "12/31/2018": {"Duration": "12/31/2018", "Total Revenue": "70,085", "Credit Losses Provision": "-3,892", "Non Interest Expense": "39,818", "Special Income Charges": "-2,423", "Pretax Income": "23,952", "Tax Provision": "2,052", "Net Income Common Stockholders": "21,900", "Diluted NI Available to Com Stockholders": "21,900", "Basic EPS": "2.31", "Diluted EPS": "2.30", "Basic Average Shares": "9,491", "Diluted Average Shares": "9,509", "INTEREST_INCOME_AFTER_PROVISION_FOR_LOAN_LOSS": "58,375", "Net Income from Continuing & Discontinued Operation": "21,900", "Normalized Income": "24,115", "Reconciled Depreciation": "5,667", "Net Income from Continuing Operation Net Minority Interest": "21,900", "Total Unusual Items Excluding Goodwill": "-2,423", "Total Unusual Items": "-2,423", "Tax Rate for Calcs": "0", "Tax Effect of Unusual Items": "-208.378"}}, "bs": {"12/31/2020": {"Duration": "12/31/2020", "Total Assets": "4,246,156", "Total Liabilities Net Minority Interest": "3,915,212", "Total Equity Gross Minority Interest": "330,944", "Total Capitalization": "925,463", "Common Stock Equity": "330,944", "Net Tangible Assets": "326,257", "Invested Capital": "925,463", "Tangible Book Value": "326,257", "Total Debt": "594,519", "Net Debt": "174,713", "Share Issued": "9,801", "Ordinary Shares Number": "9,801"}, "12/31/2019": {"Duration": "12/31/2019", "Total Assets": "4,100,083", "Total Liabilities Net Minority Interest": "3,795,170", "Total Equity Gross Minority Interest": "304,913", "Total Capitalization": "889,351", "Common Stock Equity": "304,913", "Net Tangible Assets": "300,226", "Invested Capital": "889,351", "Tangible Book Value": "300,226", "Total Debt": "584,438", "Net Debt": "257,077", "Share Issued": "9,742", "Ordinary Shares Number": "9,742"}, "12/31/2018": {"Duration": "12/31/2018", "Total Assets": "3,541,692", "Total Liabilities Net Minority Interest": "3,252,957", "Total Equity Gross Minority Interest": "288,735", "Total Capitalization": "847,763", "Common Stock Equity": "288,735", "Net Tangible Assets": "284,048", "Invested Capital": "847,763", "Tangible Book Value": "284,048", "Total Debt": "559,028", "Net Debt": "370,316", "Share Issued": "10,171", "Ordinary Shares Number": "10,171"}}, "cf": {"TTM": {"Duration": "TTM", "Operating Cash Flow": "-", "Investing Cash Flow": "-", "Financing Cash Flow": "-", "End Cash Position": "-", "Income Tax Paid Supplemental Data": "-", "Interest Paid Supplemental Data": "-", "Capital Expenditure": "-", "Issuance of Capital Stock": "-", "Issuance of Debt": "-", "Repayment of Debt": "-", "Repurchase of Capital Stock": "-", "Free Cash Flow": "-"}, "12/31/2020": {"Duration": "12/31/2020", "Operating Cash Flow": "13,068", "Investing Cash Flow": "-44,809", "Financing Cash Flow": "124,186", "End Cash Position": "419,806", "Income Tax Paid Supplemental Data": "5,912", "Interest Paid Supplemental Data": "74,646", "Capital Expenditure": "-25,559", "Issuance of Capital Stock": "0", "Issuance of Debt": "449,765", "Repayment of Debt": "-440,000", "Repurchase of Capital Stock": "0", "Free Cash Flow": "-12,491"}, "12/31/2019": {"Duration": "12/31/2019", "Operating Cash Flow": "-43,577", "Investing Cash Flow": "-313,273", "Financing Cash Flow": "495,499", "End Cash Position": "327,361", "Income Tax Paid Supplemental Data": "4,561", "Interest Paid Supplemental Data": "81,788", "Capital Expenditure": "-4,105", "Issuance of Capital Stock": "0", "Issuance of Debt": "630,418", "Repayment of Debt": "-605,000", "Repurchase of Capital Stock": "-9,784", "Free Cash Flow": "-47,682"}, "12/31/2018": {"Duration": "12/31/2018", "Operating Cash Flow": "29,356", "Investing Cash Flow": "-638,713", "Financing Cash Flow": "750,088", "End Cash Position": "188,712", "Income Tax Paid Supplemental Data": "485", "Interest Paid Supplemental Data": "52,403", "Capital Expenditure": "-2,219", "Issuance of Capital Stock": "54,334", "Issuance of Debt": "375,000", "Repayment of Debt": "-263,000", "Repurchase of Capital Stock": "-216", "Free Cash Flow": "27,137"}}}}, {"CBU": {"quote": {"03/28/2021": {"value": "79.46", "Market Cap": "4.287B", "Beta (5Y Monthly)": "0.72", "PE Ratio (TTM)": "25.80", "EPS (TTM)": "3.08", "Earnings Date": "Apr 26, 2021", "Forward Dividend & Yield": "1.68 (2.11%)", "Ex-Dividend Date": "Mar 12, 2021", "1y Target Est": "66.50"}}, "fin": {"TTM": {"Duration": "TTM", "Total Revenue": "596,401", "Credit Losses Provision": "-14,212", "Non Interest Expense": "368,651", "Special Income Charges": "-7,462", "Pretax Income": "206,076", "Tax Provision": "41,400", "Net Income Common Stockholders": "164,162", "Diluted NI Available to Com Stockholders": "164,162", "Basic EPS": "-", "Diluted EPS": "-", "Basic Average Shares": "-", "Diluted Average Shares": "-", "INTEREST_INCOME_AFTER_PROVISION_FOR_LOAN_LOSS": "354,191", "Net Income from Continuing & Discontinued Operation": "164,676", "Normalized Income": "170,638", "Reconciled Depreciation": "30,639", "Net Income from Continuing Operation Net Minority Interest": "164,676", "Total Unusual Items Excluding Goodwill": "-7,462", "Total Unusual Items": "-7,462", "Tax Rate for Calcs": "0", "Tax Effect of Unusual Items": "-1,500"}, "12/31/2020": {"Duration": "12/31/2020", "Total Revenue": "596,401", "Credit Losses Provision": "-14,212", "Non Interest Expense": "368,651", "Special Income Charges": "-7,462", "Pretax Income": "206,076", "Tax Provision": "41,400", "Net Income Common Stockholders": "164,162", "Diluted NI Available to Com Stockholders": "164,162", "Basic EPS": "-", "Diluted EPS": "-", "Basic Average Shares": "-", "Diluted Average Shares": "-", "INTEREST_INCOME_AFTER_PROVISION_FOR_LOAN_LOSS": "354,191", "Net Income from Continuing & Discontinued Operation": "164,676", "Normalized Income": "170,638", "Reconciled Depreciation": "30,639", "Net Income from Continuing Operation Net Minority Interest": "164,676", "Total Unusual Items Excluding Goodwill": "-7,462", "Total Unusual Items": "-7,462", "Tax Rate for Calcs": "0", "Tax Effect of Unusual Items": "-1,500"}, "12/31/2019": {"Duration": "12/31/2019", "Total Revenue": "589,794", "Credit Losses Provision": "-8,430", "Non Interest Expense": "363,418", "Special Income Charges": "-8,608", "Pretax Income": "209,338", "Tax Provision": "40,275", "Net Income Common Stockholders": "168,663", "Diluted NI Available to Com Stockholders": "168,663", "Basic EPS": "3.26", "Diluted EPS": "3.23", "Basic Average Shares": "51,860", "Diluted Average Shares": "52,341", "INTEREST_INCOME_AFTER_PROVISION_FOR_LOAN_LOSS": "350,745", "Net Income from Continuing & Discontinued Operation": "169,063", "Normalized Income": "176,018", "Reconciled Depreciation": "32,225", "Net Income from Continuing Operation Net Minority Interest": "169,063", "Total Unusual Items Excluding Goodwill": "-8,608", "Total Unusual Items": "-8,608", "Tax Rate for Calcs": "0", "Tax Effect of Unusual Items": "-1,653"}, "12/31/2018": {"Duration": "12/31/2018", "Total Revenue": "569,432", "Credit Losses Provision": "-10,837", "Non Interest Expense": "346,058", "Special Income Charges": "451", "Pretax Income": "212,988", "Tax Provision": "44,347", "Net Income Common Stockholders": "167,897", "Diluted NI Available to Com Stockholders": "167,897", "Basic EPS": "3.28", "Diluted EPS": "3.24", "Basic Average Shares": "51,415", "Diluted Average Shares": "52,050", "INTEREST_INCOME_AFTER_PROVISION_FOR_LOAN_LOSS": "334,218", "Net Income from Continuing & Discontinued Operation": "168,641", "Normalized Income": "168,284", "Reconciled Depreciation": "34,353", "Net Income from Continuing Operation Net Minority Interest": "168,641", "Total Unusual Items Excluding Goodwill": "451", "Total Unusual Items": "451", "Tax Rate for Calcs": "0", "Tax Effect of Unusual Items": "93.808"}}, "bs": {"12/31/2020": {"Duration": "12/31/2020", "Total Assets": "13,931,094", "Total Liabilities Net Minority Interest": "11,826,987", "Total Equity Gross Minority Interest": "2,104,107", "Total Capitalization": "2,191,388", "Common Stock Equity": "2,104,107", "Net Tangible Assets": "1,257,459", "Invested Capital": "2,191,388", "Tangible Book Value": "1,257,459", "Total Debt": "87,281", "Net Debt": "-", "Share Issued": "53,755", "Ordinary Shares Number": "53,593", "Treasury Shares Number": "161.472"}, "12/31/2019": {"Duration": "12/31/2019", "Total Assets": "11,410,295", "Total Liabilities Net Minority Interest": "9,555,061", "Total Equity Gross Minority Interest": "1,855,234", "Total Capitalization": "1,950,099", "Common Stock Equity": "1,855,234", "Net Tangible Assets": "1,018,311", "Invested Capital": "1,958,399", "Tangible Book Value": "1,018,311", "Total Debt": "103,165", "Net Debt": "139,843", "Share Issued": "51,975", "Ordinary Shares Number": "51,794", "Treasury Shares Number": "180.803"}, "12/31/2018": {"Duration": "12/31/2018", "Total Assets": "10,607,295", "Total Liabilities Net Minority Interest": "8,893,512", "Total Equity Gross Minority Interest": "1,713,783", "Total Capitalization": "1,813,698", "Common Stock Equity": "1,713,783", "Net Tangible Assets": "906,434", "Invested Capital": "1,868,098", "Tangible Book Value": "906,434", "Total Debt": "154,315", "Net Debt": "201,848", "Share Issued": "51,577", "Ordinary Shares Number": "51,258", "Treasury Shares Number": "319.015"}}, "cf": {"TTM": {"Duration": "TTM", "Operating Cash Flow": "179,483", "Investing Cash Flow": "-398,720", "Financing Cash Flow": "1,660,012", "End Cash Position": "1,645,805", "Income Tax Paid Supplemental Data": "39,578", "Interest Paid Supplemental Data": "21,169", "Capital Expenditure": "-14,395", "Issuance of Capital Stock": "15,877", "Issuance of Debt": "30,908", "Repayment of Debt": "-12,062", "Repurchase of Capital Stock": "-271", "Free Cash Flow": "165,088"}, "12/31/2020": {"Duration": "12/31/2020", "Operating Cash Flow": "179,483", "Investing Cash Flow": "-398,720", "Financing Cash Flow": "1,660,012", "End Cash Position": "1,645,805", "Income Tax Paid Supplemental Data": "39,578", "Interest Paid Supplemental Data": "21,169", "Capital Expenditure": "-14,395", "Issuance of Capital Stock": "15,877", "Issuance of Debt": "30,908", "Repayment of Debt": "-12,062", "Repurchase of Capital Stock": "-271", "Free Cash Flow": "165,088"}, "12/31/2019": {"Duration": "12/31/2019", "Operating Cash Flow": "202,502", "Investing Cash Flow": "-157,054", "Financing Cash Flow": "-52,252", "End Cash Position": "205,030", "Income Tax Paid Supplemental Data": "46,457", "Interest Paid Supplemental Data": "25,425", "Capital Expenditure": "-5,686", "Issuance of Capital Stock": "13,799", "Issuance of Debt": "-", "Repayment of Debt": "-87,086", "Repurchase of Capital Stock": "-286", "Free Cash Flow": "196,816"}, "12/31/2018": {"Duration": "12/31/2018", "Operating Cash Flow": "221,408", "Investing Cash Flow": "17,495", "Financing Cash Flow": "-248,107", "End Cash Position": "211,834", "Income Tax Paid Supplemental Data": "30,266", "Interest Paid Supplemental Data": "17,926", "Capital Expenditure": "-12,646", "Issuance of Capital Stock": "19,004", "Issuance of Debt": "-", "Repayment of Debt": "-72,546", "Repurchase of Capital Stock": "-298", "Free Cash Flow": "208,762"}}}}, {"IBCP": {"quote": {"03/28/2021": {"value": "23.79", "Market Cap": "517.975M", "Beta (5Y Monthly)": "1.09", "PE Ratio (TTM)": "9.40", "EPS (TTM)": "2.53", "Earnings Date": "Apr 28, 2021 - May 03, 2021", "Forward Dividend & Yield": "0.84 (3.53%)", "Ex-Dividend Date": "Feb 04, 2021", "1y Target Est": "21.30"}}, "fin": {"TTM": {"Duration": "TTM", "Total Revenue": "197,914", "Credit Losses Provision": "-12,463", "Non Interest Expense": "115,970", "Special Income Charges": "0", "Pretax Income": "69,481", "Tax Provision": "13,329", "Net Income Common Stockholders": "56,152", "Diluted NI Available to Com Stockholders": "56,152", "Basic EPS": "-", "Diluted EPS": "-", "Basic Average Shares": "-", "Diluted Average Shares": "-", "INTEREST_INCOME_AFTER_PROVISION_FOR_LOAN_LOSS": "111,149", "Net Income from Continuing & Discontinued Operation": "56,152", "Normalized Income": "56,204", "Reconciled Depreciation": "9,161", "Net Income from Continuing Operation Net Minority Interest": "56,152", "Total Unusual Items Excluding Goodwill": "-64", "Total Unusual Items": "-64", "Tax Rate for Calcs": "0", "Tax Effect of Unusual Items": "-12.2775"}, "12/31/2020": {"Duration": "12/31/2020", "Total Revenue": "197,914", "Credit Losses Provision": "-12,463", "Non Interest Expense": "115,970", "Special Income Charges": "0", "Pretax Income": "69,481", "Tax Provision": "13,329", "Net Income Common Stockholders": "56,152", "Diluted NI Available to Com Stockholders": "56,152", "Basic EPS": "-", "Diluted EPS": "-", "Basic Average Shares": "-", "Diluted Average Shares": "-", "INTEREST_INCOME_AFTER_PROVISION_FOR_LOAN_LOSS": "111,149", "Net Income from Continuing & Discontinued Operation": "56,152", "Normalized Income": "56,204", "Reconciled Depreciation": "9,161", "Net Income from Continuing Operation Net Minority Interest": "56,152", "Total Unusual Items Excluding Goodwill": "-64", "Total Unusual Items": "-64", "Tax Rate for Calcs": "0", "Tax Effect of Unusual Items": "-12.2775"}, "12/31/2019": {"Duration": "12/31/2019", "Total Revenue": "164,507", "Credit Losses Provision": "-824", "Non Interest Expense": "105,923", "Special Income Charges": "0", "Pretax Income": "57,760", "Tax Provision": "11,325", "Net Income Common Stockholders": "46,435", "Diluted NI Available to Com Stockholders": "46,435", "Basic EPS": "2.03", "Diluted EPS": "2.00", "Basic Average Shares": "22,894", "Diluted Average Shares": "23,183", "INTEREST_INCOME_AFTER_PROVISION_FOR_LOAN_LOSS": "121,757", "Net Income from Continuing & Discontinued Operation": "46,435", "Normalized Income": "46,363", "Reconciled Depreciation": "6,059", "Net Income from Continuing Operation Net Minority Interest": "46,435", "Total Unusual Items Excluding Goodwill": "90", "Total Unusual Items": "90", "Tax Rate for Calcs": "0", "Tax Effect of Unusual Items": "17.6463"}, "12/31/2018": {"Duration": "12/31/2018", "Total Revenue": "152,971", "Credit Losses Provision": "-1,503", "Non Interest Expense": "98,870", "Special Income Charges": "-3,465", "Pretax Income": "49,133", "Tax Provision": "9,294", "Net Income Common Stockholders": "39,839", "Diluted NI Available to Com Stockholders": "39,839", "Basic EPS": "1.70", "Diluted EPS": "1.68", "Basic Average Shares": "23,412", "Diluted Average Shares": "23,769", "INTEREST_INCOME_AFTER_PROVISION_FOR_LOAN_LOSS": "111,779", "Net Income from Continuing & Discontinued Operation": "39,839", "Normalized Income": "42,104", "Reconciled Depreciation": "6,033", "Net Income from Continuing Operation Net Minority Interest": "39,839", "Total Unusual Items Excluding Goodwill": "-2,793", "Total Unusual Items": "-2,793", "Tax Rate for Calcs": "0", "Tax Effect of Unusual Items": "-528.324"}}, "bs": {"12/31/2020": {"Duration": "12/31/2020", "Total Assets": "4,204,013", "Total Liabilities Net Minority Interest": "3,814,491", "Total Equity Gross Minority Interest": "389,522", "Total Capitalization": "498,339", "Common Stock Equity": "389,522", "Net Tangible Assets": "340,012", "Invested Capital": "498,339", "Tangible Book Value": "340,012", "Total Debt": "108,817", "Net Debt": "-", "Share Issued": "21,854", "Ordinary Shares Number": "21,854"}, "12/31/2019": {"Duration": "12/31/2019", "Total Assets": "3,564,694", "Total Liabilities Net Minority Interest": "3,214,525", "Total Equity Gross Minority Interest": "350,169", "Total Capitalization": "424,626", "Common Stock Equity": "350,169", "Net Tangible Assets": "297,372", "Invested Capital": "453,271", "Tangible Book Value": "297,372", "Total Debt": "103,102", "Net Debt": "37,448", "Share Issued": "22,482", "Ordinary Shares Number": "22,482"}, "12/31/2018": {"Duration": "12/31/2018", "Total Assets": "3,353,281", "Total Liabilities Net Minority Interest": "3,014,287", "Total Equity Gross Minority Interest": "338,994", "Total Capitalization": "394,082", "Common Stock Equity": "338,994", "Net Tangible Assets": "282,879", "Invested Capital": "404,082", "Tangible Book Value": "282,879", "Total Debt": "65,088", "Net Debt": "-", "Share Issued": "23,580", "Ordinary Shares Number": "23,580"}}, "cf": {"TTM": {"Duration": "TTM", "Operating Cash Flow": "58,173", "Investing Cash Flow": "-553,397", "Financing Cash Flow": "548,625", "End Cash Position": "118,705", "Income Tax Paid Supplemental Data": "15,500", "Interest Paid Supplemental Data": "16,912", "Capital Expenditure": "-4,383", "Issuance of Capital Stock": "15", "Issuance of Debt": "278,490", "Repayment of Debt": "-297,904", "Repurchase of Capital Stock": "-14,231", "Free Cash Flow": "53,790"}, "12/31/2020": {"Duration": "12/31/2020", "Operating Cash Flow": "58,173", "Investing Cash Flow": "-553,397", "Financing Cash Flow": "548,625", "End Cash Position": "118,705", "Income Tax Paid Supplemental Data": "15,500", "Interest Paid Supplemental Data": "16,912", "Capital Expenditure": "-4,383", "Issuance of Capital Stock": "15", "Issuance of Debt": "278,490", "Repayment of Debt": "-297,904", "Repurchase of Capital Stock": "-14,231", "Free Cash Flow": "53,790"}, "12/31/2019": {"Duration": "12/31/2019", "Operating Cash Flow": "33,980", "Investing Cash Flow": "-181,642", "Financing Cash Flow": "142,722", "End Cash Position": "65,304", "Income Tax Paid Supplemental Data": "9,534", "Interest Paid Supplemental Data": "26,697", "Capital Expenditure": "-4,936", "Issuance of Capital Stock": "284", "Issuance of Debt": "136,002", "Repayment of Debt": "-73,143", "Repurchase of Capital Stock": "-26,284", "Free Cash Flow": "29,044"}, "12/31/2018": {"Duration": "12/31/2018", "Operating Cash Flow": "44,921", "Investing Cash Flow": "-183,367", "Financing Cash Flow": "153,952", "End Cash Position": "70,244", "Income Tax Paid Supplemental Data": "120", "Interest Paid Supplemental Data": "16,737", "Capital Expenditure": "-3,862", "Issuance of Capital Stock": "267", "Issuance of Debt": "1,272,000", "Repayment of Debt": "-1,315,297", "Repurchase of Capital Stock": "-12,681", "Free Cash Flow": "41,059"}}}}, {"CZWI": {"quote": {"03/28/2021": {"value": "12.53", "Market Cap": "136.581M", "Beta (5Y Monthly)": "1.16", "PE Ratio (TTM)": "10.99", "EPS (TTM)": "1.14", "Earnings Date": "Jan 28, 2021", "Forward Dividend & Yield": "0.23 (1.81%)", "Ex-Dividend Date": "Feb 10, 2021", "1y Target Est": "12.67"}}, "fin": {"TTM": {"Duration": "TTM", "Total Revenue": "65,480", "Credit Losses Provision": "-7,750", "Non Interest Expense": "40,882", "Special Income Charges": "432", "Pretax Income": "17,280", "Tax Provision": "4,555", "Net Income Common Stockholders": "12,725", "Diluted NI Available to Com Stockholders": "12,725", "Basic EPS": "-", "Diluted EPS": "-", "Basic Average Shares": "-", "Diluted Average Shares": "-", "INTEREST_INCOME_AFTER_PROVISION_FOR_LOAN_LOSS": "42,505", "Net Income from Continuing & Discontinued Operation": "12,725", "Normalized Income": "12,216", "Reconciled Depreciation": "6,626", "Net Income from Continuing Operation Net Minority Interest": "12,725", "Total Unusual Items Excluding Goodwill": "691", "Total Unusual Items": "691", "Tax Rate for Calcs": "0", "Tax Effect of Unusual Items": "182.424"}, "12/31/2020": {"Duration": "12/31/2020", "Total Revenue": "65,480", "Credit Losses Provision": "-7,750", "Non Interest Expense": "40,882", "Special Income Charges": "432", "Pretax Income": "17,280", "Tax Provision": "4,555", "Net Income Common Stockholders": "12,725", "Diluted NI Available to Com Stockholders": "12,725", "Basic EPS": "-", "Diluted EPS": "-", "Basic Average Shares": "-", "Diluted Average Shares": "-", "INTEREST_INCOME_AFTER_PROVISION_FOR_LOAN_LOSS": "42,505", "Net Income from Continuing & Discontinued Operation": "12,725", "Normalized Income": "12,216", "Reconciled Depreciation": "6,626", "Net Income from Continuing Operation Net Minority Interest": "12,725", "Total Unusual Items Excluding Goodwill": "691", "Total Unusual Items": "691", "Tax Rate for Calcs": "0", "Tax Effect of Unusual Items": "182.424"}, "12/31/2019": {"Duration": "12/31/2019", "Total Revenue": "56,318", "Credit Losses Provision": "-3,525", "Non Interest Expense": "42,811", "Special Income Charges": "2,295", "Pretax Income": "12,277", "Tax Provision": "2,814", "Net Income Common Stockholders": "9,463", "Diluted NI Available to Com Stockholders": "9,463", "Basic EPS": "0.85", "Diluted EPS": "0.85", "Basic Average Shares": "11,133", "Diluted Average Shares": "11,133", "INTEREST_INCOME_AFTER_PROVISION_FOR_LOAN_LOSS": "39,988", "Net Income from Continuing & Discontinued Operation": "9,463", "Normalized Income": "7,597", "Reconciled Depreciation": "4,168", "Net Income from Continuing Operation Net Minority Interest": "9,463", "Total Unusual Items Excluding Goodwill": "2,420", "Total Unusual Items": "2,420", "Tax Rate for Calcs": "0", "Tax Effect of Unusual Items": "554.18"}, "12/31/2018": {"Duration": "12/31/2018", "Total Revenue": "-", "Credit Losses Provision": "-", "Non Interest Expense": "-", "Special Income Charges": "-", "Pretax Income": "-", "Tax Provision": "-", "Net Income Common Stockholders": "-", "Diluted NI Available to Com Stockholders": "-", "Basic EPS": "0.00", "Diluted EPS": "0.00", "Basic Average Shares": "-", "Diluted Average Shares": "-", "INTEREST_INCOME_AFTER_PROVISION_FOR_LOAN_LOSS": "-", "Net Income from Continuing & Discontinued Operation": "-", "Normalized Income": "-", "Reconciled Depreciation": "-", "Net Income from Continuing Operation Net Minority Interest": "-", "Total Unusual Items Excluding Goodwill": "-", "Total Unusual Items": "-", "Tax Rate for Calcs": "-", "Tax Effect of Unusual Items": "-"}, "9/30/2018": {"Duration": "9/30/2018", "Total Revenue": "37,138", "Credit Losses Provision": "-1,300", "Non Interest Expense": "29,229", "Special Income Charges": "-", "Pretax Income": "6,609", "Tax Provision": "2,326", "Net Income Common Stockholders": "4,283", "Diluted NI Available to Com Stockholders": "4,283", "Basic EPS": "0.72", "Diluted EPS": "0.58", "Basic Average Shares": "10,914", "Diluted Average Shares": "10,914", "INTEREST_INCOME_AFTER_PROVISION_FOR_LOAN_LOSS": "29,003", "Net Income from Continuing & Discontinued Operation": "4,283", "Normalized Income": "4,630", "Reconciled Depreciation": "2,033", "Net Income from Continuing Operation Net Minority Interest": "4,283", "Total Unusual Items Excluding Goodwill": "-535", "Total Unusual Items": "-535", "Tax Rate for Calcs": "0", "Tax Effect of Unusual Items": "-188.2665"}}, "bs": {"12/31/2020": {"Duration": "12/31/2020", "Total Assets": "1,649,095", "Total Liabilities Net Minority Interest": "1,488,531", "Total Equity Gross Minority Interest": "160,564", "Total Capitalization": "342,390", "Common Stock Equity": "160,564", "Net Tangible Assets": "120,320", "Invested Capital": "342,390", "Tangible Book Value": "120,320", "Total Debt": "181,826", "Net Debt": "58,634", "Share Issued": "11,056", "Ordinary Shares Number": "11,056"}, "12/31/2019": {"Duration": "12/31/2019", "Total Assets": "1,531,249", "Total Liabilities Net Minority Interest": "1,380,696", "Total Equity Gross Minority Interest": "150,553", "Total Capitalization": "325,084", "Common Stock Equity": "150,553", "Net Tangible Assets": "107,186", "Invested Capital": "325,084", "Tangible Book Value": "107,186", "Total Debt": "174,531", "Net Debt": "113,947", "Share Issued": "11,267", "Ordinary Shares Number": "11,267"}, "12/31/2018": {"Duration": "12/31/2018", "Total Assets": "1,287,924", "Total Liabilities Net Minority Interest": "1,149,737", "Total Equity Gross Minority Interest": "138,187", "Total Capitalization": "272,647", "Common Stock Equity": "138,187", "Net Tangible Assets": "94,726", "Invested Capital": "272,647", "Tangible Book Value": "94,726", "Total Debt": "134,460", "Net Debt": "81,222", "Share Issued": "10,954", "Ordinary Shares Number": "10,954"}, "9/30/2018": {"Duration": "9/30/2018", "Total Assets": "975,409", "Total Liabilities Net Minority Interest": "839,562", "Total Equity Gross Minority Interest": "135,847", "Total Capitalization": "223,466", "Common Stock Equity": "135,847", "Net Tangible Assets": "118,758", "Invested Capital": "223,466", "Tangible Book Value": "118,758", "Total Debt": "87,619", "Net Debt": "45,945", "Share Issued": "10,914", "Ordinary Shares Number": "10,914"}}, "cf": {"TTM": {"Duration": "TTM", "Operating Cash Flow": "23,785", "Investing Cash Flow": "-61,815", "Financing Cash Flow": "101,630", "End Cash Position": "119,440", "Income Tax Paid Supplemental Data": "7,870", "Interest Paid Supplemental Data": "13,930", "Capital Expenditure": "-2,573", "Issuance of Capital Stock": "0", "Issuance of Debt": "40,204", "Repayment of Debt": "-33,000", "Repurchase of Capital Stock": "-2,820", "Free Cash Flow": "21,212"}, "12/31/2020": {"Duration": "12/31/2020", "Operating Cash Flow": "23,785", "Investing Cash Flow": "-61,815", "Financing Cash Flow": "101,630", "End Cash Position": "119,440", "Income Tax Paid Supplemental Data": "7,870", "Interest Paid Supplemental Data": "13,930", "Capital Expenditure": "-2,573", "Issuance of Capital Stock": "0", "Issuance of Debt": "40,204", "Repayment of Debt": "-33,000", "Repurchase of Capital Stock": "-2,820", "Free Cash Flow": "21,212"}, "12/31/2019": {"Duration": "12/31/2019", "Operating Cash Flow": "12,836", "Investing Cash Flow": "-63,333", "Financing Cash Flow": "60,559", "End Cash Position": "55,840", "Income Tax Paid Supplemental Data": "3,847", "Interest Paid Supplemental Data": "17,793", "Capital Expenditure": "-6,771", "Issuance of Capital Stock": "3,105", "Issuance of Debt": "30,949", "Repayment of Debt": "-11,000", "Repurchase of Capital Stock": "0", "Free Cash Flow": "6,065"}, "9/30/2018": {"Duration": "9/30/2018", "Operating Cash Flow": "10,855", "Investing Cash Flow": "-49,463", "Financing Cash Flow": "31,425", "End Cash Position": "34,494", "Income Tax Paid Supplemental Data": "1,160", "Interest Paid Supplemental Data": "8,473", "Capital Expenditure": "-2,955", "Issuance of Capital Stock": "61,265", "Issuance of Debt": "9,911", "Repayment of Debt": "-42,611", "Repurchase of Capital Stock": "-1", "Free Cash Flow": "7,900"}}}}, {"OSBC": {"quote": {"03/28/2021": {"value": "13.69", "Market Cap": "398.731M", "Beta (5Y Monthly)": "1.46", "PE Ratio (TTM)": "14.88", "EPS (TTM)": "0.92", "Earnings Date": "Apr 20, 2021 - Apr 26, 2021", "Forward Dividend & Yield": "0.04 (0.29%)", "Ex-Dividend Date": "Jan 28, 2021", "1y Target Est": "12.80"}}, "fin": {"TTM": {"Duration": "TTM", "Total Revenue": "133,597", "Credit Losses Provision": "571", "Non Interest Expense": "83,896", "Special Income Charges": "-", "Other Non Operating Income Expenses": "-", "Pretax Income": "53,519", "Tax Provision": "14,090", "Net Income Common Stockholders": "39,429", "Diluted NI Available to Com Stockholders": "39,429", "Basic EPS": "-", "Diluted EPS": "-", "Basic Average Shares": "-", "Diluted Average Shares": "-", "INTEREST_INCOME_AFTER_PROVISION_FOR_LOAN_LOSS": "92,733", "Net Income from Continuing & Discontinued Operation": "39,429", "Normalized Income": "39,429", "Total Money Market Investments": "275", "Reconciled Depreciation": "486", "Net Income from Continuing Operation Net Minority Interest": "39,429", "Total Unusual Items Excluding Goodwill": "0", "Total Unusual Items": "0", "Tax Rate for Calcs": "0", "Tax Effect of Unusual Items": "0"}, "12/31/2020": {"Duration": "12/31/2020", "Total Revenue": "131,042", "Credit Losses Provision": "-10,413", "Non Interest Expense": "83,221", "Special Income Charges": "0", "Other Non Operating Income Expenses": "-3,999", "Pretax Income": "37,408", "Tax Provision": "9,583", "Net Income Common Stockholders": "27,825", "Diluted NI Available to Com Stockholders": "27,825", "Basic EPS": "-", "Diluted EPS": "-", "Basic Average Shares": "-", "Diluted Average Shares": "-", "INTEREST_INCOME_AFTER_PROVISION_FOR_LOAN_LOSS": "80,854", "Net Income from Continuing & Discontinued Operation": "27,825", "Normalized Income": "27,825", "Total Money Market Investments": "258", "Reconciled Depreciation": "3,292", "Net Income from Continuing Operation Net Minority Interest": "27,825", "Total Unusual Items Excluding Goodwill": "0", "Total Unusual Items": "0", "Tax Rate for Calcs": "0", "Tax Effect of Unusual Items": "0"}, "12/31/2019": {"Duration": "12/31/2019", "Total Revenue": "134,212", "Credit Losses Provision": "-1,600", "Non Interest Expense": "78,125", "Special Income Charges": "32", "Other Non Operating Income Expenses": "-2,662", "Pretax Income": "51,857", "Tax Provision": "12,402", "Net Income Common Stockholders": "39,455", "Diluted NI Available to Com Stockholders": "39,455", "Basic EPS": "1.32", "Diluted EPS": "1.30", "Basic Average Shares": "29,891", "Diluted Average Shares": "30,416", "INTEREST_INCOME_AFTER_PROVISION_FOR_LOAN_LOSS": "94,557", "Net Income from Continuing & Discontinued Operation": "39,455", "Normalized Income": "39,431", "Total Money Market Investments": "459", "Reconciled Depreciation": "3,001", "Net Income from Continuing Operation Net Minority Interest": "39,455", "Total Unusual Items Excluding Goodwill": "32", "Total Unusual Items": "32", "Tax Rate for Calcs": "0", "Tax Effect of Unusual Items": "7.648"}, "12/31/2018": {"Duration": "12/31/2018", "Total Revenue": "122,086", "Credit Losses Provision": "-1,228", "Non Interest Expense": "76,188", "Special Income Charges": "0", "Other Non Operating Income Expenses": "-734", "Pretax Income": "43,936", "Tax Provision": "9,924", "Net Income Common Stockholders": "34,012", "Diluted NI Available to Com Stockholders": "34,012", "Basic EPS": "1.14", "Diluted EPS": "1.12", "Basic Average Shares": "29,728", "Diluted Average Shares": "30,309", "INTEREST_INCOME_AFTER_PROVISION_FOR_LOAN_LOSS": "89,242", "Net Income from Continuing & Discontinued Operation": "34,012", "Normalized Income": "34,012", "Total Money Market Investments": "334", "Reconciled Depreciation": "2,810", "Net Income from Continuing Operation Net Minority Interest": "34,012", "Total Unusual Items Excluding Goodwill": "0", "Total Unusual Items": "0", "Tax Rate for Calcs": "0", "Tax Effect of Unusual Items": "0"}}, "bs": {"12/31/2020": {"Duration": "12/31/2020", "Total Assets": "3,040,837", "Total Liabilities Net Minority Interest": "2,733,750", "Total Equity Gross Minority Interest": "307,087", "Total Capitalization": "400,628", "Common Stock Equity": "307,087", "Net Tangible Assets": "282,082", "Invested Capital": "400,628", "Tangible Book Value": "282,082", "Total Debt": "93,541", "Net Debt": "-", "Share Issued": "34,957", "Ordinary Shares Number": "29,329", "Treasury Shares Number": "5,629"}, "12/31/2019": {"Duration": "12/31/2019", "Total Assets": "2,635,545", "Total Liabilities Net Minority Interest": "2,357,681", "Total Equity Gross Minority Interest": "277,864", "Total Capitalization": "386,541", "Common Stock Equity": "277,864", "Net Tangible Assets": "250,654", "Invested Capital": "435,041", "Tangible Book Value": "250,654", "Total Debt": "157,177", "Net Debt": "106,545", "Share Issued": "34,854", "Ordinary Shares Number": "29,932", "Treasury Shares Number": "4,922"}, "12/31/2018": {"Duration": "12/31/2018", "Total Assets": "2,676,003", "Total Liabilities Net Minority Interest": "2,446,922", "Total Equity Gross Minority Interest": "229,081", "Total Capitalization": "346,304", "Common Stock Equity": "229,081", "Net Tangible Assets": "199,910", "Invested Capital": "495,804", "Tangible Book Value": "199,910", "Total Debt": "266,723", "Net Debt": "211,488", "Share Issued": "34,720", "Ordinary Shares Number": "29,763", "Treasury Shares Number": "4,956"}}, "cf": {"TTM": {"Duration": "TTM", "Operating Cash Flow": "-", "Investing Cash Flow": "-", "Financing Cash Flow": "-", "End Cash Position": "-", "Income Tax Paid Supplemental Data": "-", "Interest Paid Supplemental Data": "-", "Capital Expenditure": "-", "Issuance of Debt": "-", "Repayment of Debt": "-", "Repurchase of Capital Stock": "-", "Free Cash Flow": "-"}, "12/31/2020": {"Duration": "12/31/2020", "Operating Cash Flow": "25,987", "Investing Cash Flow": "-103,808", "Financing Cash Flow": "357,092", "End Cash Position": "329,903", "Income Tax Paid Supplemental Data": "7,922", "Interest Paid Supplemental Data": "12,348", "Capital Expenditure": "-3,921", "Issuance of Debt": "20,000", "Repayment of Debt": "-35,911", "Repurchase of Capital Stock": "-5,922", "Free Cash Flow": "22,066"}, "12/31/2019": {"Duration": "12/31/2019", "Operating Cash Flow": "52,637", "Investing Cash Flow": "42,212", "Financing Cash Flow": "-99,452", "End Cash Position": "50,632", "Income Tax Paid Supplemental Data": "4,425", "Interest Paid Supplemental Data": "18,759", "Capital Expenditure": "-4,377", "Issuance of Debt": "-", "Repayment of Debt": "-", "Repurchase of Capital Stock": "-666", "Free Cash Flow": "48,260"}, "12/31/2018": {"Duration": "12/31/2018", "Operating Cash Flow": "54,907", "Investing Cash Flow": "-25,841", "Financing Cash Flow": "-29,664", "End Cash Position": "55,235", "Income Tax Paid Supplemental Data": "0", "Interest Paid Supplemental Data": "15,967", "Capital Expenditure": "-1,895", "Issuance of Debt": "-8,069", "Repayment of Debt": "0", "Repurchase of Capital Stock": "-505", "Free Cash Flow": "53,012"}}}}, {"MBWM": {"quote": {"03/28/2021": {"value": "33.06", "Market Cap": "537.519M", "Beta (5Y Monthly)": "1.15", "PE Ratio (TTM)": "12.20", "EPS (TTM)": "2.71", "Earnings Date": "Apr 19, 2021 - Apr 23, 2021", "Forward Dividend & Yield": "1.16 (3.51%)", "Ex-Dividend Date": "Mar 04, 2021", "1y Target Est": "31.25"}}, "fin": {"TTM": {"Duration": "TTM", "Total Revenue": "173,547", "Credit Losses Provision": "-13,600", "Non Interest Expense": "100,697", "Pretax Income": "59,250", "Tax Provision": "11,546", "Net Income Common Stockholders": "47,704", "Diluted NI Available to Com Stockholders": "47,704", "Basic EPS": "-", "Diluted EPS": "-", "Basic Average Shares": "-", "Diluted Average Shares": "-", "INTEREST_INCOME_AFTER_PROVISION_FOR_LOAN_LOSS": "107,862", "Net Income from Continuing & Discontinued Operation": "47,704", "Normalized Income": "47,704", "Reconciled Depreciation": "-", "Net Income from Continuing Operation Net Minority Interest": "47,704", "Tax Rate for Calcs": "0", "Tax Effect of Unusual Items": "0"}, "12/31/2020": {"Duration": "12/31/2020", "Total Revenue": "167,418", "Credit Losses Provision": "-14,050", "Non Interest Expense": "98,520", "Pretax Income": "54,848", "Tax Provision": "10,710", "Net Income Common Stockholders": "44,138", "Diluted NI Available to Com Stockholders": "44,138", "Basic EPS": "-", "Diluted EPS": "-", "Basic Average Shares": "-", "Diluted Average Shares": "-", "INTEREST_INCOME_AFTER_PROVISION_FOR_LOAN_LOSS": "108,196", "Net Income from Continuing & Discontinued Operation": "44,138", "Normalized Income": "44,138", "Reconciled Depreciation": "9,425", "Net Income from Continuing Operation Net Minority Interest": "44,138", "Tax Rate for Calcs": "0", "Tax Effect of Unusual Items": "0"}, "12/31/2019": {"Duration": "12/31/2019", "Total Revenue": "151,490", "Credit Losses Provision": "-1,750", "Non Interest Expense": "89,280", "Pretax Income": "60,460", "Tax Provision": "11,004", "Net Income Common Stockholders": "49,456", "Diluted NI Available to Com Stockholders": "49,456", "Basic EPS": "3.01", "Diluted EPS": "3.01", "Basic Average Shares": "16,405", "Diluted Average Shares": "16,409", "INTEREST_INCOME_AFTER_PROVISION_FOR_LOAN_LOSS": "122,784", "Net Income from Continuing & Discontinued Operation": "49,456", "Normalized Income": "49,456", "Reconciled Depreciation": "9,553", "Net Income from Continuing Operation Net Minority Interest": "49,456", "Tax Rate for Calcs": "0", "Tax Effect of Unusual Items": "0"}, "12/31/2018": {"Duration": "12/31/2018", "Total Revenue": "139,092", "Credit Losses Provision": "-1,100", "Non Interest Expense": "86,170", "Pretax Income": "51,822", "Tax Provision": "9,798", "Net Income Common Stockholders": "42,024", "Diluted NI Available to Com Stockholders": "42,024", "Basic EPS": "2.53", "Diluted EPS": "2.53", "Basic Average Shares": "16,601", "Diluted Average Shares": "16,606", "INTEREST_INCOME_AFTER_PROVISION_FOR_LOAN_LOSS": "118,982", "Net Income from Continuing & Discontinued Operation": "42,024", "Normalized Income": "42,024", "Reconciled Depreciation": "9,766", "Net Income from Continuing Operation Net Minority Interest": "42,024", "Tax Rate for Calcs": "0", "Tax Effect of Unusual Items": "0"}}, "bs": {"12/31/2020": {"Duration": "12/31/2020", "Total Assets": "4,437,344", "Total Liabilities Net Minority Interest": "3,995,790", "Total Equity Gross Minority Interest": "441,554", "Total Capitalization": "883,117", "Common Stock Equity": "441,554", "Net Tangible Assets": "389,645", "Invested Capital": "883,117", "Tangible Book Value": "389,645", "Total Debt": "441,563", "Net Debt": "-", "Share Issued": "16,330", "Ordinary Shares Number": "16,330"}, "12/31/2019": {"Duration": "12/31/2019", "Total Assets": "3,632,915", "Total Liabilities Net Minority Interest": "3,216,354", "Total Equity Gross Minority Interest": "416,561", "Total Capitalization": "817,442", "Common Stock Equity": "416,561", "Net Tangible Assets": "363,248", "Invested Capital": "817,442", "Tangible Book Value": "363,248", "Total Debt": "400,881", "Net Debt": "167,150", "Share Issued": "16,425", "Ordinary Shares Number": "16,425"}, "12/31/2018": {"Duration": "12/31/2018", "Total Assets": "3,363,907", "Total Liabilities Net Minority Interest": "2,988,658", "Total Equity Gross Minority Interest": "375,249", "Total Capitalization": "771,448", "Common Stock Equity": "375,249", "Net Tangible Assets": "320,215", "Invested Capital": "771,448", "Tangible Book Value": "320,215", "Total Debt": "396,199", "Net Debt": "320,845", "Share Issued": "16,534", "Ordinary Shares Number": "16,534"}}, "cf": {"TTM": {"Duration": "TTM", "Operating Cash Flow": "-", "Investing Cash Flow": "-", "Financing Cash Flow": "-", "End Cash Position": "-", "Income Tax Paid Supplemental Data": "-", "Interest Paid Supplemental Data": "-", "Capital Expenditure": "-", "Issuance of Debt": "-", "Repayment of Debt": "-", "Repurchase of Capital Stock": "-", "Free Cash Flow": "-"}, "12/31/2020": {"Duration": "12/31/2020", "Operating Cash Flow": "37,877", "Investing Cash Flow": "-398,806", "Financing Cash Flow": "753,204", "End Cash Position": "626,006", "Income Tax Paid Supplemental Data": "10,950", "Interest Paid Supplemental Data": "27,703", "Capital Expenditure": "-8,989", "Issuance of Debt": "60,000", "Repayment of Debt": "-20,000", "Repurchase of Capital Stock": "-6,591", "Free Cash Flow": "28,888"}, "12/31/2019": {"Duration": "12/31/2019", "Operating Cash Flow": "44,767", "Investing Cash Flow": "-92,838", "Financing Cash Flow": "206,448", "End Cash Position": "233,731", "Income Tax Paid Supplemental Data": "11,975", "Interest Paid Supplemental Data": "32,103", "Capital Expenditure": "-13,484", "Issuance of Debt": "44,000", "Repayment of Debt": "-40,000", "Repurchase of Capital Stock": "-7,183", "Free Cash Flow": "31,283"}, "12/31/2018": {"Duration": "12/31/2018", "Operating Cash Flow": "61,737", "Investing Cash Flow": "-210,480", "Financing Cash Flow": "23,996", "End Cash Position": "75,354", "Income Tax Paid Supplemental Data": "10,075", "Interest Paid Supplemental Data": "21,569", "Capital Expenditure": "-6,318", "Issuance of Debt": "160,000", "Repayment of Debt": "-30,000", "Repurchase of Capital Stock": "-5,943", "Free Cash Flow": "55,419"}}}}, {"FBIZ": {"quote": {"03/28/2021": {"value": "25.81", "Market Cap": "223.002M", "Beta (5Y Monthly)": "1.06", "PE Ratio (TTM)": "13.10", "EPS (TTM)": "1.97", "Earnings Date": "Apr 21, 2021 - Apr 26, 2021", "Forward Dividend & Yield": "0.72 (2.79%)", "Ex-Dividend Date": "Feb 05, 2021", "1y Target Est": "24.10"}}, "fin": {"TTM": {"Duration": "TTM", "Total Revenue": "101,616", "Credit Losses Provision": "-16,530", "Non Interest Expense": "66,037", "Special Income Charges": "-744", "Pretax Income": "18,305", "Tax Provision": "1,327", "Net Income Common Stockholders": "16,555", "Diluted NI Available to Com Stockholders": "16,555", "Basic EPS": "-", "Diluted EPS": "-", "Basic Average Shares": "-", "Diluted Average Shares": "-", "INTEREST_INCOME_AFTER_PROVISION_FOR_LOAN_LOSS": "60,541", "Net Income from Continuing & Discontinued Operation": "16,978", "Normalized Income": "17,668", "Reconciled Depreciation": "3,465", "Net Income from Continuing Operation Net Minority Interest": "16,978", "Total Unusual Items Excluding Goodwill": "-744", "Total Unusual Items": "-744", "Tax Rate for Calcs": "0", "Tax Effect of Unusual Items": "-53.94"}, "12/31/2020": {"Duration": "12/31/2020", "Total Revenue": "101,616", "Credit Losses Provision": "-16,530", "Non Interest Expense": "66,037", "Special Income Charges": "-744", "Pretax Income": "18,305", "Tax Provision": "1,327", "Net Income Common Stockholders": "16,555", "Diluted NI Available to Com Stockholders": "16,555", "Basic EPS": "-", "Diluted EPS": "-", "Basic Average Shares": "-", "Diluted Average Shares": "-", "INTEREST_INCOME_AFTER_PROVISION_FOR_LOAN_LOSS": "60,541", "Net Income from Continuing & Discontinued Operation": "16,978", "Normalized Income": "17,668", "Reconciled Depreciation": "3,465", "Net Income from Continuing Operation Net Minority Interest": "16,978", "Total Unusual Items Excluding Goodwill": "-744", "Total Unusual Items": "-744", "Tax Rate for Calcs": "0", "Tax Effect of Unusual Items": "-53.94"}, "12/31/2019": {"Duration": "12/31/2019", "Total Revenue": "89,185", "Credit Losses Provision": "-2,273", "Non Interest Expense": "62,413", "Special Income Charges": "-", "Pretax Income": "24,499", "Tax Provision": "1,175", "Net Income Common Stockholders": "22,822", "Diluted NI Available to Com Stockholders": "22,822", "Basic EPS": "2.68", "Diluted EPS": "2.68", "Basic Average Shares": "8,515", "Diluted Average Shares": "8,515", "INTEREST_INCOME_AFTER_PROVISION_FOR_LOAN_LOSS": "67,583", "Net Income from Continuing & Discontinued Operation": "23,324", "Normalized Income": "23,324", "Reconciled Depreciation": "3,049", "Net Income from Continuing Operation Net Minority Interest": "23,324", "Total Unusual Items Excluding Goodwill": "-", "Total Unusual Items": "-", "Tax Rate for Calcs": "0", "Tax Effect of Unusual Items": "0"}, "12/31/2018": {"Duration": "12/31/2018", "Total Revenue": "83,426", "Credit Losses Provision": "-7,405", "Non Interest Expense": "58,367", "Special Income Charges": "-", "Pretax Income": "17,654", "Tax Provision": "1,351", "Net Income Common Stockholders": "16,303", "Diluted NI Available to Com Stockholders": "16,303", "Basic EPS": "1.86", "Diluted EPS": "1.86", "Basic Average Shares": "8,640", "Diluted Average Shares": "8,640", "INTEREST_INCOME_AFTER_PROVISION_FOR_LOAN_LOSS": "59,937", "Net Income from Continuing & Discontinued Operation": "16,303", "Normalized Income": "16,303", "Reconciled Depreciation": "1,477", "Net Income from Continuing Operation Net Minority Interest": "16,303", "Total Unusual Items Excluding Goodwill": "-", "Total Unusual Items": "-", "Tax Rate for Calcs": "0", "Tax Effect of Unusual Items": "0"}}, "bs": {"12/31/2020": {"Duration": "12/31/2020", "Total Assets": "2,567,837", "Total Liabilities Net Minority Interest": "2,361,675", "Total Equity Gross Minority Interest": "206,162", "Total Capitalization": "635,391", "Common Stock Equity": "206,162", "Capital Lease Obligations": "6,386", "Net Tangible Assets": "194,144", "Invested Capital": "635,391", "Tangible Book Value": "194,144", "Total Debt": "435,615", "Net Debt": "372,320", "Share Issued": "9,234", "Ordinary Shares Number": "8,567", "Treasury Shares Number": "667.5"}, "12/31/2019": {"Duration": "12/31/2019", "Total Assets": "2,096,779", "Total Liabilities Net Minority Interest": "1,902,623", "Total Equity Gross Minority Interest": "194,156", "Total Capitalization": "523,585", "Common Stock Equity": "194,156", "Capital Lease Obligations": "7,541", "Net Tangible Assets": "182,234", "Invested Capital": "523,585", "Tangible Book Value": "182,234", "Total Debt": "336,970", "Net Debt": "262,327", "Share Issued": "9,163", "Ordinary Shares Number": "8,566", "Treasury Shares Number": "596.676"}, "12/31/2018": {"Duration": "12/31/2018", "Total Assets": "1,966,457", "Total Liabilities Net Minority Interest": "1,785,750", "Total Equity Gross Minority Interest": "180,707", "Total Capitalization": "489,684", "Common Stock Equity": "180,707", "Capital Lease Obligations": "-", "Net Tangible Assets": "168,662", "Invested Capital": "489,684", "Tangible Book Value": "168,662", "Total Debt": "308,977", "Net Debt": "222,431", "Share Issued": "9,069", "Ordinary Shares Number": "8,785", "Treasury Shares Number": "283.719"}}, "cf": {"TTM": {"Duration": "TTM", "Operating Cash Flow": "26,635", "Investing Cash Flow": "-454,507", "Financing Cash Flow": "417,679", "End Cash Position": "56,909", "Income Tax Paid Supplemental Data": "3,451", "Interest Paid Supplemental Data": "18,412", "Capital Expenditure": "-264", "Issuance of Debt": "1,348,605", "Repayment of Debt": "-1,249,549", "Repurchase of Capital Stock": "-1,672", "Free Cash Flow": "26,371"}, "12/31/2020": {"Duration": "12/31/2020", "Operating Cash Flow": "26,635", "Investing Cash Flow": "-454,507", "Financing Cash Flow": "417,679", "End Cash Position": "56,909", "Income Tax Paid Supplemental Data": "3,451", "Interest Paid Supplemental Data": "18,412", "Capital Expenditure": "-264", "Issuance of Debt": "1,348,605", "Repayment of Debt": "-1,249,549", "Repurchase of Capital Stock": "-1,672", "Free Cash Flow": "26,371"}, "12/31/2019": {"Duration": "12/31/2019", "Operating Cash Flow": "28,985", "Investing Cash Flow": "-131,497", "Financing Cash Flow": "83,068", "End Cash Position": "67,102", "Income Tax Paid Supplemental Data": "1,294", "Interest Paid Supplemental Data": "32,999", "Capital Expenditure": "-225", "Issuance of Debt": "572,000", "Repayment of Debt": "-551,548", "Repurchase of Capital Stock": "-7,248", "Free Cash Flow": "28,760"}, "12/31/2018": {"Duration": "12/31/2018", "Operating Cash Flow": "25,694", "Investing Cash Flow": "-138,266", "Financing Cash Flow": "146,579", "End Cash Position": "86,546", "Income Tax Paid Supplemental Data": "1,055", "Interest Paid Supplemental Data": "22,332", "Capital Expenditure": "-969", "Issuance of Debt": "895,160", "Repayment of Debt": "-804,100", "Repurchase of Capital Stock": "-533", "Free Cash Flow": "24,725"}}}}, {"MCBC": {"quote": {"03/28/2021": {"value": "10.15", "Market Cap": "347.105M", "Beta (5Y Monthly)": "0.82", "PE Ratio (TTM)": "11.53", "EPS (TTM)": "0.88", "Earnings Date": "Apr 21, 2021 - Apr 26, 2021", "Forward Dividend & Yield": "0.32 (3.15%)", "Ex-Dividend Date": "Feb 09, 2021", "1y Target Est": "8.75"}}, "fin": {"TTM": {"Duration": "TTM", "Total Revenue": "84,088", "Credit Losses Provision": "-3,000", "Non Interest Expense": "44,300", "Pretax Income": "36,788", "Tax Provision": "6,623", "Net Income Common Stockholders": "30,165", "Diluted NI Available to Com Stockholders": "30,165", "Basic EPS": "-", "Diluted EPS": "-", "Basic Average Shares": "-", "Diluted Average Shares": "-", "INTEREST_INCOME_AFTER_PROVISION_FOR_LOAN_LOSS": "58,537", "Net Income from Continuing & Discontinued Operation": "30,165", "Normalized Income": "30,181", "Total Money Market Investments": "968", "Reconciled Depreciation": "2,621", "Net Income from Continuing Operation Net Minority Interest": "30,165", "Total Unusual Items Excluding Goodwill": "-19", "Total Unusual Items": "-19", "Tax Rate for Calcs": "0", "Tax Effect of Unusual Items": "-3.42"}, "12/31/2020": {"Duration": "12/31/2020", "Total Revenue": "84,088", "Credit Losses Provision": "-3,000", "Non Interest Expense": "44,300", "Pretax Income": "36,788", "Tax Provision": "6,623", "Net Income Common Stockholders": "30,165", "Diluted NI Available to Com Stockholders": "30,165", "Basic EPS": "-", "Diluted EPS": "-", "Basic Average Shares": "-", "Diluted Average Shares": "-", "INTEREST_INCOME_AFTER_PROVISION_FOR_LOAN_LOSS": "58,537", "Net Income from Continuing & Discontinued Operation": "30,165", "Normalized Income": "30,181", "Total Money Market Investments": "968", "Reconciled Depreciation": "2,621", "Net Income from Continuing Operation Net Minority Interest": "30,165", "Total Unusual Items Excluding Goodwill": "-19", "Total Unusual Items": "-19", "Tax Rate for Calcs": "0", "Tax Effect of Unusual Items": "-3.42"}, "12/31/2019": {"Duration": "12/31/2019", "Total Revenue": "81,825", "Credit Losses Provision": "450", "Non Interest Expense": "42,834", "Pretax Income": "39,441", "Tax Provision": "7,462", "Net Income Common Stockholders": "31,979", "Diluted NI Available to Com Stockholders": "31,979", "Basic EPS": "0.94", "Diluted EPS": "0.94", "Basic Average Shares": "34,056", "Diluted Average Shares": "34,056", "INTEREST_INCOME_AFTER_PROVISION_FOR_LOAN_LOSS": "63,937", "Net Income from Continuing & Discontinued Operation": "31,979", "Normalized Income": "31,960", "Total Money Market Investments": "4,337", "Reconciled Depreciation": "2,212", "Net Income from Continuing Operation Net Minority Interest": "31,979", "Total Unusual Items Excluding Goodwill": "24", "Total Unusual Items": "24", "Tax Rate for Calcs": "0", "Tax Effect of Unusual Items": "4.5408"}, "12/31/2018": {"Duration": "12/31/2018", "Total Revenue": "75,927", "Credit Losses Provision": "-450", "Non Interest Expense": "43,127", "Pretax Income": "32,350", "Tax Provision": "5,971", "Net Income Common Stockholders": "26,379", "Diluted NI Available to Com Stockholders": "26,379", "Basic EPS": "0.78", "Diluted EPS": "0.78", "Basic Average Shares": "34,018", "Diluted Average Shares": "34,019", "INTEREST_INCOME_AFTER_PROVISION_FOR_LOAN_LOSS": "59,176", "Net Income from Continuing & Discontinued Operation": "26,379", "Normalized Income": "26,210", "Total Money Market Investments": "2,427", "Reconciled Depreciation": "2,562", "Net Income from Continuing Operation Net Minority Interest": "26,379", "Total Unusual Items Excluding Goodwill": "207", "Total Unusual Items": "207", "Tax Rate for Calcs": "0", "Tax Effect of Unusual Items": "38.2122"}}, "bs": {"12/31/2020": {"Duration": "12/31/2020", "Total Assets": "2,642,026", "Total Liabilities Net Minority Interest": "2,402,183", "Total Equity Gross Minority Interest": "239,843", "Total Capitalization": "330,462", "Common Stock Equity": "239,843", "Net Tangible Assets": "239,843", "Invested Capital": "330,462", "Tangible Book Value": "239,843", "Total Debt": "90,619", "Net Debt": "59,139", "Share Issued": "34,198", "Ordinary Shares Number": "34,198"}, "12/31/2019": {"Duration": "12/31/2019", "Total Assets": "2,068,770", "Total Liabilities Net Minority Interest": "1,851,301", "Total Equity Gross Minority Interest": "217,469", "Total Capitalization": "298,088", "Common Stock Equity": "217,469", "Net Tangible Assets": "217,469", "Invested Capital": "298,088", "Tangible Book Value": "217,469", "Total Debt": "80,619", "Net Debt": "48,677", "Share Issued": "34,104", "Ordinary Shares Number": "34,104"}, "12/31/2018": {"Duration": "12/31/2018", "Total Assets": "1,975,124", "Total Liabilities Net Minority Interest": "1,784,271", "Total Equity Gross Minority Interest": "190,853", "Total Capitalization": "292,091", "Common Stock Equity": "190,853", "Net Tangible Assets": "190,853", "Invested Capital": "292,091", "Tangible Book Value": "190,853", "Total Debt": "101,238", "Net Debt": "60,712", "Share Issued": "34,045", "Ordinary Shares Number": "34,045"}}, "cf": {"TTM": {"Duration": "TTM", "Operating Cash Flow": "30,575", "Investing Cash Flow": "-63,616", "Financing Cash Flow": "544,327", "End Cash Position": "783,736", "Income Tax Paid Supplemental Data": "5,315", "Interest Paid Supplemental Data": "5,963", "Capital Expenditure": "-2,274", "Issuance of Capital Stock": "-", "Issuance of Debt": "10,000", "Repayment of Debt": "0", "Repurchase of Capital Stock": "-86", "Free Cash Flow": "28,301"}, "12/31/2020": {"Duration": "12/31/2020", "Operating Cash Flow": "30,575", "Investing Cash Flow": "-63,616", "Financing Cash Flow": "544,327", "End Cash Position": "783,736", "Income Tax Paid Supplemental Data": "5,315", "Interest Paid Supplemental Data": "5,963", "Capital Expenditure": "-2,274", "Issuance of Capital Stock": "-", "Issuance of Debt": "10,000", "Repayment of Debt": "0", "Repurchase of Capital Stock": "-86", "Free Cash Flow": "28,301"}, "12/31/2019": {"Duration": "12/31/2019", "Operating Cash Flow": "29,720", "Investing Cash Flow": "25,122", "Financing Cash Flow": "46,324", "End Cash Position": "272,450", "Income Tax Paid Supplemental Data": "7,200", "Interest Paid Supplemental Data": "12,440", "Capital Expenditure": "-1,041", "Issuance of Capital Stock": "-", "Issuance of Debt": "10,000", "Repayment of Debt": "-30,619", "Repurchase of Capital Stock": "-101", "Free Cash Flow": "28,679"}, "12/31/2018": {"Duration": "12/31/2018", "Operating Cash Flow": "29,635", "Investing Cash Flow": "-77,198", "Financing Cash Flow": "57,380", "End Cash Position": "171,284", "Income Tax Paid Supplemental Data": "5,300", "Interest Paid Supplemental Data": "9,513", "Capital Expenditure": "-1,283", "Issuance of Capital Stock": "-", "Issuance of Debt": "20,000", "Repayment of Debt": "-52,118", "Repurchase of Capital Stock": "-136", "Free Cash Flow": "28,352"}}}}, {"UBCP": {"quote": {"03/28/2021": {"value": "14.43", "Market Cap": "83.576M", "Beta (5Y Monthly)": "0.42", "PE Ratio (TTM)": "10.42", "EPS (TTM)": "1.38", "Earnings Date": "Jan 21, 2021", "Forward Dividend & Yield": "0.57 (3.98%)", "Ex-Dividend Date": "Mar 09, 2021", "1y Target Est": "17.00"}}, "fin": {"TTM": {"Duration": "TTM", "Total Revenue": "29,809", "Credit Losses Provision": "-3,337", "Non Interest Expense": "17,890", "Pretax Income": "8,582", "Tax Provision": "629", "Net Income Common Stockholders": "7,559", "Diluted NI Available to Com Stockholders": "7,559", "Basic EPS": "-", "Diluted EPS": "-", "Basic Average Shares": "-", "Diluted Average Shares": "-", "INTEREST_INCOME_AFTER_PROVISION_FOR_LOAN_LOSS": "19,458", "Net Income from Continuing & Discontinued Operation": "7,953", "Normalized Income": "7,953", "Total Money Market Investments": "49", "Reconciled Depreciation": "1,307", "Net Income from Continuing Operation Net Minority Interest": "7,953", "Total Unusual Items Excluding Goodwill": "-", "Total Unusual Items": "-", "Tax Rate for Calcs": "0", "Tax Effect of Unusual Items": "0"}, "12/31/2020": {"Duration": "12/31/2020", "Total Revenue": "29,809", "Credit Losses Provision": "-3,337", "Non Interest Expense": "17,890", "Pretax Income": "8,582", "Tax Provision": "629", "Net Income Common Stockholders": "7,559", "Diluted NI Available to Com Stockholders": "7,559", "Basic EPS": "-", "Diluted EPS": "-", "Basic Average Shares": "-", "Diluted Average Shares": "-", "INTEREST_INCOME_AFTER_PROVISION_FOR_LOAN_LOSS": "19,458", "Net Income from Continuing & Discontinued Operation": "7,953", "Normalized Income": "7,953", "Total Money Market Investments": "49", "Reconciled Depreciation": "1,307", "Net Income from Continuing Operation Net Minority Interest": "7,953", "Total Unusual Items Excluding Goodwill": "-", "Total Unusual Items": "-", "Tax Rate for Calcs": "0", "Tax Effect of Unusual Items": "0"}, "12/31/2019": {"Duration": "12/31/2019", "Total Revenue": "24,794", "Credit Losses Provision": "-908", "Non Interest Expense": "16,477", "Pretax Income": "7,409", "Tax Provision": "599", "Net Income Common Stockholders": "6,554", "Diluted NI Available to Com Stockholders": "6,554", "Basic EPS": "1.19", "Diluted EPS": "1.19", "Basic Average Shares": "5,526", "Diluted Average Shares": "5,526", "INTEREST_INCOME_AFTER_PROVISION_FOR_LOAN_LOSS": "19,792", "Net Income from Continuing & Discontinued Operation": "6,810", "Normalized Income": "6,815", "Total Money Market Investments": "333", "Reconciled Depreciation": "1,190", "Net Income from Continuing Operation Net Minority Interest": "6,810", "Total Unusual Items Excluding Goodwill": "-5", "Total Unusual Items": "-5", "Tax Rate for Calcs": "0", "Tax Effect of Unusual Items": "-0.405"}, "12/31/2018": {"Duration": "12/31/2018", "Total Revenue": "21,775", "Credit Losses Provision": "-297", "Non Interest Expense": "16,396", "Pretax Income": "5,082", "Tax Provision": "800", "Net Income Common Stockholders": "4,282", "Diluted NI Available to Com Stockholders": "4,282", "Basic EPS": "0.82", "Diluted EPS": "0.82", "Basic Average Shares": "4,952", "Diluted Average Shares": "4,952", "INTEREST_INCOME_AFTER_PROVISION_FOR_LOAN_LOSS": "17,596", "Net Income from Continuing & Discontinued Operation": "4,282", "Normalized Income": "4,305", "Total Money Market Investments": "197", "Reconciled Depreciation": "1,016", "Net Income from Continuing Operation Net Minority Interest": "4,282", "Total Unusual Items Excluding Goodwill": "-27", "Total Unusual Items": "-27", "Tax Rate for Calcs": "0", "Tax Effect of Unusual Items": "-4.239"}}, "bs": {"12/31/2020": {"Duration": "12/31/2020", "Total Assets": "693,402", "Total Liabilities Net Minority Interest": "625,074", "Total Equity Gross Minority Interest": "68,328", "Total Capitalization": "91,932", "Common Stock Equity": "68,328", "Net Tangible Assets": "66,936", "Invested Capital": "91,932", "Tangible Book Value": "66,936", "Total Debt": "23,604", "Net Debt": "-", "Share Issued": "6,046", "Ordinary Shares Number": "5,967", "Treasury Shares Number": "79.593"}, "12/31/2019": {"Duration": "12/31/2019", "Total Assets": "685,706", "Total Liabilities Net Minority Interest": "625,784", "Total Equity Gross Minority Interest": "59,922", "Total Capitalization": "123,265", "Common Stock Equity": "59,922", "Net Tangible Assets": "58,380", "Invested Capital": "123,265", "Tangible Book Value": "58,380", "Total Debt": "63,343", "Net Debt": "48,358", "Share Issued": "5,959", "Ordinary Shares Number": "5,917", "Treasury Shares Number": "42.4"}, "12/31/2018": {"Duration": "12/31/2018", "Total Assets": "593,213", "Total Liabilities Net Minority Interest": "542,570", "Total Equity Gross Minority Interest": "50,643", "Total Capitalization": "54,873", "Common Stock Equity": "50,643", "Net Tangible Assets": "48,951", "Invested Capital": "54,873", "Tangible Book Value": "48,951", "Total Debt": "4,230", "Net Debt": "-", "Share Issued": "5,927", "Ordinary Shares Number": "5,921", "Treasury Shares Number": "5.744"}}, "cf": {"TTM": {"Duration": "TTM", "Operating Cash Flow": "9,370", "Investing Cash Flow": "33,668", "Financing Cash Flow": "-6,431", "End Cash Position": "51,592", "Income Tax Paid Supplemental Data": "990", "Interest Paid Supplemental Data": "4,723", "Capital Expenditure": "-2,519", "Issuance of Debt": "0", "Repayment of Debt": "-39,800", "Repurchase of Capital Stock": "-526", "Free Cash Flow": "6,851"}, "12/31/2020": {"Duration": "12/31/2020", "Operating Cash Flow": "9,370", "Investing Cash Flow": "33,668", "Financing Cash Flow": "-6,431", "End Cash Position": "51,592", "Income Tax Paid Supplemental Data": "990", "Interest Paid Supplemental Data": "4,723", "Capital Expenditure": "-2,519", "Issuance of Debt": "0", "Repayment of Debt": "-39,800", "Repurchase of Capital Stock": "-526", "Free Cash Flow": "6,851"}, "12/31/2019": {"Duration": "12/31/2019", "Operating Cash Flow": "8,617", "Investing Cash Flow": "-95,793", "Financing Cash Flow": "76,908", "End Cash Position": "14,985", "Income Tax Paid Supplemental Data": "25", "Interest Paid Supplemental Data": "6,098", "Capital Expenditure": "-1,336", "Issuance of Debt": "59,183", "Repayment of Debt": "-106", "Repurchase of Capital Stock": "-416", "Free Cash Flow": "7,281"}, "12/31/2018": {"Duration": "12/31/2018", "Operating Cash Flow": "5,755", "Investing Cash Flow": "-62,547", "Financing Cash Flow": "67,730", "End Cash Position": "25,253", "Income Tax Paid Supplemental Data": "715", "Interest Paid Supplemental Data": "3,285", "Capital Expenditure": "-785", "Issuance of Debt": "0", "Repayment of Debt": "-9,916", "Repurchase of Capital Stock": "-", "Free Cash Flow": "4,970"}}}}, {"FMBH": {"quote": {"03/28/2021": {"value": "44.74", "Market Cap": "807.074M", "Beta (5Y Monthly)": "0.91", "PE Ratio (TTM)": "16.57", "EPS (TTM)": "2.70", "Earnings Date": "Apr 28, 2021 - May 03, 2021", "Forward Dividend & Yield": "0.82 (1.83%)", "Ex-Dividend Date": "Feb 18, 2021", "1y Target Est": "43.80"}}, "fin": {"TTM": {"Duration": "TTM", "Total Revenue": "184,642", "Credit Losses Provision": "-16,103", "Non Interest Expense": "108,797", "Pretax Income": "59,742", "Tax Provision": "14,472", "Net Income Common Stockholders": "45,270", "Average Dilution Earnings": "-", "Diluted NI Available to Com Stockholders": "45,270", "Basic EPS": "-", "Diluted EPS": "-", "Basic Average Shares": "-", "Diluted Average Shares": "-", "INTEREST_INCOME_AFTER_PROVISION_FOR_LOAN_LOSS": "111,309", "Net Income from Continuing & Discontinued Operation": "45,270", "Normalized Income": "45,270", "Total Money Market Investments": "361", "Reconciled Depreciation": "11,721", "Net Income from Continuing Operation Net Minority Interest": "45,270", "Tax Rate for Calcs": "0", "Tax Effect of Unusual Items": "0"}, "12/31/2020": {"Duration": "12/31/2020", "Total Revenue": "184,642", "Credit Losses Provision": "-16,103", "Non Interest Expense": "108,797", "Pretax Income": "59,742", "Tax Provision": "14,472", "Net Income Common Stockholders": "45,270", "Average Dilution Earnings": "-", "Diluted NI Available to Com Stockholders": "45,270", "Basic EPS": "-", "Diluted EPS": "-", "Basic Average Shares": "-", "Diluted Average Shares": "-", "INTEREST_INCOME_AFTER_PROVISION_FOR_LOAN_LOSS": "111,309", "Net Income from Continuing & Discontinued Operation": "45,270", "Normalized Income": "45,270", "Total Money Market Investments": "361", "Reconciled Depreciation": "11,721", "Net Income from Continuing Operation Net Minority Interest": "45,270", "Tax Rate for Calcs": "0", "Tax Effect of Unusual Items": "0"}, "12/31/2019": {"Duration": "12/31/2019", "Total Revenue": "178,203", "Credit Losses Provision": "-6,433", "Non Interest Expense": "108,504", "Pretax Income": "63,266", "Tax Provision": "15,323", "Net Income Common Stockholders": "47,943", "Average Dilution Earnings": "-", "Diluted NI Available to Com Stockholders": "47,943", "Basic EPS": "2.88", "Diluted EPS": "2.87", "Basic Average Shares": "16,675", "Diluted Average Shares": "16,709", "INTEREST_INCOME_AFTER_PROVISION_FOR_LOAN_LOSS": "119,241", "Net Income from Continuing & Discontinued Operation": "47,943", "Normalized Income": "47,943", "Total Money Market Investments": "1,853", "Reconciled Depreciation": "10,842", "Net Income from Continuing Operation Net Minority Interest": "47,943", "Tax Rate for Calcs": "0", "Tax Effect of Unusual Items": "0"}, "12/31/2018": {"Duration": "12/31/2018", "Total Revenue": "144,181", "Credit Losses Provision": "-8,667", "Non Interest Expense": "87,009", "Pretax Income": "48,505", "Tax Provision": "11,905", "Net Income Common Stockholders": "36,600", "Average Dilution Earnings": "0", "Diluted NI Available to Com Stockholders": "36,600", "Basic EPS": "2.53", "Diluted EPS": "2.52", "Basic Average Shares": "14,487", "Diluted Average Shares": "14,501", "INTEREST_INCOME_AFTER_PROVISION_FOR_LOAN_LOSS": "103,071", "Net Income from Continuing & Discontinued Operation": "36,600", "Normalized Income": "36,600", "Total Money Market Investments": "556", "Reconciled Depreciation": "7,881", "Net Income from Continuing Operation Net Minority Interest": "36,600", "Tax Rate for Calcs": "0", "Tax Effect of Unusual Items": "0"}}, "bs": {"12/31/2020": {"Duration": "12/31/2020", "Total Assets": "4,726,348", "Total Liabilities Net Minority Interest": "4,158,120", "Total Equity Gross Minority Interest": "568,228", "Total Capitalization": "775,477", "Common Stock Equity": "568,228", "Capital Lease Obligations": "17,351", "Net Tangible Assets": "440,108", "Invested Capital": "775,477", "Tangible Book Value": "440,108", "Total Debt": "224,600", "Net Debt": "-", "Share Issued": "17,362", "Ordinary Shares Number": "16,741", "Treasury Shares Number": "620.691"}, "12/31/2019": {"Duration": "12/31/2019", "Total Assets": "3,839,426", "Total Liabilities Net Minority Interest": "3,312,817", "Total Equity Gross Minority Interest": "526,609", "Total Capitalization": "664,362", "Common Stock Equity": "526,609", "Capital Lease Obligations": "17,007", "Net Tangible Assets": "393,352", "Invested Capital": "664,362", "Tangible Book Value": "393,352", "Total Debt": "154,760", "Net Debt": "48,974", "Share Issued": "17,288", "Ordinary Shares Number": "16,673", "Treasury Shares Number": "614.403"}, "12/31/2018": {"Duration": "12/31/2018", "Total Assets": "3,839,734", "Total Liabilities Net Minority Interest": "3,363,870", "Total Equity Gross Minority Interest": "475,864", "Total Capitalization": "632,333", "Common Stock Equity": "475,864", "Capital Lease Obligations": "-", "Net Tangible Assets": "336,767", "Invested Capital": "632,333", "Tangible Book Value": "336,767", "Total Debt": "156,469", "Net Debt": "8,165", "Share Issued": "17,219", "Ordinary Shares Number": "16,645", "Treasury Shares Number": "574.377"}}, "cf": {"TTM": {"Duration": "TTM", "Operating Cash Flow": "63,541", "Investing Cash Flow": "-562,422", "Financing Cash Flow": "831,082", "End Cash Position": "417,281", "Income Tax Paid Supplemental Data": "18,624", "Interest Paid Supplemental Data": "16,645", "Capital Expenditure": "-2,463", "Issuance of Capital Stock": "610", "Issuance of Debt": "118,253", "Repayment of Debt": "-44,000", "Repurchase of Capital Stock": "-213", "Free Cash Flow": "61,078"}, "12/31/2020": {"Duration": "12/31/2020", "Operating Cash Flow": "63,541", "Investing Cash Flow": "-562,422", "Financing Cash Flow": "831,082", "End Cash Position": "417,281", "Income Tax Paid Supplemental Data": "18,624", "Interest Paid Supplemental Data": "16,645", "Capital Expenditure": "-2,463", "Issuance of Capital Stock": "610", "Issuance of Debt": "118,253", "Repayment of Debt": "-44,000", "Repurchase of Capital Stock": "-213", "Free Cash Flow": "61,078"}, "12/31/2019": {"Duration": "12/31/2019", "Operating Cash Flow": "62,828", "Investing Cash Flow": "-32,072", "Financing Cash Flow": "-87,076", "End Cash Position": "85,080", "Income Tax Paid Supplemental Data": "15,556", "Interest Paid Supplemental Data": "23,544", "Capital Expenditure": "-4,103", "Issuance of Capital Stock": "655", "Issuance of Debt": "50,000", "Repayment of Debt": "-74,034", "Repurchase of Capital Stock": "-1,293", "Free Cash Flow": "58,725"}, "12/31/2018": {"Duration": "12/31/2018", "Operating Cash Flow": "42,175", "Investing Cash Flow": "-10,961", "Financing Cash Flow": "21,307", "End Cash Position": "141,400", "Income Tax Paid Supplemental Data": "9,645", "Interest Paid Supplemental Data": "11,671", "Capital Expenditure": "-3,112", "Issuance of Capital Stock": "36,645", "Issuance of Debt": "45,000", "Repayment of Debt": "-45,313", "Repurchase of Capital Stock": "-138", "Free Cash Flow": "39,063"}}}}, {"PEBO": {"quote": {"03/28/2021": {"value": "33.86", "Market Cap": "664.469M", "Beta (5Y Monthly)": "0.95", "PE Ratio (TTM)": "19.57", "EPS (TTM)": "1.73", "Earnings Date": "Apr 20, 2021", "Forward Dividend & Yield": "1.40 (4.13%)", "Ex-Dividend Date": "Feb 05, 2021", "1y Target Est": "34.33"}}, "fin": {"TTM": {"Duration": "TTM", "Total Revenue": "196,897", "Credit Losses Provision": "-4,536", "Non Interest Expense": "129,833", "Special Income Charges": "-", "Pretax Income": "62,528", "Tax Provision": "11,815", "Net Income Common Stockholders": "50,713", "Diluted NI Available to Com Stockholders": "50,713", "Basic EPS": "-", "Diluted EPS": "-", "Basic Average Shares": "-", "Diluted Average Shares": "-", "INTEREST_INCOME_AFTER_PROVISION_FOR_LOAN_LOSS": "135,329", "Net Income from Continuing & Discontinued Operation": "50,713", "Normalized Income": "50,900", "Reconciled Depreciation": "3,114", "Net Income from Continuing Operation Net Minority Interest": "50,713", "Total Unusual Items Excluding Goodwill": "-230", "Total Unusual Items": "-230", "Tax Rate for Calcs": "0", "Tax Effect of Unusual Items": "-43.4597"}, "12/31/2020": {"Duration": "12/31/2020", "Total Revenue": "194,818", "Credit Losses Provision": "-26,254", "Non Interest Expense": "125,918", "Special Income Charges": "-", "Pretax Income": "42,646", "Tax Provision": "7,879", "Net Income Common Stockholders": "34,767", "Diluted NI Available to Com Stockholders": "34,767", "Basic EPS": "-", "Diluted EPS": "-", "Basic Average Shares": "-", "Diluted Average Shares": "-", "INTEREST_INCOME_AFTER_PROVISION_FOR_LOAN_LOSS": "112,669", "Net Income from Continuing & Discontinued Operation": "34,767", "Normalized Income": "35,003", "Reconciled Depreciation": "25,639", "Net Income from Continuing Operation Net Minority Interest": "34,767", "Total Unusual Items Excluding Goodwill": "-290", "Total Unusual Items": "-290", "Tax Rate for Calcs": "0", "Tax Effect of Unusual Items": "-53.65"}, "12/31/2019": {"Duration": "12/31/2019", "Total Revenue": "197,926", "Credit Losses Provision": "-2,504", "Non Interest Expense": "130,064", "Special Income Charges": "-782", "Pretax Income": "65,358", "Tax Provision": "11,663", "Net Income Common Stockholders": "53,695", "Diluted NI Available to Com Stockholders": "53,695", "Basic EPS": "2.65", "Diluted EPS": "2.63", "Basic Average Shares": "20,120", "Diluted Average Shares": "20,274", "INTEREST_INCOME_AFTER_PROVISION_FOR_LOAN_LOSS": "138,334", "Net Income from Continuing & Discontinued Operation": "53,695", "Normalized Income": "54,338", "Reconciled Depreciation": "17,861", "Net Income from Continuing Operation Net Minority Interest": "53,695", "Total Unusual Items Excluding Goodwill": "-782", "Total Unusual Items": "-782", "Tax Rate for Calcs": "0", "Tax Effect of Unusual Items": "-139.196"}, "12/31/2018": {"Duration": "12/31/2018", "Total Revenue": "180,309", "Credit Losses Provision": "-5,448", "Non Interest Expense": "119,920", "Special Income Charges": "-334", "Pretax Income": "54,941", "Tax Provision": "8,686", "Net Income Common Stockholders": "46,255", "Diluted NI Available to Com Stockholders": "46,255", "Basic EPS": "2.42", "Diluted EPS": "2.41", "Basic Average Shares": "18,992", "Diluted Average Shares": "19,122", "INTEREST_INCOME_AFTER_PROVISION_FOR_LOAN_LOSS": "124,164", "Net Income from Continuing & Discontinued Operation": "46,255", "Normalized Income": "46,536", "Reconciled Depreciation": "18,204", "Net Income from Continuing Operation Net Minority Interest": "46,255", "Total Unusual Items Excluding Goodwill": "-334", "Total Unusual Items": "-334", "Tax Rate for Calcs": "0", "Tax Effect of Unusual Items": "-53.106"}}, "bs": {"12/31/2020": {"Duration": "12/31/2020", "Total Assets": "4,760,764", "Total Liabilities Net Minority Interest": "4,185,091", "Total Equity Gross Minority Interest": "575,673", "Total Capitalization": "686,241", "Common Stock Equity": "575,673", "Net Tangible Assets": "391,076", "Invested Capital": "706,241", "Tangible Book Value": "391,076", "Total Debt": "130,568", "Net Debt": "31,729", "Share Issued": "21,193", "Ordinary Shares Number": "19,507", "Treasury Shares Number": "1,686"}, "12/31/2019": {"Duration": "12/31/2019", "Total Assets": "4,354,165", "Total Liabilities Net Minority Interest": "3,759,772", "Total Equity Gross Minority Interest": "594,393", "Total Capitalization": "677,516", "Common Stock Equity": "594,393", "Net Tangible Assets": "416,890", "Invested Capital": "951,525", "Tangible Book Value": "416,890", "Total Debt": "357,132", "Net Debt": "241,939", "Share Issued": "21,156", "Ordinary Shares Number": "20,652", "Treasury Shares Number": "504.182"}, "12/31/2018": {"Duration": "12/31/2018", "Total Assets": "3,991,454", "Total Liabilities Net Minority Interest": "3,471,314", "Total Equity Gross Minority Interest": "520,140", "Total Capitalization": "629,784", "Common Stock Equity": "520,140", "Net Tangible Assets": "358,055", "Invested Capital": "934,780", "Tangible Book Value": "358,055", "Total Debt": "414,640", "Net Debt": "337,028", "Share Issued": "20,124", "Ordinary Shares Number": "19,523", "Treasury Shares Number": "601.289"}}, "cf": {"TTM": {"Duration": "TTM", "Operating Cash Flow": "-", "Investing Cash Flow": "-", "Financing Cash Flow": "-", "End Cash Position": "-", "Income Tax Paid Supplemental Data": "-", "Interest Paid Supplemental Data": "-", "Capital Expenditure": "-", "Issuance of Capital Stock": "-", "Issuance of Debt": "-", "Repayment of Debt": "-", "Repurchase of Capital Stock": "-", "Free Cash Flow": "-"}, "12/31/2020": {"Duration": "12/31/2020", "Operating Cash Flow": "85,483", "Investing Cash Flow": "-393,919", "Financing Cash Flow": "345,343", "End Cash Position": "152,100", "Income Tax Paid Supplemental Data": "12,500", "Interest Paid Supplemental Data": "18,939", "Capital Expenditure": "-4,299", "Issuance of Capital Stock": "594", "Issuance of Debt": "50,000", "Repayment of Debt": "-2,715", "Repurchase of Capital Stock": "-29,281", "Free Cash Flow": "81,184"}, "12/31/2019": {"Duration": "12/31/2019", "Operating Cash Flow": "67,157", "Investing Cash Flow": "1,053", "Financing Cash Flow": "-30,629", "End Cash Position": "115,193", "Income Tax Paid Supplemental Data": "11,450", "Interest Paid Supplemental Data": "28,887", "Capital Expenditure": "-2,809", "Issuance of Capital Stock": "6", "Issuance of Debt": "0", "Repayment of Debt": "-3,501", "Repurchase of Capital Stock": "-805", "Free Cash Flow": "64,348"}, "12/31/2018": {"Duration": "12/31/2018", "Operating Cash Flow": "75,243", "Investing Cash Flow": "-130,156", "Financing Cash Flow": "60,331", "End Cash Position": "77,612", "Income Tax Paid Supplemental Data": "6,135", "Interest Paid Supplemental Data": "19,920", "Capital Expenditure": "-4,531", "Issuance of Capital Stock": "25", "Issuance of Debt": "0", "Repayment of Debt": "-4,591", "Repurchase of Capital Stock": "0", "Free Cash Flow": "70,712"}}}}, {"FMNB": {"quote": {"03/28/2021": {"value": "16.50", "Market Cap": "467.023M", "Beta (5Y Monthly)": "0.96", "PE Ratio (TTM)": "11.22", "EPS (TTM)": "1.47", "Earnings Date": "Apr 27, 2021 - May 03, 2021", "Forward Dividend & Yield": "0.44 (2.67%)", "Ex-Dividend Date": "Mar 11, 2021", "1y Target Est": "17.50"}}, "fin": {"TTM": {"Duration": "TTM", "Total Revenue": "133,346", "Credit Losses Provision": "-9,100", "Non Interest Expense": "70,751", "Special Income Charges": "-3,223", "Pretax Income": "50,272", "Tax Provision": "8,396", "Net Income Common Stockholders": "41,876", "Diluted NI Available to Com Stockholders": "41,876", "Basic EPS": "-", "Diluted EPS": "-", "Basic Average Shares": "-", "Diluted Average Shares": "-", "INTEREST_INCOME_AFTER_PROVISION_FOR_LOAN_LOSS": "86,548", "Net Income from Continuing & Discontinued Operation": "41,876", "Normalized Income": "44,561", "Total Money Market Investments": "298", "Reconciled Depreciation": "3,122", "Net Income from Continuing Operation Net Minority Interest": "41,876", "Total Unusual Items Excluding Goodwill": "-3,223", "Total Unusual Items": "-3,223", "Tax Rate for Calcs": "0", "Tax Effect of Unusual Items": "-538.241"}, "12/31/2020": {"Duration": "12/31/2020", "Total Revenue": "133,346", "Credit Losses Provision": "-9,100", "Non Interest Expense": "70,751", "Special Income Charges": "-3,223", "Pretax Income": "50,272", "Tax Provision": "8,396", "Net Income Common Stockholders": "41,876", "Diluted NI Available to Com Stockholders": "41,876", "Basic EPS": "1.48", "Diluted EPS": "1.47", "Basic Average Shares": "28,295", "Diluted Average Shares": "28,394", "INTEREST_INCOME_AFTER_PROVISION_FOR_LOAN_LOSS": "86,548", "Net Income from Continuing & Discontinued Operation": "41,876", "Normalized Income": "44,561", "Total Money Market Investments": "298", "Reconciled Depreciation": "3,122", "Net Income from Continuing Operation Net Minority Interest": "41,876", "Total Unusual Items Excluding Goodwill": "-3,223", "Total Unusual Items": "-3,223", "Tax Rate for Calcs": "0", "Tax Effect of Unusual Items": "-538.241"}, "12/31/2019": {"Duration": "12/31/2019", "Total Revenue": "110,980", "Credit Losses Provision": "-2,450", "Non Interest Expense": "65,258", "Special Income Charges": "-197", "Pretax Income": "43,075", "Tax Provision": "7,315", "Net Income Common Stockholders": "35,760", "Diluted NI Available to Com Stockholders": "35,760", "Basic EPS": "1.29", "Diluted EPS": "1.28", "Basic Average Shares": "27,721", "Diluted Average Shares": "27,876", "INTEREST_INCOME_AFTER_PROVISION_FOR_LOAN_LOSS": "79,301", "Net Income from Continuing & Discontinued Operation": "35,760", "Normalized Income": "35,924", "Total Money Market Investments": "729", "Reconciled Depreciation": "2,839", "Net Income from Continuing Operation Net Minority Interest": "35,760", "Total Unusual Items Excluding Goodwill": "-197", "Total Unusual Items": "-197", "Tax Rate for Calcs": "0", "Tax Effect of Unusual Items": "-33.49"}, "12/31/2018": {"Duration": "12/31/2018", "Total Revenue": "104,000", "Credit Losses Provision": "-3,000", "Non Interest Expense": "62,872", "Special Income Charges": "155", "Pretax Income": "38,283", "Tax Provision": "5,714", "Net Income Common Stockholders": "32,569", "Diluted NI Available to Com Stockholders": "32,569", "Basic EPS": "1.18", "Diluted EPS": "1.16", "Basic Average Shares": "27,675", "Diluted Average Shares": "28,077", "INTEREST_INCOME_AFTER_PROVISION_FOR_LOAN_LOSS": "74,849", "Net Income from Continuing & Discontinued Operation": "32,569", "Normalized Income": "32,437", "Total Money Market Investments": "644", "Reconciled Depreciation": "2,991", "Net Income from Continuing Operation Net Minority Interest": "32,569", "Total Unusual Items Excluding Goodwill": "155", "Total Unusual Items": "155", "Tax Rate for Calcs": "0", "Tax Effect of Unusual Items": "23.095"}}, "bs": {"12/31/2020": {"Duration": "12/31/2020", "Total Assets": "3,071,148", "Total Liabilities Net Minority Interest": "2,721,051", "Total Equity Gross Minority Interest": "350,097", "Total Capitalization": "426,482", "Common Stock Equity": "350,097", "Net Tangible Assets": "300,480", "Invested Capital": "429,003", "Tangible Book Value": "300,480", "Total Debt": "78,906", "Net Debt": "58,403", "Share Issued": "29,578", "Ordinary Shares Number": "28,190", "Treasury Shares Number": "1,388"}, "12/31/2019": {"Duration": "12/31/2019", "Total Assets": "2,449,158", "Total Liabilities Net Minority Interest": "2,149,849", "Total Equity Gross Minority Interest": "299,309", "Total Capitalization": "344,456", "Common Stock Equity": "299,309", "Net Tangible Assets": "256,664", "Invested Capital": "421,506", "Tangible Book Value": "256,664", "Total Debt": "122,197", "Net Debt": "98,968", "Share Issued": "28,180", "Ordinary Shares Number": "27,671", "Treasury Shares Number": "508.859"}, "12/31/2018": {"Duration": "12/31/2018", "Total Assets": "2,328,864", "Total Liabilities Net Minority Interest": "2,066,544", "Total Equity Gross Minority Interest": "262,320", "Total Capitalization": "268,353", "Common Stock Equity": "262,320", "Net Tangible Assets": "218,368", "Invested Capital": "513,112", "Tangible Book Value": "218,368", "Total Debt": "250,792", "Net Debt": "232,750", "Share Issued": "28,180", "Ordinary Shares Number": "27,792", "Treasury Shares Number": "387.697"}}, "cf": {"TTM": {"Duration": "TTM", "Operating Cash Flow": "50,008", "Investing Cash Flow": "-160,829", "Financing Cash Flow": "294,682", "End Cash Position": "254,621", "Income Tax Paid Supplemental Data": "9,000", "Interest Paid Supplemental Data": "16,515", "Capital Expenditure": "-3,696", "Issuance of Debt": "0", "Repayment of Debt": "-47,560", "Repurchase of Capital Stock": "-14,238", "Free Cash Flow": "46,312"}, "12/31/2020": {"Duration": "12/31/2020", "Operating Cash Flow": "50,008", "Investing Cash Flow": "-160,829", "Financing Cash Flow": "294,682", "End Cash Position": "254,621", "Income Tax Paid Supplemental Data": "9,000", "Interest Paid Supplemental Data": "16,515", "Capital Expenditure": "-3,696", "Issuance of Debt": "0", "Repayment of Debt": "-47,560", "Repurchase of Capital Stock": "-14,238", "Free Cash Flow": "46,312"}, "12/31/2019": {"Duration": "12/31/2019", "Operating Cash Flow": "38,761", "Investing Cash Flow": "-93,146", "Financing Cash Flow": "67,219", "End Cash Position": "70,760", "Income Tax Paid Supplemental Data": "6,450", "Interest Paid Supplemental Data": "19,529", "Capital Expenditure": "-1,458", "Issuance of Debt": "40,000", "Repayment of Debt": "-935", "Repurchase of Capital Stock": "-2,842", "Free Cash Flow": "37,303"}, "12/31/2018": {"Duration": "12/31/2018", "Operating Cash Flow": "39,989", "Investing Cash Flow": "-179,321", "Financing Cash Flow": "139,644", "End Cash Position": "57,926", "Income Tax Paid Supplemental Data": "7,300", "Interest Paid Supplemental Data": "12,906", "Capital Expenditure": "-450", "Issuance of Debt": "-", "Repayment of Debt": "-1,010", "Repurchase of Capital Stock": "-1,225", "Free Cash Flow": "39,539"}}}}, {"OVBC": {"quote": {"03/28/2021": {"value": "24.65", "Market Cap": "118.011M", "Beta (5Y Monthly)": "0.22", "PE Ratio (TTM)": "11.50", "EPS (TTM)": "2.14", "Earnings Date": "Jan 28, 2021", "Forward Dividend & Yield": "0.84 (3.41%)", "Ex-Dividend Date": "Jan 28, 2021", "1y Target Est": "N/A"}}, "fin": {"TTM": {"Duration": "TTM", "Total Revenue": "49,420", "Credit Losses Provision": "-2,980", "Non Interest Expense": "36,133", "Special Income Charges": "2,000", "Pretax Income": "12,307", "Tax Provision": "2,048", "Net Income Common Stockholders": "10,259", "Diluted NI Available to Com Stockholders": "10,259", "Basic EPS": "-", "Diluted EPS": "-", "Basic Average Shares": "-", "Diluted Average Shares": "-", "INTEREST_INCOME_AFTER_PROVISION_FOR_LOAN_LOSS": "36,757", "Net Income from Continuing & Discontinued Operation": "10,259", "Normalized Income": "8,620", "Total Money Market Investments": "226", "Reconciled Depreciation": "1,529", "Net Income from Continuing Operation Net Minority Interest": "10,259", "Total Unusual Items Excluding Goodwill": "1,965", "Total Unusual Items": "1,965", "Tax Rate for Calcs": "0", "Tax Effect of Unusual Items": "326.19"}, "12/31/2020": {"Duration": "12/31/2020", "Total Revenue": "49,420", "Credit Losses Provision": "-2,980", "Non Interest Expense": "36,133", "Special Income Charges": "2,000", "Pretax Income": "12,307", "Tax Provision": "2,048", "Net Income Common Stockholders": "10,259", "Diluted NI Available to Com Stockholders": "10,259", "Basic EPS": "-", "Diluted EPS": "-", "Basic Average Shares": "-", "Diluted Average Shares": "-", "INTEREST_INCOME_AFTER_PROVISION_FOR_LOAN_LOSS": "36,757", "Net Income from Continuing & Discontinued Operation": "10,259", "Normalized Income": "8,620", "Total Money Market Investments": "226", "Reconciled Depreciation": "1,529", "Net Income from Continuing Operation Net Minority Interest": "10,259", "Total Unusual Items Excluding Goodwill": "1,965", "Total Unusual Items": "1,965", "Tax Rate for Calcs": "0", "Tax Effect of Unusual Items": "326.19"}, "12/31/2019": {"Duration": "12/31/2019", "Total Revenue": "50,962", "Credit Losses Provision": "-1,000", "Non Interest Expense": "39,498", "Special Income Charges": "1,256", "Pretax Income": "11,720", "Tax Provision": "1,813", "Net Income Common Stockholders": "9,907", "Diluted NI Available to Com Stockholders": "9,907", "Basic EPS": "2.08", "Diluted EPS": "2.08", "Basic Average Shares": "4,767", "Diluted Average Shares": "4,767", "INTEREST_INCOME_AFTER_PROVISION_FOR_LOAN_LOSS": "41,659", "Net Income from Continuing & Discontinued Operation": "9,907", "Normalized Income": "8,900", "Total Money Market Investments": "1,221", "Reconciled Depreciation": "1,457", "Net Income from Continuing Operation Net Minority Interest": "9,907", "Total Unusual Items Excluding Goodwill": "1,191", "Total Unusual Items": "1,191", "Tax Rate for Calcs": "0", "Tax Effect of Unusual Items": "184.2392"}, "12/31/2018": {"Duration": "12/31/2018", "Total Revenue": "52,664", "Credit Losses Provision": "-1,039", "Non Interest Expense": "37,420", "Special Income Charges": "-6", "Pretax Income": "14,199", "Tax Provision": "2,255", "Net Income Common Stockholders": "11,944", "Diluted NI Available to Com Stockholders": "11,944", "Basic EPS": "2.53", "Diluted EPS": "2.53", "Basic Average Shares": "4,726", "Diluted Average Shares": "4,726", "INTEREST_INCOME_AFTER_PROVISION_FOR_LOAN_LOSS": "42,247", "Net Income from Continuing & Discontinued Operation": "11,944", "Normalized Income": "12,419", "Total Money Market Investments": "1,608", "Reconciled Depreciation": "1,331", "Net Income from Continuing Operation Net Minority Interest": "11,944", "Total Unusual Items Excluding Goodwill": "-565", "Total Unusual Items": "-565", "Tax Rate for Calcs": "0", "Tax Effect of Unusual Items": "-89.7299"}}, "bs": {"12/31/2020": {"Duration": "12/31/2020", "Total Assets": "1,186,932", "Total Liabilities Net Minority Interest": "1,050,608", "Total Equity Gross Minority Interest": "136,324", "Total Capitalization": "172,687", "Common Stock Equity": "136,324", "Capital Lease Obligations": "880", "Net Tangible Assets": "128,893", "Invested Capital": "172,687", "Tangible Book Value": "128,893", "Total Debt": "37,243", "Share Issued": "5,447", "Ordinary Shares Number": "4,787", "Treasury Shares Number": "659.739"}, "12/31/2019": {"Duration": "12/31/2019", "Total Assets": "1,013,272", "Total Liabilities Net Minority Interest": "885,093", "Total Equity Gross Minority Interest": "128,179", "Total Capitalization": "170,670", "Common Stock Equity": "128,179", "Capital Lease Obligations": "1,053", "Net Tangible Assets": "120,686", "Invested Capital": "170,670", "Tangible Book Value": "120,686", "Total Debt": "43,544", "Share Issued": "5,447", "Ordinary Shares Number": "4,787", "Treasury Shares Number": "659.739"}, "12/31/2018": {"Duration": "12/31/2018", "Total Assets": "1,030,493", "Total Liabilities Net Minority Interest": "912,619", "Total Equity Gross Minority Interest": "117,874", "Total Capitalization": "166,087", "Common Stock Equity": "117,874", "Capital Lease Obligations": "-", "Net Tangible Assets": "110,124", "Invested Capital": "166,087", "Tangible Book Value": "110,124", "Total Debt": "48,213", "Share Issued": "5,400", "Ordinary Shares Number": "4,740", "Treasury Shares Number": "659.739"}}, "cf": {"TTM": {"Duration": "TTM", "Operating Cash Flow": "12,491", "Investing Cash Flow": "-88,685", "Financing Cash Flow": "162,141", "End Cash Position": "138,303", "Income Tax Paid Supplemental Data": "2,050", "Interest Paid Supplemental Data": "6,681", "Capital Expenditure": "-3,450", "Issuance of Capital Stock": "-", "Issuance of Debt": "-", "Repayment of Debt": "-5,498", "Free Cash Flow": "9,041"}, "12/31/2020": {"Duration": "12/31/2020", "Operating Cash Flow": "12,491", "Investing Cash Flow": "-88,685", "Financing Cash Flow": "162,141", "End Cash Position": "138,303", "Income Tax Paid Supplemental Data": "2,050", "Interest Paid Supplemental Data": "6,681", "Capital Expenditure": "-3,450", "Issuance of Capital Stock": "-", "Issuance of Debt": "-", "Repayment of Debt": "-5,498", "Free Cash Flow": "9,041"}, "12/31/2019": {"Duration": "12/31/2019", "Operating Cash Flow": "14,753", "Investing Cash Flow": "-83", "Financing Cash Flow": "-33,494", "End Cash Position": "52,356", "Income Tax Paid Supplemental Data": "890", "Interest Paid Supplemental Data": "6,931", "Capital Expenditure": "-6,232", "Issuance of Capital Stock": "1,407", "Issuance of Debt": "-", "Repayment of Debt": "-5,722", "Free Cash Flow": "8,521"}, "12/31/2018": {"Duration": "12/31/2018", "Operating Cash Flow": "18,141", "Investing Cash Flow": "-12,726", "Financing Cash Flow": "-8,808", "End Cash Position": "71,180", "Income Tax Paid Supplemental Data": "2,050", "Interest Paid Supplemental Data": "5,008", "Capital Expenditure": "-2,725", "Issuance of Capital Stock": "1,325", "Issuance of Debt": "8,000", "Repayment of Debt": "-4,151", "Free Cash Flow": "15,416"}}}}, {"FFNM": {"quote": {"03/28/2021": {"value": "", "Net Assets": "N/A", "Beta (5Y Monthly)": "N/A", "Yield": "N/A", "5y Average Return": "N/A", "Holdings Turnover": "N/A", "Last Dividend": "N/A", "Average for Category": "N/A", "Inception Date": "N/A"}}, "fin": {}, "bs": {}, "cf": {}}}, {"OXBC": {"quote": {"03/28/2021": {"value": "29.70", "Market Cap": "2.603M", "Beta (5Y Monthly)": "0.51", "PE Ratio (TTM)": "10.76", "EPS (TTM)": "2.76", "Earnings Date": "N/A", "Forward Dividend & Yield": "N/A (3.69%)", "Ex-Dividend Date": "Aug 22, 2007", "1y Target Est": "N/A"}}, "fin": {}, "bs": {}, "cf": {}}}, {"FNHM": {"quote": {"03/28/2021": {"value": "2.8000", "Market Cap": "55.541M", "Beta (5Y Monthly)": "0.24", "PE Ratio (TTM)": "11.43", "EPS (TTM)": "0.2450", "Earnings Date": "N/A", "Forward Dividend & Yield": "N/A (N/A)", "Ex-Dividend Date": "May 01, 2008", "1y Target Est": "N/A"}}, "fin": {"TTM": {"Duration": "TTM", "Total Revenue": "17,361", "Credit Losses Provision": "0", "Non Interest Expense": "13,266", "Special Income Charges": "-60", "Pretax Income": "4,035", "Tax Provision": "815", "Net Income Common Stockholders": "3,220", "Diluted NI Available to Com Stockholders": "3,220", "Basic EPS": "-", "Diluted EPS": "-", "Basic Average Shares": "-", "Diluted Average Shares": "-", "INTEREST_INCOME_AFTER_PROVISION_FOR_LOAN_LOSS": "15,347", "Net Income from Continuing & Discontinued Operation": "3,220", "Normalized Income": "3,268", "Total Money Market Investments": "207", "Reconciled Depreciation": "448", "Net Income from Continuing Operation Net Minority Interest": "3,220", "Total Unusual Items Excluding Goodwill": "-60", "Total Unusual Items": "-60", "Tax Rate for Calcs": "0", "Tax Effect of Unusual Items": "-12.119"}, "12/31/2018": {"Duration": "12/31/2018", "Total Revenue": "17,361", "Credit Losses Provision": "0", "Non Interest Expense": "13,266", "Special Income Charges": "-60", "Pretax Income": "4,035", "Tax Provision": "815", "Net Income Common Stockholders": "3,220", "Diluted NI Available to Com Stockholders": "3,220", "Basic EPS": "-", "Diluted EPS": "-", "Basic Average Shares": "-", "Diluted Average Shares": "27,772", "INTEREST_INCOME_AFTER_PROVISION_FOR_LOAN_LOSS": "15,347", "Net Income from Continuing & Discontinued Operation": "3,220", "Normalized Income": "3,268", "Total Money Market Investments": "207", "Reconciled Depreciation": "448", "Net Income from Continuing Operation Net Minority Interest": "3,220", "Total Unusual Items Excluding Goodwill": "-60", "Total Unusual Items": "-60", "Tax Rate for Calcs": "0", "Tax Effect of Unusual Items": "-12.119"}}, "bs": {"12/31/2018": {"Duration": "12/31/2018", "Total Assets": "412,384", "Total Liabilities Net Minority Interest": "362,761", "Total Equity Gross Minority Interest": "49,623", "Total Capitalization": "-", "Common Stock Equity": "49,623", "Net Tangible Assets": "49,623", "Invested Capital": "-", "Tangible Book Value": "49,623", "Total Debt": "-", "Share Issued": "27,770", "Ordinary Shares Number": "27,770"}}, "cf": {"TTM": {"Duration": "TTM", "Operating Cash Flow": "5,114", "Investing Cash Flow": "-29,878", "Financing Cash Flow": "8,019", "End Cash Position": "24,868", "Income Tax Paid Supplemental Data": "-", "Interest Paid Supplemental Data": "521", "Capital Expenditure": "-696", "Repayment of Debt": "-5,000", "Free Cash Flow": "4,418"}, "12/31/2018": {"Duration": "12/31/2018", "Operating Cash Flow": "5,114", "Investing Cash Flow": "-29,878", "Financing Cash Flow": "8,019", "End Cash Position": "24,868", "Income Tax Paid Supplemental Data": "-", "Interest Paid Supplemental Data": "521", "Capital Expenditure": "-696", "Repayment of Debt": "-5,000", "Free Cash Flow": "4,418"}}}}, {"CSBB": {"quote": {"03/28/2021": {"value": "37.50", "Market Cap": "102.838M", "Beta (5Y Monthly)": "0.14", "PE Ratio (TTM)": "9.74", "EPS (TTM)": "3.85", "Earnings Date": "Jan 25, 2021", "Forward Dividend & Yield": "1.20 (3.20%)", "Ex-Dividend Date": "Apr 05, 2021", "1y Target Est": "N/A"}}, "fin": {"TTM": {"Duration": "TTM", "Total Revenue": "35,063", "Credit Losses Provision": "-1,502", "Non Interest Expense": "19,964", "Pretax Income": "13,597", "Tax Provision": "2,627", "Net Income Common Stockholders": "10,970", "Diluted NI Available to Com Stockholders": "10,970", "Basic EPS": "-", "Diluted EPS": "-", "Basic Average Shares": "-", "Diluted Average Shares": "-", "INTEREST_INCOME_AFTER_PROVISION_FOR_LOAN_LOSS": "26,743", "Net Income from Continuing & Discontinued Operation": "10,970", "Normalized Income": "10,970", "Reconciled Depreciation": "-", "Net Income from Continuing Operation Net Minority Interest": "10,970", "Tax Rate for Calcs": "0", "Tax Effect of Unusual Items": "0"}, "12/31/2020": {"Duration": "12/31/2020", "Total Revenue": "34,467", "Credit Losses Provision": "-1,650", "Non Interest Expense": "19,721", "Pretax Income": "13,096", "Tax Provision": "2,528", "Net Income Common Stockholders": "10,568", "Diluted NI Available to Com Stockholders": "10,568", "Basic EPS": "-", "Diluted EPS": "-", "Basic Average Shares": "-", "Diluted Average Shares": "-", "INTEREST_INCOME_AFTER_PROVISION_FOR_LOAN_LOSS": "26,503", "Net Income from Continuing & Discontinued Operation": "10,568", "Normalized Income": "10,568", "Reconciled Depreciation": "853", "Net Income from Continuing Operation Net Minority Interest": "10,568", "Tax Rate for Calcs": "0", "Tax Effect of Unusual Items": "0"}, "12/31/2019": {"Duration": "12/31/2019", "Total Revenue": "33,273", "Credit Losses Provision": "-1,140", "Non Interest Expense": "19,215", "Pretax Income": "12,918", "Tax Provision": "2,504", "Net Income Common Stockholders": "10,414", "Diluted NI Available to Com Stockholders": "10,414", "Basic EPS": "3.80", "Diluted EPS": "3.80", "Basic Average Shares": "2,742", "Diluted Average Shares": "2,742", "INTEREST_INCOME_AFTER_PROVISION_FOR_LOAN_LOSS": "27,259", "Net Income from Continuing & Discontinued Operation": "10,414", "Normalized Income": "10,414", "Reconciled Depreciation": "745", "Net Income from Continuing Operation Net Minority Interest": "10,414", "Tax Rate for Calcs": "0", "Tax Effect of Unusual Items": "0"}, "12/31/2018": {"Duration": "12/31/2018", "Total Revenue": "30,972", "Credit Losses Provision": "-1,316", "Non Interest Expense": "17,981", "Pretax Income": "11,675", "Tax Provision": "2,263", "Net Income Common Stockholders": "9,412", "Diluted NI Available to Com Stockholders": "9,412", "Basic EPS": "3.43", "Diluted EPS": "3.43", "Basic Average Shares": "2,742", "Diluted Average Shares": "2,742", "INTEREST_INCOME_AFTER_PROVISION_FOR_LOAN_LOSS": "25,435", "Net Income from Continuing & Discontinued Operation": "9,412", "Normalized Income": "9,412", "Reconciled Depreciation": "799", "Net Income from Continuing Operation Net Minority Interest": "9,412", "Tax Rate for Calcs": "0", "Tax Effect of Unusual Items": "0"}}, "bs": {"12/31/2020": {"Duration": "12/31/2020", "Total Assets": "1,031,632", "Total Liabilities Net Minority Interest": "937,773", "Total Equity Gross Minority Interest": "93,859", "Total Capitalization": "98,523", "Common Stock Equity": "93,859", "Net Tangible Assets": "89,087", "Invested Capital": "98,523", "Tangible Book Value": "89,087", "Total Debt": "4,664", "Net Debt": "-", "Share Issued": "2,981", "Ordinary Shares Number": "2,742", "Treasury Shares Number": "238.252"}, "12/31/2019": {"Duration": "12/31/2019", "Total Assets": "818,683", "Total Liabilities Net Minority Interest": "733,207", "Total Equity Gross Minority Interest": "85,476", "Total Capitalization": "91,806", "Common Stock Equity": "85,476", "Net Tangible Assets": "80,644", "Invested Capital": "91,806", "Tangible Book Value": "80,644", "Total Debt": "6,330", "Net Debt": "-", "Share Issued": "2,981", "Ordinary Shares Number": "2,742", "Treasury Shares Number": "238.252"}, "12/31/2018": {"Duration": "12/31/2018", "Total Assets": "731,722", "Total Liabilities Net Minority Interest": "655,186", "Total Equity Gross Minority Interest": "76,536", "Total Capitalization": "85,061", "Common Stock Equity": "76,536", "Net Tangible Assets": "71,641", "Invested Capital": "85,061", "Tangible Book Value": "71,641", "Total Debt": "8,525", "Net Debt": "376", "Share Issued": "2,981", "Ordinary Shares Number": "2,742", "Treasury Shares Number": "238.36"}}, "cf": {"TTM": {"Duration": "TTM", "Operating Cash Flow": "-", "Investing Cash Flow": "-", "Financing Cash Flow": "-", "End Cash Position": "-", "Income Tax Paid Supplemental Data": "-", "Interest Paid Supplemental Data": "-", "Capital Expenditure": "-", "Issuance of Capital Stock": "-", "Issuance of Debt": "-", "Repayment of Debt": "-", "Free Cash Flow": "-"}, "12/31/2020": {"Duration": "12/31/2020", "Operating Cash Flow": "14,172", "Investing Cash Flow": "-136,114", "Financing Cash Flow": "201,577", "End Cash Position": "181,652", "Income Tax Paid Supplemental Data": "2,300", "Interest Paid Supplemental Data": "2,950", "Capital Expenditure": "-2,142", "Issuance of Capital Stock": "0", "Issuance of Debt": "5,000", "Repayment of Debt": "-6,666", "Free Cash Flow": "12,030"}, "12/31/2019": {"Duration": "12/31/2019", "Operating Cash Flow": "11,898", "Investing Cash Flow": "-28,814", "Financing Cash Flow": "73,369", "End Cash Position": "102,017", "Income Tax Paid Supplemental Data": "4,725", "Interest Paid Supplemental Data": "4,023", "Capital Expenditure": "-2,786", "Issuance of Capital Stock": "4", "Issuance of Debt": "0", "Repayment of Debt": "-2,195", "Free Cash Flow": "9,112"}, "12/31/2018": {"Duration": "12/31/2018", "Operating Cash Flow": "12,288", "Investing Cash Flow": "-18,746", "Financing Cash Flow": "15,602", "End Cash Position": "45,564", "Income Tax Paid Supplemental Data": "2,375", "Interest Paid Supplemental Data": "2,888", "Capital Expenditure": "-1,337", "Issuance of Capital Stock": "-", "Issuance of Debt": "0", "Repayment of Debt": "-2,884", "Free Cash Flow": "10,951"}}}}, {"STBI": {"quote": {"03/28/2021": {"value": "19.30", "Market Cap": "40.979M", "Beta (5Y Monthly)": "0.61", "PE Ratio (TTM)": "7.49", "EPS (TTM)": "2.58", "Earnings Date": "Apr 29, 2020", "Forward Dividend & Yield": "0.64 (3.32%)", "Ex-Dividend Date": "Feb 11, 2021", "1y Target Est": "N/A"}}, "fin": {"TTM": {"Duration": "TTM", "Total Revenue": "26,746", "Credit Losses Provision": "-2,897", "Non Interest Expense": "16,590", "Pretax Income": "7,259", "Tax Provision": "1,253", "Net Income Common Stockholders": "6,006", "Diluted NI Available to Com Stockholders": "6,006", "Basic EPS": "-", "Diluted EPS": "-", "Basic Average Shares": "-", "Diluted Average Shares": "-", "INTEREST_INCOME_AFTER_PROVISION_FOR_LOAN_LOSS": "14,300", "Net Income from Continuing & Discontinued Operation": "6,006", "Normalized Income": "6,006", "Reconciled Depreciation": "-", "Net Income from Continuing Operation Net Minority Interest": "6,006", "Total Unusual Items Excluding Goodwill": "0", "Total Unusual Items": "0", "Tax Rate for Calcs": "0", "Tax Effect of Unusual Items": "0"}, "12/31/2020": {"Duration": "12/31/2020", "Total Revenue": "26,746", "Credit Losses Provision": "-2,897", "Non Interest Expense": "16,590", "Pretax Income": "7,259", "Tax Provision": "1,253", "Net Income Common Stockholders": "6,006", "Diluted NI Available to Com Stockholders": "6,006", "Basic EPS": "-", "Diluted EPS": "-", "Basic Average Shares": "-", "Diluted Average Shares": "-", "INTEREST_INCOME_AFTER_PROVISION_FOR_LOAN_LOSS": "14,300", "Net Income from Continuing & Discontinued Operation": "6,006", "Normalized Income": "6,006", "Reconciled Depreciation": "-", "Net Income from Continuing Operation Net Minority Interest": "6,006", "Total Unusual Items Excluding Goodwill": "0", "Total Unusual Items": "0", "Tax Rate for Calcs": "0", "Tax Effect of Unusual Items": "0"}, "12/31/2019": {"Duration": "12/31/2019", "Total Revenue": "20,930", "Credit Losses Provision": "-284", "Non Interest Expense": "14,787", "Pretax Income": "5,859", "Tax Provision": "932", "Net Income Common Stockholders": "4,927", "Diluted NI Available to Com Stockholders": "4,927", "Basic EPS": "2.34", "Diluted EPS": "2.34", "Basic Average Shares": "2,106", "Diluted Average Shares": "2,106", "INTEREST_INCOME_AFTER_PROVISION_FOR_LOAN_LOSS": "15,477", "Net Income from Continuing & Discontinued Operation": "4,927", "Normalized Income": "4,840", "Reconciled Depreciation": "-", "Net Income from Continuing Operation Net Minority Interest": "4,927", "Total Unusual Items Excluding Goodwill": "104", "Total Unusual Items": "104", "Tax Rate for Calcs": "0", "Tax Effect of Unusual Items": "16.5434"}, "12/31/2018": {"Duration": "12/31/2018", "Total Revenue": "19,292", "Credit Losses Provision": "-161", "Non Interest Expense": "14,139", "Pretax Income": "4,992", "Tax Provision": "619", "Net Income Common Stockholders": "4,373", "Diluted NI Available to Com Stockholders": "4,373", "Basic EPS": "2.08", "Diluted EPS": "2.08", "Basic Average Shares": "2,098", "Diluted Average Shares": "2,098", "INTEREST_INCOME_AFTER_PROVISION_FOR_LOAN_LOSS": "14,219", "Net Income from Continuing & Discontinued Operation": "4,373", "Normalized Income": "4,177", "Reconciled Depreciation": "935", "Net Income from Continuing Operation Net Minority Interest": "4,373", "Total Unusual Items Excluding Goodwill": "224", "Total Unusual Items": "224", "Tax Rate for Calcs": "0", "Tax Effect of Unusual Items": "27.7756"}}, "bs": {"12/31/2020": {"Duration": "12/31/2020", "Total Assets": "643,606", "Total Liabilities Net Minority Interest": "596,494", "Total Equity Gross Minority Interest": "47,112", "Total Capitalization": "123,212", "Common Stock Equity": "47,112", "Net Tangible Assets": "38,956", "Invested Capital": "123,212", "Tangible Book Value": "38,956", "Total Debt": "76,100", "Net Debt": "62,799", "Share Issued": "2,123", "Ordinary Shares Number": "2,123"}, "12/31/2019": {"Duration": "12/31/2019", "Total Assets": "473,371", "Total Liabilities Net Minority Interest": "429,799", "Total Equity Gross Minority Interest": "43,572", "Total Capitalization": "113,572", "Common Stock Equity": "43,572", "Net Tangible Assets": "36,513", "Invested Capital": "113,572", "Tangible Book Value": "36,513", "Total Debt": "70,000", "Net Debt": "53,979", "Share Issued": "2,114", "Ordinary Shares Number": "2,114"}, "12/31/2018": {"Duration": "12/31/2018", "Total Assets": "431,575", "Total Liabilities Net Minority Interest": "391,375", "Total Equity Gross Minority Interest": "40,200", "Total Capitalization": "84,309", "Common Stock Equity": "40,200", "Net Tangible Assets": "33,040", "Invested Capital": "84,309", "Tangible Book Value": "33,040", "Total Debt": "44,109", "Net Debt": "24,492", "Share Issued": "2,104", "Ordinary Shares Number": "2,104"}}, "cf": {"TTM": {"Duration": "TTM", "Operating Cash Flow": "-", "Investing Cash Flow": "-", "Financing Cash Flow": "-", "End Cash Position": "-", "Income Tax Paid Supplemental Data": "-", "Interest Paid Supplemental Data": "-", "Capital Expenditure": "-", "Issuance of Capital Stock": "-", "Issuance of Debt": "-", "Repayment of Debt": "-", "Free Cash Flow": "-"}, "12/31/2018": {"Duration": "12/31/2018", "Operating Cash Flow": "6,494", "Investing Cash Flow": "-19,617", "Financing Cash Flow": "14,011", "End Cash Position": "25,400", "Income Tax Paid Supplemental Data": "644", "Interest Paid Supplemental Data": "2,527", "Capital Expenditure": "-891", "Issuance of Capital Stock": "178", "Issuance of Debt": "20,000", "Repayment of Debt": "-10,338", "Free Cash Flow": "5,603"}}}}, {"SOMC": {"quote": {"03/28/2021": {"value": "33.75", "Market Cap": "80.33M", "Beta (5Y Monthly)": "0.47", "PE Ratio (TTM)": "10.51", "EPS (TTM)": "3.21", "Earnings Date": "Feb 12, 2021", "Forward Dividend & Yield": "0.96 (2.84%)", "Ex-Dividend Date": "Apr 08, 2021", "1y Target Est": "N/A"}}, "fin": {"TTM": {"Duration": "TTM", "Total Revenue": "31,217", "Credit Losses Provision": "-250", "Non Interest Expense": "21,407", "Pretax Income": "9,560", "Tax Provision": "1,435", "Net Income Common Stockholders": "8,125", "Diluted NI Available to Com Stockholders": "8,125", "Basic EPS": "-", "Diluted EPS": "-", "Basic Average Shares": "-", "Diluted Average Shares": "-", "INTEREST_INCOME_AFTER_PROVISION_FOR_LOAN_LOSS": "25,034", "Net Income from Continuing & Discontinued Operation": "8,125", "Normalized Income": "8,125", "Reconciled Depreciation": "1,333", "Net Income from Continuing Operation Net Minority Interest": "8,125", "Total Unusual Items Excluding Goodwill": "-", "Total Unusual Items": "-", "Tax Rate for Calcs": "0", "Tax Effect of Unusual Items": "0"}, "12/31/2018": {"Duration": "12/31/2018", "Total Revenue": "31,217", "Credit Losses Provision": "-250", "Non Interest Expense": "21,407", "Pretax Income": "9,560", "Tax Provision": "1,435", "Net Income Common Stockholders": "8,125", "Diluted NI Available to Com Stockholders": "8,125", "Basic EPS": "-", "Diluted EPS": "-", "Basic Average Shares": "-", "Diluted Average Shares": "-", "INTEREST_INCOME_AFTER_PROVISION_FOR_LOAN_LOSS": "25,034", "Net Income from Continuing & Discontinued Operation": "8,125", "Normalized Income": "8,125", "Reconciled Depreciation": "1,333", "Net Income from Continuing Operation Net Minority Interest": "8,125", "Total Unusual Items Excluding Goodwill": "-", "Total Unusual Items": "-", "Tax Rate for Calcs": "0", "Tax Effect of Unusual Items": "0"}}, "bs": {"12/31/2018": {"Duration": "12/31/2018", "Total Assets": "738,831", "Total Liabilities Net Minority Interest": "663,304", "Total Equity Gross Minority Interest": "75,527", "Total Capitalization": "109,182", "Common Stock Equity": "75,527", "Net Tangible Assets": "61,778", "Invested Capital": "109,182", "Tangible Book Value": "61,778", "Total Debt": "33,655", "Net Debt": "-", "Share Issued": "2,316", "Ordinary Shares Number": "2,316"}}, "cf": {"TTM": {"Duration": "TTM", "Operating Cash Flow": "12,058", "Investing Cash Flow": "9,103", "Financing Cash Flow": "16,159", "End Cash Position": "54,741", "Capital Expenditure": "-1,345", "Issuance of Debt": "30,000", "Repayment of Debt": "-41,000", "Repurchase of Capital Stock": "-1,455", "Free Cash Flow": "10,713"}, "12/31/2018": {"Duration": "12/31/2018", "Operating Cash Flow": "12,058", "Investing Cash Flow": "9,103", "Financing Cash Flow": "16,159", "End Cash Position": "54,741", "Capital Expenditure": "-1,345", "Issuance of Debt": "30,000", "Repayment of Debt": "-41,000", "Repurchase of Capital Stock": "-1,455", "Free Cash Flow": "10,713"}}}}, {"PNBC": {"quote": {"03/28/2021": {"value": "0.0080", "Market Cap": "16,884", "Beta (5Y Monthly)": "6.53", "PE Ratio (TTM)": "N/A", "EPS (TTM)": "-18.0140", "Earnings Date": "N/A", "Forward Dividend & Yield": "N/A (N/A)", "Ex-Dividend Date": "Nov 12, 2009", "1y Target Est": "N/A"}}, "fin": {}, "bs": {}, "cf": {}}}, {"CHBH": {"quote": {"03/28/2021": {"value": "55.00", "Market Cap": "122.684M", "Beta (5Y Monthly)": "1.14", "PE Ratio (TTM)": "8.99", "EPS (TTM)": "6.12", "Earnings Date": "N/A", "Forward Dividend & Yield": "2.12 (3.85%)", "Ex-Dividend Date": "Apr 08, 2021", "1y Target Est": "N/A"}}, "fin": {"TTM": {"Duration": "TTM", "Total Revenue": "45,565", "Credit Losses Provision": "-2,350", "Non Interest Expense": "25,605", "Pretax Income": "17,610", "Tax Provision": "3,092", "Net Income Common Stockholders": "14,518", "Diluted NI Available to Com Stockholders": "14,518", "Basic EPS": "-", "Diluted EPS": "-", "Basic Average Shares": "-", "Diluted Average Shares": "-", "INTEREST_INCOME_AFTER_PROVISION_FOR_LOAN_LOSS": "34,482", "Net Income from Continuing & Discontinued Operation": "14,518", "Normalized Income": "14,518", "Total Money Market Investments": "-", "Reconciled Depreciation": "-", "Net Income from Continuing Operation Net Minority Interest": "14,518", "Tax Rate for Calcs": "0", "Tax Effect of Unusual Items": "0"}, "12/31/2020": {"Duration": "12/31/2020", "Total Revenue": "44,181", "Credit Losses Provision": "-2,475", "Non Interest Expense": "25,122", "Pretax Income": "16,584", "Tax Provision": "2,865", "Net Income Common Stockholders": "13,719", "Diluted NI Available to Com Stockholders": "13,719", "Basic EPS": "6.12", "Diluted EPS": "6.12", "Basic Average Shares": "2,242", "Diluted Average Shares": "2,243", "INTEREST_INCOME_AFTER_PROVISION_FOR_LOAN_LOSS": "33,416", "Net Income from Continuing & Discontinued Operation": "13,719", "Normalized Income": "13,719", "Total Money Market Investments": "-", "Reconciled Depreciation": "1,323", "Net Income from Continuing Operation Net Minority Interest": "13,719", "Tax Rate for Calcs": "0", "Tax Effect of Unusual Items": "0"}, "12/31/2019": {"Duration": "12/31/2019", "Total Revenue": "40,508", "Credit Losses Provision": "-825", "Non Interest Expense": "24,673", "Pretax Income": "15,010", "Tax Provision": "2,488", "Net Income Common Stockholders": "12,522", "Diluted NI Available to Com Stockholders": "12,522", "Basic EPS": "5.52", "Diluted EPS": "5.51", "Basic Average Shares": "2,270", "Diluted Average Shares": "2,271", "INTEREST_INCOME_AFTER_PROVISION_FOR_LOAN_LOSS": "32,440", "Net Income from Continuing & Discontinued Operation": "12,522", "Normalized Income": "12,522", "Total Money Market Investments": "235", "Reconciled Depreciation": "1,352", "Net Income from Continuing Operation Net Minority Interest": "12,522", "Tax Rate for Calcs": "0", "Tax Effect of Unusual Items": "0"}, "12/31/2018": {"Duration": "12/31/2018", "Total Revenue": "38,239", "Credit Losses Provision": "-570", "Non Interest Expense": "23,509", "Pretax Income": "14,160", "Tax Provision": "2,158", "Net Income Common Stockholders": "12,002", "Diluted NI Available to Com Stockholders": "12,002", "Basic EPS": "5.25", "Diluted EPS": "5.25", "Basic Average Shares": "2,284", "Diluted Average Shares": "2,287", "INTEREST_INCOME_AFTER_PROVISION_FOR_LOAN_LOSS": "31,493", "Net Income from Continuing & Discontinued Operation": "12,002", "Normalized Income": "12,002", "Total Money Market Investments": "119", "Reconciled Depreciation": "1,351", "Net Income from Continuing Operation Net Minority Interest": "12,002", "Tax Rate for Calcs": "0", "Tax Effect of Unusual Items": "0"}}, "bs": {"12/31/2020": {"Duration": "12/31/2020", "Total Assets": "1,028,452", "Total Liabilities Net Minority Interest": "892,603", "Total Equity Gross Minority Interest": "135,849", "Total Capitalization": "153,363", "Common Stock Equity": "135,849", "Net Tangible Assets": "112,949", "Invested Capital": "153,363", "Tangible Book Value": "112,949", "Total Debt": "17,514", "Net Debt": "-", "Share Issued": "2,506", "Ordinary Shares Number": "2,231", "Treasury Shares Number": "275.599"}, "12/31/2019": {"Duration": "12/31/2019", "Total Assets": "876,792", "Total Liabilities Net Minority Interest": "753,241", "Total Equity Gross Minority Interest": "123,551", "Total Capitalization": "141,160", "Common Stock Equity": "123,551", "Net Tangible Assets": "100,319", "Invested Capital": "141,160", "Tangible Book Value": "100,319", "Total Debt": "17,609", "Net Debt": "-", "Share Issued": "2,506", "Ordinary Shares Number": "2,255", "Treasury Shares Number": "250.896"}, "12/31/2018": {"Duration": "12/31/2018", "Total Assets": "847,552", "Total Liabilities Net Minority Interest": "732,582", "Total Equity Gross Minority Interest": "114,970", "Total Capitalization": "132,192", "Common Stock Equity": "114,970", "Net Tangible Assets": "91,312", "Invested Capital": "132,192", "Tangible Book Value": "91,312", "Total Debt": "17,222", "Net Debt": "-", "Share Issued": "2,506", "Ordinary Shares Number": "2,279", "Treasury Shares Number": "227.298"}}, "cf": {"TTM": {"Duration": "TTM", "Operating Cash Flow": "-", "Investing Cash Flow": "-", "Financing Cash Flow": "-", "End Cash Position": "-", "Income Tax Paid Supplemental Data": "-", "Interest Paid Supplemental Data": "-", "Capital Expenditure": "-", "Issuance of Debt": "-", "Repayment of Debt": "-", "Repurchase of Capital Stock": "-", "Free Cash Flow": "-"}, "12/31/2020": {"Duration": "12/31/2020", "Operating Cash Flow": "15,015", "Investing Cash Flow": "-135,989", "Financing Cash Flow": "132,818", "End Cash Position": "32,461", "Income Tax Paid Supplemental Data": "3,405", "Interest Paid Supplemental Data": "2,826", "Capital Expenditure": "-745", "Issuance of Debt": "0", "Repayment of Debt": "-95", "Repurchase of Capital Stock": "-1,384", "Free Cash Flow": "14,270"}, "12/31/2019": {"Duration": "12/31/2019", "Operating Cash Flow": "14,666", "Investing Cash Flow": "-29,048", "Financing Cash Flow": "14,462", "End Cash Position": "20,617", "Income Tax Paid Supplemental Data": "2,265", "Interest Paid Supplemental Data": "4,324", "Capital Expenditure": "-1,262", "Issuance of Debt": "17,500", "Repayment of Debt": "-17,113", "Repurchase of Capital Stock": "-1,531", "Free Cash Flow": "13,404"}, "12/31/2018": {"Duration": "12/31/2018", "Operating Cash Flow": "14,742", "Investing Cash Flow": "-7,992", "Financing Cash Flow": "-6,216", "End Cash Position": "20,537", "Income Tax Paid Supplemental Data": "1,788", "Interest Paid Supplemental Data": "278", "Capital Expenditure": "-870", "Issuance of Debt": "17,000", "Repayment of Debt": "-22,636", "Repurchase of Capital Stock": "-708", "Free Cash Flow": "13,872"}}}}, {"OTTW": {"quote": {"03/28/2021": {"value": "14.65", "Market Cap": "45.723M", "Beta (5Y Monthly)": "0.69", "PE Ratio (TTM)": "17.44", "EPS (TTM)": "0.84", "Earnings Date": "May 05, 2020", "Forward Dividend & Yield": "0.34 (2.32%)", "Ex-Dividend Date": "Mar 02, 2021", "1y Target Est": "N/A"}}, "fin": {"TTM": {"Duration": "TTM", "Total Revenue": "11,122", "Credit Losses Provision": "-915", "Non Interest Expense": "8,038", "Special Income Charges": "-", "Pretax Income": "2,169", "Tax Provision": "546.002", "Net Income Common Stockholders": "1,623", "Diluted NI Available to Com Stockholders": "1,623", "Basic EPS": "-", "Diluted EPS": "-", "Basic Average Shares": "-", "Diluted Average Shares": "-", "INTEREST_INCOME_AFTER_PROVISION_FOR_LOAN_LOSS": "8,392", "Net Income from Continuing & Discontinued Operation": "1,623", "Normalized Income": "1,585", "Total Money Market Investments": "250.434", "Reconciled Depreciation": "266.988", "Net Income from Continuing Operation Net Minority Interest": "1,623", "Total Unusual Items Excluding Goodwill": "51.409", "Total Unusual Items": "51.409", "Tax Rate for Calcs": "0", "Tax Effect of Unusual Items": "12.9398"}, "12/31/2019": {"Duration": "12/31/2019", "Total Revenue": "11,170", "Credit Losses Provision": "-595", "Non Interest Expense": "7,912", "Special Income Charges": "-", "Pretax Income": "2,663", "Tax Provision": "725.503", "Net Income Common Stockholders": "1,937", "Diluted NI Available to Com Stockholders": "1,937", "Basic EPS": "0.62", "Diluted EPS": "0.62", "Basic Average Shares": "3,125", "Diluted Average Shares": "3,125", "INTEREST_INCOME_AFTER_PROVISION_FOR_LOAN_LOSS": "8,797", "Net Income from Continuing & Discontinued Operation": "1,937", "Normalized Income": "1,912", "Total Money Market Investments": "255.664", "Reconciled Depreciation": "273.914", "Net Income from Continuing Operation Net Minority Interest": "1,937", "Total Unusual Items Excluding Goodwill": "34.63", "Total Unusual Items": "34.63", "Tax Rate for Calcs": "0", "Tax Effect of Unusual Items": "9.4351"}, "12/31/2018": {"Duration": "12/31/2018", "Total Revenue": "10,676", "Credit Losses Provision": "-527.5", "Non Interest Expense": "7,475", "Special Income Charges": "-", "Pretax Income": "2,674", "Tax Provision": "679.216", "Net Income Common Stockholders": "1,994", "Diluted NI Available to Com Stockholders": "1,994", "Basic EPS": "0.62", "Diluted EPS": "0.61", "Basic Average Shares": "3,217", "Diluted Average Shares": "3,269", "INTEREST_INCOME_AFTER_PROVISION_FOR_LOAN_LOSS": "8,566", "Net Income from Continuing & Discontinued Operation": "1,994", "Normalized Income": "1,904", "Total Money Market Investments": "155.322", "Reconciled Depreciation": "303.762", "Net Income from Continuing Operation Net Minority Interest": "1,994", "Total Unusual Items Excluding Goodwill": "121.212", "Total Unusual Items": "121.212", "Tax Rate for Calcs": "0", "Tax Effect of Unusual Items": "30.7943"}}, "bs": {"12/31/2019": {"Duration": "12/31/2019", "Total Assets": "300,532", "Total Liabilities Net Minority Interest": "249,821", "Total Equity Gross Minority Interest": "50,711", "Total Capitalization": "59,779", "Common Stock Equity": "50,711", "Net Tangible Assets": "49,891", "Invested Capital": "59,779", "Tangible Book Value": "49,891", "Total Debt": "9,068", "Net Debt": "1,546", "Share Issued": "3,159", "Ordinary Shares Number": "3,159"}, "12/31/2018": {"Duration": "12/31/2018", "Total Assets": "292,836", "Total Liabilities Net Minority Interest": "240,012", "Total Equity Gross Minority Interest": "52,824", "Total Capitalization": "64,912", "Common Stock Equity": "52,824", "Net Tangible Assets": "51,946", "Invested Capital": "64,912", "Tangible Book Value": "51,946", "Total Debt": "12,087", "Net Debt": "3,407", "Share Issued": "3,359", "Ordinary Shares Number": "3,359"}}, "cf": {"TTM": {"Duration": "TTM", "Operating Cash Flow": "1,365", "Investing Cash Flow": "-11,803", "Financing Cash Flow": "18,117", "End Cash Position": "14,981", "Income Tax Paid Supplemental Data": "447.7", "Interest Paid Supplemental Data": "3,138", "Capital Expenditure": "32.094", "Issuance of Debt": "16,000", "Repayment of Debt": "-13,023", "Repurchase of Capital Stock": "-3,149", "Free Cash Flow": "1,397"}, "12/31/2019": {"Duration": "12/31/2019", "Operating Cash Flow": "3,325", "Investing Cash Flow": "-10,857", "Financing Cash Flow": "5,140", "End Cash Position": "6,038", "Income Tax Paid Supplemental Data": "448", "Interest Paid Supplemental Data": "3,097", "Capital Expenditure": "-112.755", "Issuance of Debt": "11,500", "Repayment of Debt": "-14,523", "Repurchase of Capital Stock": "-2,853", "Free Cash Flow": "3,212"}, "12/31/2018": {"Duration": "12/31/2018", "Operating Cash Flow": "3,483", "Investing Cash Flow": "-34,082", "Financing Cash Flow": "35,274", "End Cash Position": "8,430", "Income Tax Paid Supplemental Data": "766.077", "Interest Paid Supplemental Data": "1,976", "Capital Expenditure": "-196.754", "Issuance of Debt": "9,750", "Repayment of Debt": "-12,773", "Repurchase of Capital Stock": "-1,639", "Free Cash Flow": "3,286"}}}}, {"MSVB": {"quote": {"03/28/2021": {"value": "15.45", "Market Cap": "49.048M", "Beta (5Y Monthly)": "0.34", "PE Ratio (TTM)": "41.20", "EPS (TTM)": "0.38", "Earnings Date": "Oct 26, 2020", "Forward Dividend & Yield": "0.12 (0.79%)", "Ex-Dividend Date": "Feb 18, 2021", "1y Target Est": "N/A"}}, "fin": {"TTM": {"Duration": "TTM", "Total Revenue": "7,380", "Credit Losses Provision": "-132", "Non Interest Expense": "5,972", "Special Income Charges": "-50", "Pretax Income": "1,226", "Tax Provision": "35", "Net Income Common Stockholders": "1,191", "Diluted NI Available to Com Stockholders": "1,191", "Basic EPS": "-", "Diluted EPS": "-", "Basic Average Shares": "-", "Diluted Average Shares": "-", "INTEREST_INCOME_AFTER_PROVISION_FOR_LOAN_LOSS": "6,358", "Net Income from Continuing & Discontinued Operation": "1,191", "Normalized Income": "1,240", "Total Money Market Investments": "60", "Reconciled Depreciation": "156", "Net Income from Continuing Operation Net Minority Interest": "1,191", "Total Unusual Items Excluding Goodwill": "-50", "Total Unusual Items": "-50", "Tax Rate for Calcs": "0", "Tax Effect of Unusual Items": "-1.45"}, "12/31/2020": {"Duration": "12/31/2020", "Total Revenue": "7,380", "Credit Losses Provision": "-132", "Non Interest Expense": "5,972", "Special Income Charges": "-50", "Pretax Income": "1,226", "Tax Provision": "35", "Net Income Common Stockholders": "1,191", "Diluted NI Available to Com Stockholders": "1,191", "Basic EPS": "-", "Diluted EPS": "-", "Basic Average Shares": "-", "Diluted Average Shares": "-", "INTEREST_INCOME_AFTER_PROVISION_FOR_LOAN_LOSS": "6,358", "Net Income from Continuing & Discontinued Operation": "1,191", "Normalized Income": "1,240", "Total Money Market Investments": "60", "Reconciled Depreciation": "156", "Net Income from Continuing Operation Net Minority Interest": "1,191", "Total Unusual Items Excluding Goodwill": "-50", "Total Unusual Items": "-50", "Tax Rate for Calcs": "0", "Tax Effect of Unusual Items": "-1.45"}, "12/31/2019": {"Duration": "12/31/2019", "Total Revenue": "7,878", "Credit Losses Provision": "-12", "Non Interest Expense": "6,717", "Special Income Charges": "-104", "Pretax Income": "1,045", "Tax Provision": "85", "Net Income Common Stockholders": "960", "Diluted NI Available to Com Stockholders": "960", "Basic EPS": "0.29", "Diluted EPS": "0.29", "Basic Average Shares": "3,361", "Diluted Average Shares": "3,362", "INTEREST_INCOME_AFTER_PROVISION_FOR_LOAN_LOSS": "7,021", "Net Income from Continuing & Discontinued Operation": "960", "Normalized Income": "1,056", "Total Money Market Investments": "278", "Reconciled Depreciation": "143", "Net Income from Continuing Operation Net Minority Interest": "960", "Total Unusual Items Excluding Goodwill": "-104", "Total Unusual Items": "-104", "Tax Rate for Calcs": "0", "Tax Effect of Unusual Items": "-8.424"}, "12/31/2018": {"Duration": "12/31/2018", "Total Revenue": "7,278", "Credit Losses Provision": "200", "Non Interest Expense": "5,739", "Special Income Charges": "-31", "Pretax Income": "1,708", "Tax Provision": "295", "Net Income Common Stockholders": "1,413", "Diluted NI Available to Com Stockholders": "1,413", "Basic EPS": "0.41", "Diluted EPS": "0.41", "Basic Average Shares": "3,410", "Diluted Average Shares": "3,410", "INTEREST_INCOME_AFTER_PROVISION_FOR_LOAN_LOSS": "6,707", "Net Income from Continuing & Discontinued Operation": "1,413", "Normalized Income": "1,453", "Total Money Market Investments": "236", "Reconciled Depreciation": "130", "Net Income from Continuing Operation Net Minority Interest": "1,413", "Total Unusual Items Excluding Goodwill": "-48", "Total Unusual Items": "-48", "Tax Rate for Calcs": "0", "Tax Effect of Unusual Items": "-8.2904"}}, "bs": {"12/31/2020": {"Duration": "12/31/2020", "Total Assets": "235,363", "Total Liabilities Net Minority Interest": "186,359", "Total Equity Gross Minority Interest": "49,004", "Total Capitalization": "60,004", "Common Stock Equity": "49,004", "Net Tangible Assets": "49,004", "Invested Capital": "60,004", "Tangible Book Value": "49,004", "Total Debt": "11,000", "Net Debt": "1,339", "Share Issued": "3,565", "Ordinary Shares Number": "3,173", "Treasury Shares Number": "392.373"}, "12/31/2019": {"Duration": "12/31/2019", "Total Assets": "208,436", "Total Liabilities Net Minority Interest": "157,623", "Total Equity Gross Minority Interest": "50,813", "Total Capitalization": "60,813", "Common Stock Equity": "50,813", "Net Tangible Assets": "50,813", "Invested Capital": "60,813", "Tangible Book Value": "50,813", "Total Debt": "10,000", "Net Debt": "-", "Share Issued": "3,565", "Ordinary Shares Number": "3,558", "Treasury Shares Number": "7.702"}, "12/31/2018": {"Duration": "12/31/2018", "Total Assets": "200,662", "Total Liabilities Net Minority Interest": "151,819", "Total Equity Gross Minority Interest": "48,843", "Total Capitalization": "-", "Common Stock Equity": "48,843", "Net Tangible Assets": "48,843", "Invested Capital": "-", "Tangible Book Value": "48,843", "Total Debt": "-", "Net Debt": "-", "Share Issued": "3,565", "Ordinary Shares Number": "3,565", "Treasury Shares Number": "0.234"}}, "cf": {"TTM": {"Duration": "TTM", "Operating Cash Flow": "1,847", "Investing Cash Flow": "-33,848", "Financing Cash Flow": "22,845", "End Cash Position": "9,661", "Capital Expenditure": "-132", "Issuance of Capital Stock": "-", "Issuance of Debt": "1,000", "Repurchase of Capital Stock": "-5,044", "Free Cash Flow": "1,715"}, "12/31/2020": {"Duration": "12/31/2020", "Operating Cash Flow": "1,847", "Investing Cash Flow": "-33,848", "Financing Cash Flow": "22,845", "End Cash Position": "9,661", "Capital Expenditure": "-132", "Issuance of Capital Stock": "-", "Issuance of Debt": "1,000", "Repurchase of Capital Stock": "-5,044", "Free Cash Flow": "1,715"}, "12/31/2019": {"Duration": "12/31/2019", "Operating Cash Flow": "1,592", "Investing Cash Flow": "-570", "Financing Cash Flow": "5,095", "End Cash Position": "18,817", "Capital Expenditure": "-89", "Issuance of Capital Stock": "0", "Issuance of Debt": "10,000", "Repurchase of Capital Stock": "-497", "Free Cash Flow": "1,503"}, "12/31/2018": {"Duration": "12/31/2018", "Operating Cash Flow": "2,527", "Investing Cash Flow": "-18,813", "Financing Cash Flow": "21,522", "End Cash Position": "12,700", "Capital Expenditure": "-48", "Issuance of Capital Stock": "22,374", "Issuance of Debt": "-", "Repurchase of Capital Stock": "-", "Free Cash Flow": "2,479"}}}}, {"HLAN": {"quote": {"03/28/2021": {"value": "94.68", "Market Cap": "188.606M", "Beta (5Y Monthly)": "0.92", "PE Ratio (TTM)": "12.92", "EPS (TTM)": "7.33", "Earnings Date": "N/A", "Forward Dividend & Yield": "2.51 (2.65%)", "Ex-Dividend Date": "Mar 24, 2021", "1y Target Est": "101.50"}}, "fin": {"TTM": {"Duration": "TTM", "Total Revenue": "63,437", "Credit Losses Provision": "-6,330", "Non Interest Expense": "36,960", "Pretax Income": "20,147", "Tax Provision": "3,675", "Net Income Common Stockholders": "16,472", "Diluted NI Available to Com Stockholders": "16,472", "Basic EPS": "-", "Diluted EPS": "-", "Basic Average Shares": "-", "Diluted Average Shares": "-", "INTEREST_INCOME_AFTER_PROVISION_FOR_LOAN_LOSS": "41,931", "Net Income from Continuing & Discontinued Operation": "16,472", "Normalized Income": "16,468", "Reconciled Depreciation": "-", "Net Income from Continuing Operation Net Minority Interest": "16,472", "Total Unusual Items Excluding Goodwill": "5", "Total Unusual Items": "5", "Tax Rate for Calcs": "0", "Tax Effect of Unusual Items": "0.912"}, "12/31/2020": {"Duration": "12/31/2020", "Total Revenue": "60,452", "Credit Losses Provision": "-6,350", "Non Interest Expense": "36,075", "Pretax Income": "18,027", "Tax Provision": "3,260", "Net Income Common Stockholders": "14,767", "Diluted NI Available to Com Stockholders": "14,767", "Basic EPS": "7.39", "Diluted EPS": "7.33", "Basic Average Shares": "1,999", "Diluted Average Shares": "2,015", "INTEREST_INCOME_AFTER_PROVISION_FOR_LOAN_LOSS": "40,020", "Net Income from Continuing & Discontinued Operation": "14,767", "Normalized Income": "14,763", "Reconciled Depreciation": "1,830", "Net Income from Continuing Operation Net Minority Interest": "14,767", "Total Unusual Items Excluding Goodwill": "5", "Total Unusual Items": "5", "Tax Rate for Calcs": "0", "Tax Effect of Unusual Items": "0.9042"}, "12/31/2019": {"Duration": "12/31/2019", "Total Revenue": "48,232", "Credit Losses Provision": "-1,500", "Non Interest Expense": "30,620", "Pretax Income": "16,112", "Tax Provision": "2,916", "Net Income Common Stockholders": "13,196", "Diluted NI Available to Com Stockholders": "13,196", "Basic EPS": "6.54", "Diluted EPS": "6.45", "Basic Average Shares": "2,018", "Diluted Average Shares": "2,046", "INTEREST_INCOME_AFTER_PROVISION_FOR_LOAN_LOSS": "38,896", "Net Income from Continuing & Discontinued Operation": "13,196", "Normalized Income": "13,196", "Reconciled Depreciation": "1,508", "Net Income from Continuing Operation Net Minority Interest": "13,196", "Total Unusual Items Excluding Goodwill": "0", "Total Unusual Items": "0", "Tax Rate for Calcs": "0", "Tax Effect of Unusual Items": "0"}, "12/31/2018": {"Duration": "12/31/2018", "Total Revenue": "41,219", "Credit Losses Provision": "-1,500", "Non Interest Expense": "25,775", "Pretax Income": "13,944", "Tax Provision": "2,529", "Net Income Common Stockholders": "11,415", "Diluted NI Available to Com Stockholders": "11,415", "Basic EPS": "6.81", "Diluted EPS": "6.68", "Basic Average Shares": "1,676", "Diluted Average Shares": "1,709", "INTEREST_INCOME_AFTER_PROVISION_FOR_LOAN_LOSS": "34,455", "Net Income from Continuing & Discontinued Operation": "11,415", "Normalized Income": "11,407", "Reconciled Depreciation": "-", "Net Income from Continuing Operation Net Minority Interest": "11,415", "Total Unusual Items Excluding Goodwill": "10", "Total Unusual Items": "10", "Tax Rate for Calcs": "0", "Tax Effect of Unusual Items": "1.8137"}}, "bs": {"12/31/2020": {"Duration": "12/31/2020", "Total Assets": "1,547,080", "Total Liabilities Net Minority Interest": "1,406,184", "Total Equity Gross Minority Interest": "140,896", "Total Capitalization": "210,275", "Common Stock Equity": "140,896", "Capital Lease Obligations": "-", "Net Tangible Assets": "124,592", "Invested Capital": "210,275", "Tangible Book Value": "124,592", "Total Debt": "69,379", "Net Debt": "-", "Share Issued": "2,083", "Ordinary Shares Number": "1,993", "Treasury Shares Number": "90.612"}, "12/31/2019": {"Duration": "12/31/2019", "Total Assets": "1,114,857", "Total Liabilities Net Minority Interest": "986,467", "Total Equity Gross Minority Interest": "128,390", "Total Capitalization": "148,850", "Common Stock Equity": "128,390", "Capital Lease Obligations": "2,569", "Net Tangible Assets": "126,249", "Invested Capital": "160,194", "Tangible Book Value": "126,249", "Total Debt": "34,373", "Net Debt": "12,329", "Share Issued": "2,020", "Ordinary Shares Number": "2,020", "Treasury Shares Number": "-"}, "12/31/2018": {"Duration": "12/31/2018", "Total Assets": "1,047,079", "Total Liabilities Net Minority Interest": "932,051", "Total Equity Gross Minority Interest": "115,028", "Total Capitalization": "125,488", "Common Stock Equity": "115,028", "Capital Lease Obligations": "-", "Net Tangible Assets": "113,513", "Invested Capital": "160,256", "Tangible Book Value": "113,513", "Total Debt": "45,228", "Net Debt": "15,306", "Share Issued": "2,015", "Ordinary Shares Number": "2,015", "Treasury Shares Number": "-"}}, "cf": {"TTM": {"Duration": "TTM", "Operating Cash Flow": "-", "Investing Cash Flow": "-", "Financing Cash Flow": "-", "End Cash Position": "-", "Income Tax Paid Supplemental Data": "-", "Interest Paid Supplemental Data": "-", "Capital Expenditure": "-", "Issuance of Capital Stock": "-", "Issuance of Debt": "-", "Repurchase of Capital Stock": "-", "Free Cash Flow": "-"}, "12/31/2020": {"Duration": "12/31/2020", "Operating Cash Flow": "11,743", "Investing Cash Flow": "-52,175", "Financing Cash Flow": "210,831", "End Cash Position": "189,874", "Income Tax Paid Supplemental Data": "2,435", "Interest Paid Supplemental Data": "9,423", "Capital Expenditure": "-1,041", "Issuance of Capital Stock": "0", "Issuance of Debt": "34,795", "Repurchase of Capital Stock": "-5,052", "Free Cash Flow": "10,702"}}}}, {"CLDB": {"quote": {"03/28/2021": {"value": "22.20", "Market Cap": "93.7M", "Beta (5Y Monthly)": "0.59", "PE Ratio (TTM)": "11.27", "EPS (TTM)": "1.97", "Earnings Date": "Feb 01, 2021", "Forward Dividend & Yield": "0.56 (2.48%)", "Ex-Dividend Date": "Feb 09, 2021", "1y Target Est": "N/A"}}, "fin": {"TTM": {"Duration": "TTM", "Total Revenue": "30,783", "Credit Losses Provision": "-1,575", "Non Interest Expense": "19,474", "Special Income Charges": "-", "Pretax Income": "9,734", "Tax Provision": "1,471", "Net Income Common Stockholders": "8,263", "Diluted NI Available to Com Stockholders": "8,263", "Basic EPS": "-", "Diluted EPS": "-", "Basic Average Shares": "-", "Diluted Average Shares": "-", "INTEREST_INCOME_AFTER_PROVISION_FOR_LOAN_LOSS": "21,634", "Net Income from Continuing & Discontinued Operation": "8,263", "Normalized Income": "8,263", "Reconciled Depreciation": "2,753", "Net Income from Continuing Operation Net Minority Interest": "8,263", "Total Unusual Items Excluding Goodwill": "0", "Total Unusual Items": "0", "Tax Rate for Calcs": "0", "Tax Effect of Unusual Items": "0"}, "12/31/2020": {"Duration": "12/31/2020", "Total Revenue": "30,783", "Credit Losses Provision": "-1,575", "Non Interest Expense": "19,474", "Special Income Charges": "-", "Pretax Income": "9,734", "Tax Provision": "1,471", "Net Income Common Stockholders": "8,263", "Diluted NI Available to Com Stockholders": "8,263", "Basic EPS": "-", "Diluted EPS": "-", "Basic Average Shares": "-", "Diluted Average Shares": "-", "INTEREST_INCOME_AFTER_PROVISION_FOR_LOAN_LOSS": "21,634", "Net Income from Continuing & Discontinued Operation": "8,263", "Normalized Income": "8,263", "Reconciled Depreciation": "2,753", "Net Income from Continuing Operation Net Minority Interest": "8,263", "Total Unusual Items Excluding Goodwill": "-", "Total Unusual Items": "-", "Tax Rate for Calcs": "0", "Tax Effect of Unusual Items": "0"}, "12/31/2019": {"Duration": "12/31/2019", "Total Revenue": "29,111", "Credit Losses Provision": "-715", "Non Interest Expense": "19,755", "Special Income Charges": "-", "Pretax Income": "8,641", "Tax Provision": "1,359", "Net Income Common Stockholders": "7,282", "Diluted NI Available to Com Stockholders": "7,282", "Basic EPS": "1.68", "Diluted EPS": "1.68", "Basic Average Shares": "4,324", "Diluted Average Shares": "4,324", "INTEREST_INCOME_AFTER_PROVISION_FOR_LOAN_LOSS": "23,237", "Net Income from Continuing & Discontinued Operation": "7,282", "Normalized Income": "7,282", "Reconciled Depreciation": "2,243", "Net Income from Continuing Operation Net Minority Interest": "7,282", "Total Unusual Items Excluding Goodwill": "0", "Total Unusual Items": "0", "Tax Rate for Calcs": "0", "Tax Effect of Unusual Items": "0"}, "12/31/2018": {"Duration": "12/31/2018", "Total Revenue": "29,058", "Credit Losses Provision": "-725", "Non Interest Expense": "18,083", "Special Income Charges": "0", "Pretax Income": "10,250", "Tax Provision": "1,415", "Net Income Common Stockholders": "8,835", "Diluted NI Available to Com Stockholders": "8,835", "Basic EPS": "2.04", "Diluted EPS": "2.04", "Basic Average Shares": "4,331", "Diluted Average Shares": "4,331", "INTEREST_INCOME_AFTER_PROVISION_FOR_LOAN_LOSS": "22,489", "Net Income from Continuing & Discontinued Operation": "8,835", "Normalized Income": "8,835", "Reconciled Depreciation": "2,315", "Net Income from Continuing Operation Net Minority Interest": "8,835", "Total Unusual Items Excluding Goodwill": "0", "Total Unusual Items": "0", "Tax Rate for Calcs": "0", "Tax Effect of Unusual Items": "0"}}, "bs": {"12/31/2020": {"Duration": "12/31/2020", "Total Assets": "821,305", "Total Liabilities Net Minority Interest": "740,300", "Total Equity Gross Minority Interest": "81,005", "Total Capitalization": "102,160", "Common Stock Equity": "81,005", "Net Tangible Assets": "81,005", "Invested Capital": "104,160", "Tangible Book Value": "81,005", "Total Debt": "23,155", "Net Debt": "-", "Share Issued": "4,728", "Ordinary Shares Number": "4,223", "Treasury Shares Number": "505.114"}, "12/31/2019": {"Duration": "12/31/2019", "Total Assets": "737,162", "Total Liabilities Net Minority Interest": "662,824", "Total Equity Gross Minority Interest": "74,338", "Total Capitalization": "103,493", "Common Stock Equity": "74,338", "Net Tangible Assets": "74,338", "Invested Capital": "103,493", "Tangible Book Value": "74,338", "Total Debt": "29,155", "Net Debt": "1,340", "Share Issued": "4,728", "Ordinary Shares Number": "4,324", "Treasury Shares Number": "404.445"}, "12/31/2018": {"Duration": "12/31/2018", "Total Assets": "714,666", "Total Liabilities Net Minority Interest": "649,748", "Total Equity Gross Minority Interest": "64,918", "Total Capitalization": "86,073", "Common Stock Equity": "64,918", "Net Tangible Assets": "64,918", "Invested Capital": "98,073", "Tangible Book Value": "64,918", "Total Debt": "33,155", "Net Debt": "13,463", "Share Issued": "4,728", "Ordinary Shares Number": "4,350", "Treasury Shares Number": "378.643"}}, "cf": {"TTM": {"Duration": "TTM", "Operating Cash Flow": "10,164", "Investing Cash Flow": "-71,825", "Financing Cash Flow": "69,954", "End Cash Position": "36,108", "Income Tax Paid Supplemental Data": "1,150", "Interest Paid Supplemental Data": "4,036", "Capital Expenditure": "-652", "Issuance of Capital Stock": "0", "Issuance of Debt": "6,000", "Repayment of Debt": "-14,000", "Repurchase of Capital Stock": "-3,154", "Free Cash Flow": "9,512"}, "12/31/2020": {"Duration": "12/31/2020", "Operating Cash Flow": "10,164", "Investing Cash Flow": "-71,825", "Financing Cash Flow": "69,954", "End Cash Position": "36,108", "Income Tax Paid Supplemental Data": "1,150", "Interest Paid Supplemental Data": "4,036", "Capital Expenditure": "-652", "Issuance of Capital Stock": "0", "Issuance of Debt": "6,000", "Repayment of Debt": "-14,000", "Repurchase of Capital Stock": "-3,154", "Free Cash Flow": "9,512"}, "12/31/2019": {"Duration": "12/31/2019", "Operating Cash Flow": "7,993", "Investing Cash Flow": "-6,088", "Financing Cash Flow": "6,218", "End Cash Position": "27,815", "Income Tax Paid Supplemental Data": "0", "Interest Paid Supplemental Data": "5,415", "Capital Expenditure": "-2,685", "Issuance of Capital Stock": "60", "Issuance of Debt": "14,000", "Repayment of Debt": "-6,000", "Repurchase of Capital Stock": "-1,336", "Free Cash Flow": "5,308"}, "12/31/2018": {"Duration": "12/31/2018", "Operating Cash Flow": "13,134", "Investing Cash Flow": "-8,733", "Financing Cash Flow": "-3,834", "End Cash Position": "19,692", "Income Tax Paid Supplemental Data": "600", "Interest Paid Supplemental Data": "4,339", "Capital Expenditure": "-1,935", "Issuance of Capital Stock": "-", "Issuance of Debt": "8,000", "Repayment of Debt": "-6,000", "Repurchase of Capital Stock": "-1,781", "Free Cash Flow": "11,199"}}}}, {"THFF": {"quote": {"03/28/2021": {"value": "45.81", "Market Cap": "619.539M", "Beta (5Y Monthly)": "0.85", "PE Ratio (TTM)": "11.67", "EPS (TTM)": "3.93", "Earnings Date": "Apr 27, 2021 - May 03, 2021", "Forward Dividend & Yield": "1.06 (2.31%)", "Ex-Dividend Date": "Jan 07, 2021", "1y Target Est": "44.00"}}, "fin": {"TTM": {"Duration": "TTM", "Total Revenue": "188,822", "Credit Losses Provision": "-10,528", "Non Interest Expense": "112,758", "Pretax Income": "65,536", "Tax Provision": "11,692", "Net Income Common Stockholders": "53,844", "Diluted NI Available to Com Stockholders": "53,844", "Basic EPS": "-", "Diluted EPS": "-", "Basic Average Shares": "-", "Diluted Average Shares": "-", "INTEREST_INCOME_AFTER_PROVISION_FOR_LOAN_LOSS": "135,818", "Net Income from Continuing & Discontinued Operation": "53,844", "Normalized Income": "53,844", "Reconciled Depreciation": "6,092", "Net Income from Continuing Operation Net Minority Interest": "53,844", "Tax Rate for Calcs": "0", "Tax Effect of Unusual Items": "0"}, "12/31/2020": {"Duration": "12/31/2020", "Total Revenue": "188,822", "Credit Losses Provision": "-10,528", "Non Interest Expense": "112,758", "Pretax Income": "65,536", "Tax Provision": "11,692", "Net Income Common Stockholders": "53,844", "Diluted NI Available to Com Stockholders": "53,844", "Basic EPS": "-", "Diluted EPS": "-", "Basic Average Shares": "-", "Diluted Average Shares": "-", "INTEREST_INCOME_AFTER_PROVISION_FOR_LOAN_LOSS": "135,818", "Net Income from Continuing & Discontinued Operation": "53,844", "Normalized Income": "53,844", "Reconciled Depreciation": "6,092", "Net Income from Continuing Operation Net Minority Interest": "53,844", "Tax Rate for Calcs": "0", "Tax Effect of Unusual Items": "0"}, "12/31/2019": {"Duration": "12/31/2019", "Total Revenue": "170,104", "Credit Losses Provision": "-4,700", "Non Interest Expense": "104,405", "Pretax Income": "60,999", "Tax Provision": "12,127", "Net Income Common Stockholders": "48,872", "Diluted NI Available to Com Stockholders": "48,872", "Basic EPS": "3.80", "Diluted EPS": "3.80", "Basic Average Shares": "12,865", "Diluted Average Shares": "12,865", "INTEREST_INCOME_AFTER_PROVISION_FOR_LOAN_LOSS": "126,952", "Net Income from Continuing & Discontinued Operation": "48,872", "Normalized Income": "48,872", "Reconciled Depreciation": "4,826", "Net Income from Continuing Operation Net Minority Interest": "48,872", "Tax Rate for Calcs": "0", "Tax Effect of Unusual Items": "0"}, "12/31/2018": {"Duration": "12/31/2018", "Total Revenue": "154,785", "Credit Losses Provision": "-5,768", "Non Interest Expense": "91,289", "Pretax Income": "57,728", "Tax Provision": "11,145", "Net Income Common Stockholders": "46,583", "Diluted NI Available to Com Stockholders": "46,583", "Basic EPS": "3.80", "Diluted EPS": "3.80", "Basic Average Shares": "12,256", "Diluted Average Shares": "12,256", "INTEREST_INCOME_AFTER_PROVISION_FOR_LOAN_LOSS": "110,811", "Net Income from Continuing & Discontinued Operation": "46,583", "Normalized Income": "46,583", "Reconciled Depreciation": "4,164", "Net Income from Continuing Operation Net Minority Interest": "46,583", "Tax Rate for Calcs": "0", "Tax Effect of Unusual Items": "0"}}, "bs": {"12/31/2020": {"Duration": "12/31/2020", "Total Assets": "4,557,544", "Total Liabilities Net Minority Interest": "3,960,552", "Total Equity Gross Minority Interest": "596,992", "Total Capitalization": "602,851", "Common Stock Equity": "596,992", "Capital Lease Obligations": "5,801", "Net Tangible Assets": "507,827", "Invested Capital": "602,851", "Tangible Book Value": "507,827", "Total Debt": "11,660", "Share Issued": "16,075", "Ordinary Shares Number": "13,559", "Treasury Shares Number": "2,517"}, "12/31/2019": {"Duration": "12/31/2019", "Total Assets": "4,023,250", "Total Liabilities Net Minority Interest": "3,465,642", "Total Equity Gross Minority Interest": "557,608", "Total Capitalization": "588,581", "Common Stock Equity": "557,608", "Capital Lease Obligations": "-", "Net Tangible Assets": "468,373", "Invested Capital": "588,581", "Tangible Book Value": "468,373", "Total Debt": "30,973", "Share Issued": "16,055", "Ordinary Shares Number": "13,742", "Treasury Shares Number": "2,314"}, "12/31/2018": {"Duration": "12/31/2018", "Total Assets": "3,008,718", "Total Liabilities Net Minority Interest": "2,566,017", "Total Equity Gross Minority Interest": "442,701", "Total Capitalization": "-", "Common Stock Equity": "442,701", "Capital Lease Obligations": "-", "Net Tangible Assets": "407,149", "Invested Capital": "512,353", "Tangible Book Value": "407,149", "Total Debt": "69,656", "Share Issued": "14,613", "Ordinary Shares Number": "12,278", "Treasury Shares Number": "2,334"}}, "cf": {"TTM": {"Duration": "TTM", "Operating Cash Flow": "77,425", "Investing Cash Flow": "-16,248", "Financing Cash Flow": "468,867", "End Cash Position": "657,470", "Income Tax Paid Supplemental Data": "7,549", "Interest Paid Supplemental Data": "14,845", "Capital Expenditure": "-3,908", "Issuance of Debt": "16,700", "Repayment of Debt": "-42,010", "Repurchase of Capital Stock": "-9,220", "Free Cash Flow": "73,517"}, "12/31/2020": {"Duration": "12/31/2020", "Operating Cash Flow": "77,425", "Investing Cash Flow": "-16,248", "Financing Cash Flow": "468,867", "End Cash Position": "657,470", "Income Tax Paid Supplemental Data": "7,549", "Interest Paid Supplemental Data": "14,845", "Capital Expenditure": "-3,908", "Issuance of Debt": "16,700", "Repayment of Debt": "-42,010", "Repurchase of Capital Stock": "-9,220", "Free Cash Flow": "73,517"}, "12/31/2019": {"Duration": "12/31/2019", "Operating Cash Flow": "49,901", "Investing Cash Flow": "-32,866", "Financing Cash Flow": "36,003", "End Cash Position": "127,426", "Income Tax Paid Supplemental Data": "9,595", "Interest Paid Supplemental Data": "16,339", "Capital Expenditure": "-1,103", "Issuance of Debt": "217,000", "Repayment of Debt": "-217,000", "Repurchase of Capital Stock": "-315", "Free Cash Flow": "48,798"}, "12/31/2018": {"Duration": "12/31/2018", "Operating Cash Flow": "57,448", "Investing Cash Flow": "-34,324", "Financing Cash Flow": "-22,843", "End Cash Position": "74,388", "Income Tax Paid Supplemental Data": "7,185", "Interest Paid Supplemental Data": "9,408", "Capital Expenditure": "-2,013", "Issuance of Debt": "115,600", "Repayment of Debt": "-115,600", "Repurchase of Capital Stock": "-391", "Free Cash Flow": "55,435"}}}}, {"TFSL": {"quote": {"03/28/2021": {"value": "20.91", "Market Cap": "5.867B", "Beta (5Y Monthly)": "0.45", "PE Ratio (TTM)": "72.10", "EPS (TTM)": "0.29", "Earnings Date": "Apr 28, 2021 - May 03, 2021", "Forward Dividend & Yield": "1.12 (5.36%)", "Ex-Dividend Date": "Mar 08, 2021", "1y Target Est": "19.00"}}, "fin": {"TTM": {"Duration": "TTM", "Total Revenue": "299,608", "Credit Losses Provision": "-4,000", "Non Interest Expense": "196,683", "Pretax Income": "98,925", "Tax Provision": "16,248", "Net Income Common Stockholders": "81,106", "Diluted NI Available to Com Stockholders": "81,106", "Basic EPS": "-", "Diluted EPS": "-", "Basic Average Shares": "-", "Diluted Average Shares": "-", "INTEREST_INCOME_AFTER_PROVISION_FOR_LOAN_LOSS": "232,826", "Net Income from Continuing & Discontinued Operation": "82,677", "Normalized Income": "82,677", "Reconciled Depreciation": "34,857", "Net Income from Continuing Operation Net Minority Interest": "82,677", "Tax Rate for Calcs": "0", "Tax Effect of Unusual Items": "0"}, "9/30/2020": {"Duration": "9/30/2020", "Total Revenue": "295,519", "Credit Losses Provision": "-3,000", "Non Interest Expense": "192,274", "Pretax Income": "100,245", "Tax Provision": "16,928", "Net Income Common Stockholders": "81,738", "Diluted NI Available to Com Stockholders": "81,738", "Basic EPS": "0.30", "Diluted EPS": "0.30", "Basic Average Shares": "275,860", "Diluted Average Shares": "277,803", "INTEREST_INCOME_AFTER_PROVISION_FOR_LOAN_LOSS": "239,268", "Net Income from Continuing & Discontinued Operation": "83,317", "Normalized Income": "83,317", "Reconciled Depreciation": "32,820", "Net Income from Continuing Operation Net Minority Interest": "83,317", "Tax Rate for Calcs": "0", "Tax Effect of Unusual Items": "0"}, "9/30/2019": {"Duration": "9/30/2019", "Total Revenue": "285,885", "Credit Losses Provision": "10,000", "Non Interest Expense": "193,673", "Pretax Income": "102,212", "Tax Provision": "21,975", "Net Income Common Stockholders": "78,715", "Diluted NI Available to Com Stockholders": "78,715", "Basic EPS": "0.29", "Diluted EPS": "0.28", "Basic Average Shares": "275,396", "Diluted Average Shares": "277,374", "INTEREST_INCOME_AFTER_PROVISION_FOR_LOAN_LOSS": "275,421", "Net Income from Continuing & Discontinued Operation": "80,237", "Normalized Income": "80,237", "Reconciled Depreciation": "22,950", "Net Income from Continuing Operation Net Minority Interest": "80,237", "Tax Rate for Calcs": "0", "Tax Effect of Unusual Items": "0"}, "9/30/2018": {"Duration": "9/30/2018", "Total Revenue": "302,477", "Credit Losses Provision": "11,000", "Non Interest Expense": "192,313", "Pretax Income": "121,164", "Tax Provision": "35,757", "Net Income Common Stockholders": "84,196", "Diluted NI Available to Com Stockholders": "84,196", "Basic EPS": "0.31", "Diluted EPS": "0.31", "Basic Average Shares": "275,590", "Diluted Average Shares": "277,298", "INTEREST_INCOME_AFTER_PROVISION_FOR_LOAN_LOSS": "291,941", "Net Income from Continuing & Discontinued Operation": "85,407", "Normalized Income": "85,407", "Reconciled Depreciation": "25,187", "Net Income from Continuing Operation Net Minority Interest": "85,407", "Tax Rate for Calcs": "0", "Tax Effect of Unusual Items": "0"}}, "bs": {"9/30/2020": {"Duration": "9/30/2020", "Total Assets": "14,642,221", "Total Liabilities Net Minority Interest": "12,970,368", "Total Equity Gross Minority Interest": "1,671,853", "Total Capitalization": "5,191,924", "Common Stock Equity": "1,671,853", "Net Tangible Assets": "1,663,993", "Invested Capital": "5,191,924", "Tangible Book Value": "1,663,993", "Total Debt": "3,520,071", "Net Debt": "3,022,038", "Share Issued": "332,319", "Ordinary Shares Number": "280,150", "Treasury Shares Number": "52,169"}, "9/30/2019": {"Duration": "9/30/2019", "Total Assets": "14,542,356", "Total Liabilities Net Minority Interest": "12,845,602", "Total Equity Gross Minority Interest": "1,696,754", "Total Capitalization": "5,591,935", "Common Stock Equity": "1,696,754", "Net Tangible Assets": "1,688,674", "Invested Capital": "5,591,935", "Tangible Book Value": "1,688,674", "Total Debt": "3,895,181", "Net Debt": "3,620,038", "Share Issued": "332,319", "Ordinary Shares Number": "279,963", "Treasury Shares Number": "52,356"}, "9/30/2018": {"Duration": "9/30/2018", "Total Assets": "14,137,331", "Total Liabilities Net Minority Interest": "12,378,927", "Total Equity Gross Minority Interest": "1,758,404", "Total Capitalization": "5,474,294", "Common Stock Equity": "1,758,404", "Net Tangible Assets": "1,749,564", "Invested Capital": "5,474,294", "Tangible Book Value": "1,749,564", "Total Debt": "3,715,890", "Net Debt": "3,446,115", "Share Issued": "332,319", "Ordinary Shares Number": "280,311", "Treasury Shares Number": "52,008"}}, "cf": {"TTM": {"Duration": "TTM", "Operating Cash Flow": "116,585", "Investing Cash Flow": "452,140", "Financing Cash Flow": "-350,031", "End Cash Position": "499,920", "Income Tax Paid Supplemental Data": "1,679", "Interest Paid Supplemental Data": "169,694", "Capital Expenditure": "-3,188", "Issuance of Debt": "100,000", "Repayment of Debt": "-239,516", "Repurchase of Capital Stock": "-3,294", "Free Cash Flow": "113,397"}, "9/30/2020": {"Duration": "9/30/2020", "Operating Cash Flow": "121,798", "Investing Cash Flow": "147,576", "Financing Cash Flow": "-46,484", "End Cash Position": "498,033", "Income Tax Paid Supplemental Data": "1,673", "Interest Paid Supplemental Data": "194,563", "Capital Expenditure": "-3,207", "Issuance of Debt": "250,000", "Repayment of Debt": "-350,110", "Repurchase of Capital Stock": "-2,320", "Free Cash Flow": "118,591"}, "9/30/2019": {"Duration": "9/30/2019", "Operating Cash Flow": "103,001", "Investing Cash Flow": "-341,982", "Financing Cash Flow": "244,349", "End Cash Position": "275,143", "Income Tax Paid Supplemental Data": "9,689", "Interest Paid Supplemental Data": "225,106", "Capital Expenditure": "-3,778", "Issuance of Debt": "275,000", "Repayment of Debt": "-420,709", "Repurchase of Capital Stock": "-10,625", "Free Cash Flow": "99,223"}, "9/30/2018": {"Duration": "9/30/2018", "Operating Cash Flow": "146,991", "Investing Cash Flow": "-474,855", "Financing Cash Flow": "329,421", "End Cash Position": "269,775", "Income Tax Paid Supplemental Data": "32,525", "Interest Paid Supplemental Data": "161,560", "Capital Expenditure": "-8,373", "Issuance of Debt": "15,088", "Repayment of Debt": "-281,809", "Repurchase of Capital Stock": "-21,513", "Free Cash Flow": "138,618"}}}}, {"FRME": {"quote": {"03/28/2021": {"value": "48.43", "Market Cap": "2.632B", "Beta (5Y Monthly)": "1.33", "PE Ratio (TTM)": "17.68", "EPS (TTM)": "2.74", "Earnings Date": "Apr 21, 2021 - Apr 26, 2021", "Forward Dividend & Yield": "1.04 (2.15%)", "Ex-Dividend Date": "Mar 04, 2021", "1y Target Est": "44.67"}}, "fin": {"TTM": {"Duration": "TTM", "Total Revenue": "492,896", "Credit Losses Provision": "-38,921", "Non Interest Expense": "263,332", "Special Income Charges": "-", "Pretax Income": "190,643", "Tax Provision": "26,837", "Net Income Common Stockholders": "163,806", "Diluted NI Available to Com Stockholders": "163,806", "Basic EPS": "-", "Diluted EPS": "-", "Basic Average Shares": "-", "Diluted Average Shares": "-", "INTEREST_INCOME_AFTER_PROVISION_FOR_LOAN_LOSS": "349,757", "Net Income from Continuing & Discontinued Operation": "163,806", "Normalized Income": "163,806", "Total Money Market Investments": "477", "Reconciled Depreciation": "5,830", "Net Income from Continuing Operation Net Minority Interest": "163,806", "Total Unusual Items Excluding Goodwill": "-", "Total Unusual Items": "-", "Tax Rate for Calcs": "0", "Tax Effect of Unusual Items": "0"}, "12/31/2020": {"Duration": "12/31/2020", "Total Revenue": "492,053", "Credit Losses Provision": "-58,673", "Non Interest Expense": "263,405", "Special Income Charges": "-", "Pretax Income": "169,975", "Tax Provision": "21,375", "Net Income Common Stockholders": "148,600", "Diluted NI Available to Com Stockholders": "148,600", "Basic EPS": "-", "Diluted EPS": "-", "Basic Average Shares": "-", "Diluted Average Shares": "-", "INTEREST_INCOME_AFTER_PROVISION_FOR_LOAN_LOSS": "323,454", "Net Income from Continuing & Discontinued Operation": "148,600", "Normalized Income": "148,600", "Total Money Market Investments": "938", "Reconciled Depreciation": "11,009", "Net Income from Continuing Operation Net Minority Interest": "148,600", "Total Unusual Items Excluding Goodwill": "-", "Total Unusual Items": "-", "Tax Rate for Calcs": "0", "Tax Effect of Unusual Items": "0"}, "12/31/2019": {"Duration": "12/31/2019", "Total Revenue": "443,348", "Credit Losses Provision": "-2,800", "Non Interest Expense": "246,763", "Special Income Charges": "-", "Pretax Income": "193,785", "Tax Provision": "29,325", "Net Income Common Stockholders": "164,460", "Diluted NI Available to Com Stockholders": "164,460", "Basic EPS": "3.20", "Diluted EPS": "3.19", "Basic Average Shares": "51,394", "Diluted Average Shares": "51,561", "INTEREST_INCOME_AFTER_PROVISION_FOR_LOAN_LOSS": "353,860", "Net Income from Continuing & Discontinued Operation": "164,460", "Normalized Income": "164,460", "Total Money Market Investments": "4,225", "Reconciled Depreciation": "9,383", "Net Income from Continuing Operation Net Minority Interest": "164,460", "Total Unusual Items Excluding Goodwill": "-", "Total Unusual Items": "-", "Tax Rate for Calcs": "0", "Tax Effect of Unusual Items": "0"}, "12/31/2018": {"Duration": "12/31/2018", "Total Revenue": "415,316", "Credit Losses Provision": "-7,227", "Non Interest Expense": "219,951", "Special Income Charges": "-", "Pretax Income": "188,138", "Tax Provision": "28,999", "Net Income Common Stockholders": "159,139", "Diluted NI Available to Com Stockholders": "159,139", "Basic EPS": "3.23", "Diluted EPS": "3.22", "Basic Average Shares": "49,269", "Diluted Average Shares": "49,471", "INTEREST_INCOME_AFTER_PROVISION_FOR_LOAN_LOSS": "331,630", "Net Income from Continuing & Discontinued Operation": "159,139", "Normalized Income": "159,139", "Total Money Market Investments": "2,241", "Reconciled Depreciation": "8,842", "Net Income from Continuing Operation Net Minority Interest": "159,139", "Total Unusual Items Excluding Goodwill": "-", "Total Unusual Items": "-", "Tax Rate for Calcs": "0", "Tax Effect of Unusual Items": "0"}}, "bs": {"12/31/2020": {"Duration": "12/31/2020", "Total Assets": "14,067,210", "Total Liabilities Net Minority Interest": "12,191,565", "Total Equity Gross Minority Interest": "1,875,645", "Total Capitalization": "2,383,455", "Preferred Stock Equity": "125", "Common Stock Equity": "1,875,520", "Net Tangible Assets": "1,302,752", "Invested Capital": "2,383,330", "Tangible Book Value": "1,302,627", "Total Debt": "507,810", "Net Debt": "-", "Share Issued": "53,922", "Ordinary Shares Number": "53,922", "Preferred Shares Number": "116.125"}, "12/31/2019": {"Duration": "12/31/2019", "Total Assets": "12,457,254", "Total Liabilities Net Minority Interest": "10,670,817", "Total Equity Gross Minority Interest": "1,786,437", "Total Capitalization": "2,276,194", "Preferred Stock Equity": "125", "Common Stock Equity": "1,786,312", "Net Tangible Assets": "1,207,557", "Invested Capital": "2,276,069", "Tangible Book Value": "1,207,432", "Total Debt": "489,757", "Net Debt": "194,293", "Share Issued": "55,368", "Ordinary Shares Number": "55,368", "Preferred Shares Number": "116.125"}, "12/31/2018": {"Duration": "12/31/2018", "Total Assets": "9,884,716", "Total Liabilities Net Minority Interest": "8,476,456", "Total Equity Gross Minority Interest": "1,408,260", "Total Capitalization": "1,861,709", "Preferred Stock Equity": "125", "Common Stock Equity": "1,408,135", "Net Tangible Assets": "938,476", "Invested Capital": "1,861,584", "Tangible Book Value": "938,351", "Total Debt": "453,449", "Net Debt": "277,239", "Share Issued": "49,350", "Ordinary Shares Number": "49,350", "Preferred Shares Number": "116.125"}}, "cf": {"TTM": {"Duration": "TTM", "Operating Cash Flow": "-", "Investing Cash Flow": "-", "Financing Cash Flow": "-", "End Cash Position": "-", "Income Tax Paid Supplemental Data": "-", "Interest Paid Supplemental Data": "-", "Issuance of Capital Stock": "1,715", "Issuance of Debt": "-", "Repayment of Debt": "-", "Repurchase of Capital Stock": "-", "Free Cash Flow": "-"}, "12/31/2020": {"Duration": "12/31/2020", "Operating Cash Flow": "204,811", "Investing Cash Flow": "-1,552,025", "Financing Cash Flow": "1,362,909", "End Cash Position": "192,896", "Income Tax Paid Supplemental Data": "33,201", "Interest Paid Supplemental Data": "69,848", "Issuance of Capital Stock": "-", "Issuance of Debt": "573,757", "Repayment of Debt": "-621,548", "Repurchase of Capital Stock": "-56,892", "Free Cash Flow": "204,811"}, "12/31/2019": {"Duration": "12/31/2019", "Operating Cash Flow": "178,407", "Investing Cash Flow": "-1,006,399", "Financing Cash Flow": "865,946", "End Cash Position": "177,201", "Income Tax Paid Supplemental Data": "23,588", "Interest Paid Supplemental Data": "107,598", "Issuance of Capital Stock": "1,531", "Issuance of Debt": "599,298", "Repayment of Debt": "-643,169", "Repurchase of Capital Stock": "-20,721", "Free Cash Flow": "178,407"}, "12/31/2018": {"Duration": "12/31/2018", "Operating Cash Flow": "180,235", "Investing Cash Flow": "-575,576", "Financing Cash Flow": "379,683", "End Cash Position": "139,247", "Income Tax Paid Supplemental Data": "23,289", "Interest Paid Supplemental Data": "67,870", "Issuance of Capital Stock": "1,211", "Issuance of Debt": "1,515,526", "Repayment of Debt": "-1,677,860", "Repurchase of Capital Stock": "-1,902", "Free Cash Flow": "180,235"}}}}, {"SRCE": {"quote": {"03/28/2021": {"value": "49.05", "Market Cap": "1.282B", "Beta (5Y Monthly)": "1.19", "PE Ratio (TTM)": "15.48", "EPS (TTM)": "3.17", "Earnings Date": "Apr 21, 2021 - Apr 26, 2021", "Forward Dividend & Yield": "1.16 (2.36%)", "Ex-Dividend Date": "Feb 01, 2021", "1y Target Est": "45.67"}}, "fin": {"TTM": {"Duration": "TTM", "Total Revenue": "329,709", "Credit Losses Provision": "-36,001", "Non Interest Expense": "187,367", "Pretax Income": "106,341", "Tax Provision": "24,880", "Net Income Common Stockholders": "80,903", "Diluted NI Available to Com Stockholders": "80,903", "Basic EPS": "-", "Diluted EPS": "-", "Basic Average Shares": "-", "Diluted Average Shares": "-", "INTEREST_INCOME_AFTER_PROVISION_FOR_LOAN_LOSS": "189,819", "Net Income from Continuing & Discontinued Operation": "81,437", "Normalized Income": "81,437", "Reconciled Depreciation": "31,079", "Net Income from Continuing Operation Net Minority Interest": "81,437", "Tax Rate for Calcs": "0", "Tax Effect of Unusual Items": "0"}, "12/31/2020": {"Duration": "12/31/2020", "Total Revenue": "329,709", "Credit Losses Provision": "-36,001", "Non Interest Expense": "187,367", "Pretax Income": "106,341", "Tax Provision": "24,880", "Net Income Common Stockholders": "80,903", "Diluted NI Available to Com Stockholders": "80,903", "Basic EPS": "-", "Diluted EPS": "-", "Basic Average Shares": "-", "Diluted Average Shares": "-", "INTEREST_INCOME_AFTER_PROVISION_FOR_LOAN_LOSS": "189,819", "Net Income from Continuing & Discontinued Operation": "81,437", "Normalized Income": "81,437", "Reconciled Depreciation": "31,079", "Net Income from Continuing Operation Net Minority Interest": "81,437", "Tax Rate for Calcs": "0", "Tax Effect of Unusual Items": "0"}, "12/31/2019": {"Duration": "12/31/2019", "Total Revenue": "324,996", "Credit Losses Provision": "-15,833", "Non Interest Expense": "189,009", "Pretax Income": "120,154", "Tax Provision": "28,139", "Net Income Common Stockholders": "91,442", "Diluted NI Available to Com Stockholders": "91,442", "Basic EPS": "3.57", "Diluted EPS": "3.57", "Basic Average Shares": "25,600", "Diluted Average Shares": "25,600", "INTEREST_INCOME_AFTER_PROVISION_FOR_LOAN_LOSS": "208,033", "Net Income from Continuing & Discontinued Operation": "91,960", "Normalized Income": "91,960", "Reconciled Depreciation": "35,272", "Net Income from Continuing Operation Net Minority Interest": "91,960", "Tax Rate for Calcs": "0", "Tax Effect of Unusual Items": "0"}, "12/31/2018": {"Duration": "12/31/2018", "Total Revenue": "310,956", "Credit Losses Provision": "-19,462", "Non Interest Expense": "186,467", "Pretax Income": "105,027", "Tax Provision": "22,613", "Net Income Common Stockholders": "81,869", "Diluted NI Available to Com Stockholders": "81,869", "Basic EPS": "3.16", "Diluted EPS": "3.16", "Basic Average Shares": "25,938", "Diluted Average Shares": "25,938", "INTEREST_INCOME_AFTER_PROVISION_FOR_LOAN_LOSS": "194,444", "Net Income from Continuing & Discontinued Operation": "82,414", "Normalized Income": "82,414", "Reconciled Depreciation": "32,824", "Net Income from Continuing Operation Net Minority Interest": "82,414", "Tax Rate for Calcs": "0", "Tax Effect of Unusual Items": "0"}}, "bs": {"12/31/2020": {"Duration": "12/31/2020", "Total Assets": "7,316,411", "Total Liabilities Net Minority Interest": "6,385,741", "Total Equity Gross Minority Interest": "930,670", "Total Capitalization": "1,007,115", "Common Stock Equity": "886,845", "Net Tangible Assets": "802,897", "Invested Capital": "1,014,192", "Tangible Book Value": "802,897", "Total Debt": "127,347", "Net Debt": "53,161", "Share Issued": "28,206", "Ordinary Shares Number": "25,389", "Treasury Shares Number": "2,817"}, "12/31/2019": {"Duration": "12/31/2019", "Total Assets": "6,622,776", "Total Liabilities Net Minority Interest": "5,774,140", "Total Equity Gross Minority Interest": "848,636", "Total Capitalization": "940,708", "Common Stock Equity": "828,277", "Net Tangible Assets": "744,306", "Invested Capital": "966,142", "Tangible Book Value": "744,306", "Total Debt": "137,865", "Net Debt": "70,650", "Share Issued": "28,206", "Ordinary Shares Number": "25,509", "Treasury Shares Number": "2,696"}, "12/31/2018": {"Duration": "12/31/2018", "Total Assets": "6,293,745", "Total Liabilities Net Minority Interest": "5,530,155", "Total Equity Gross Minority Interest": "763,590", "Total Capitalization": "875,427", "Common Stock Equity": "762,082", "Net Tangible Assets": "678,084", "Invested Capital": "961,144", "Tangible Book Value": "678,084", "Total Debt": "199,062", "Net Debt": "104,155", "Share Issued": "28,206", "Ordinary Shares Number": "25,784", "Treasury Shares Number": "2,422"}}, "cf": {"TTM": {"Duration": "TTM", "Operating Cash Flow": "154,493", "Investing Cash Flow": "-582,658", "Financing Cash Flow": "587,847", "End Cash Position": "243,047", "Income Tax Paid Supplemental Data": "13,461", "Interest Paid Supplemental Data": "47,134", "Capital Expenditure": "-2,850", "Issuance of Capital Stock": "-", "Issuance of Debt": "10,000", "Repayment of Debt": "-2,905", "Repurchase of Capital Stock": "-6,415", "Free Cash Flow": "151,643"}, "12/31/2020": {"Duration": "12/31/2020", "Operating Cash Flow": "154,493", "Investing Cash Flow": "-582,658", "Financing Cash Flow": "587,847", "End Cash Position": "243,047", "Income Tax Paid Supplemental Data": "13,461", "Interest Paid Supplemental Data": "47,134", "Capital Expenditure": "-2,850", "Issuance of Capital Stock": "-", "Issuance of Debt": "10,000", "Repayment of Debt": "-2,905", "Repurchase of Capital Stock": "-6,415", "Free Cash Flow": "151,643"}, "12/31/2019": {"Duration": "12/31/2019", "Operating Cash Flow": "164,606", "Investing Cash Flow": "-333,917", "Financing Cash Flow": "153,597", "End Cash Position": "83,365", "Income Tax Paid Supplemental Data": "5,585", "Interest Paid Supplemental Data": "54,043", "Capital Expenditure": "-10,528", "Issuance of Capital Stock": "-", "Issuance of Debt": "0", "Repayment of Debt": "-2,695", "Repurchase of Capital Stock": "-15,085", "Free Cash Flow": "154,078"}, "12/31/2018": {"Duration": "12/31/2018", "Operating Cash Flow": "144,374", "Investing Cash Flow": "-442,630", "Financing Cash Flow": "319,302", "End Cash Position": "99,079", "Income Tax Paid Supplemental Data": "8,272", "Interest Paid Supplemental Data": "40,413", "Capital Expenditure": "-24,165", "Issuance of Capital Stock": "145", "Issuance of Debt": "0", "Repayment of Debt": "-1,735", "Repurchase of Capital Stock": "-9,271", "Free Cash Flow": "120,209"}}}}, {"LKFN": {"quote": {"03/28/2021": {"value": "71.88", "Market Cap": "1.852B", "Beta (5Y Monthly)": "0.90", "PE Ratio (TTM)": "21.78", "EPS (TTM)": "3.30", "Earnings Date": "Apr 26, 2021 - Apr 30, 2021", "Forward Dividend & Yield": "1.36 (1.89%)", "Ex-Dividend Date": "Jan 22, 2021", "1y Target Est": "60.67"}}, "fin": {"TTM": {"Duration": "TTM", "Total Revenue": "209,851", "Credit Losses Provision": "-14,770", "Non Interest Expense": "91,205", "Pretax Income": "103,876", "Tax Provision": "19,539", "Net Income Common Stockholders": "84,337", "Diluted NI Available to Com Stockholders": "84,337", "Basic EPS": "-", "Diluted EPS": "-", "Basic Average Shares": "-", "Diluted Average Shares": "-", "INTEREST_INCOME_AFTER_PROVISION_FOR_LOAN_LOSS": "148,238", "Net Income from Continuing & Discontinued Operation": "84,337", "Normalized Income": "84,337", "Reconciled Depreciation": "6,814", "Net Income from Continuing Operation Net Minority Interest": "84,337", "Tax Rate for Calcs": "0", "Tax Effect of Unusual Items": "0"}, "12/31/2020": {"Duration": "12/31/2020", "Total Revenue": "209,851", "Credit Losses Provision": "-14,770", "Non Interest Expense": "91,205", "Pretax Income": "103,876", "Tax Provision": "19,539", "Net Income Common Stockholders": "84,337", "Diluted NI Available to Com Stockholders": "84,337", "Basic EPS": "3.31", "Diluted EPS": "3.30", "Basic Average Shares": "25,469", "Diluted Average Shares": "25,574", "INTEREST_INCOME_AFTER_PROVISION_FOR_LOAN_LOSS": "148,238", "Net Income from Continuing & Discontinued Operation": "84,337", "Normalized Income": "84,337", "Reconciled Depreciation": "6,814", "Net Income from Continuing Operation Net Minority Interest": "84,337", "Tax Rate for Calcs": "0", "Tax Effect of Unusual Items": "0"}, "12/31/2019": {"Duration": "12/31/2019", "Total Revenue": "200,044", "Credit Losses Provision": "-3,235", "Non Interest Expense": "89,424", "Pretax Income": "107,385", "Tax Provision": "20,338", "Net Income Common Stockholders": "87,047", "Diluted NI Available to Com Stockholders": "87,047", "Basic EPS": "3.40", "Diluted EPS": "3.38", "Basic Average Shares": "25,588", "Diluted Average Shares": "25,759", "INTEREST_INCOME_AFTER_PROVISION_FOR_LOAN_LOSS": "151,812", "Net Income from Continuing & Discontinued Operation": "87,047", "Normalized Income": "87,047", "Reconciled Depreciation": "6,458", "Net Income from Continuing Operation Net Minority Interest": "87,047", "Tax Rate for Calcs": "0", "Tax Effect of Unusual Items": "0"}, "12/31/2018": {"Duration": "12/31/2018", "Total Revenue": "191,381", "Credit Losses Provision": "-6,400", "Non Interest Expense": "86,037", "Pretax Income": "98,944", "Tax Provision": "18,533", "Net Income Common Stockholders": "80,411", "Diluted NI Available to Com Stockholders": "80,411", "Basic EPS": "3.18", "Diluted EPS": "3.13", "Basic Average Shares": "25,289", "Diluted Average Shares": "25,728", "INTEREST_INCOME_AFTER_PROVISION_FOR_LOAN_LOSS": "144,871", "Net Income from Continuing & Discontinued Operation": "80,411", "Normalized Income": "80,411", "Reconciled Depreciation": "6,157", "Net Income from Continuing Operation Net Minority Interest": "80,411", "Tax Rate for Calcs": "0", "Tax Effect of Unusual Items": "0"}}, "bs": {"12/31/2020": {"Duration": "12/31/2020", "Total Assets": "5,830,435", "Total Liabilities Net Minority Interest": "5,173,251", "Total Equity Gross Minority Interest": "657,184", "Total Capitalization": "742,595", "Common Stock Equity": "657,095", "Net Tangible Assets": "652,125", "Invested Capital": "742,595", "Tangible Book Value": "652,125", "Total Debt": "85,500", "Net Debt": "-", "Share Issued": "25,713", "Ordinary Shares Number": "25,240", "Treasury Shares Number": "473.66"}, "12/31/2019": {"Duration": "12/31/2019", "Total Assets": "4,946,745", "Total Liabilities Net Minority Interest": "4,348,645", "Total Equity Gross Minority Interest": "598,100", "Total Capitalization": "768,011", "Common Stock Equity": "598,011", "Net Tangible Assets": "593,041", "Invested Capital": "768,011", "Tangible Book Value": "593,041", "Total Debt": "170,000", "Net Debt": "70,619", "Share Issued": "25,623", "Ordinary Shares Number": "25,444", "Treasury Shares Number": "178.741"}, "12/31/2018": {"Duration": "12/31/2018", "Total Assets": "4,875,254", "Total Liabilities Net Minority Interest": "4,353,550", "Total Equity Gross Minority Interest": "521,704", "Total Capitalization": "552,543", "Common Stock Equity": "521,615", "Net Tangible Assets": "516,645", "Invested Capital": "722,543", "Tangible Book Value": "516,645", "Total Debt": "200,928", "Net Debt": "-", "Share Issued": "25,302", "Ordinary Shares Number": "25,129", "Treasury Shares Number": "172.959"}}, "cf": {"TTM": {"Duration": "TTM", "Operating Cash Flow": "87,228", "Investing Cash Flow": "-712,024", "Financing Cash Flow": "775,342", "End Cash Position": "249,927", "Income Tax Paid Supplemental Data": "19,335", "Interest Paid Supplemental Data": "35,740", "Capital Expenditure": "-5,719", "Issuance of Capital Stock": "119", "Issuance of Debt": "85,500", "Repayment of Debt": "-170,000", "Repurchase of Capital Stock": "-10,547", "Free Cash Flow": "81,509"}, "12/31/2020": {"Duration": "12/31/2020", "Operating Cash Flow": "87,228", "Investing Cash Flow": "-712,024", "Financing Cash Flow": "775,342", "End Cash Position": "249,927", "Income Tax Paid Supplemental Data": "19,335", "Interest Paid Supplemental Data": "35,740", "Capital Expenditure": "-5,719", "Issuance of Capital Stock": "119", "Issuance of Debt": "85,500", "Repayment of Debt": "-170,000", "Repurchase of Capital Stock": "-10,547", "Free Cash Flow": "81,509"}, "12/31/2019": {"Duration": "12/31/2019", "Operating Cash Flow": "100,039", "Investing Cash Flow": "-168,693", "Financing Cash Flow": "-48,887", "End Cash Position": "99,381", "Income Tax Paid Supplemental Data": "21,035", "Interest Paid Supplemental Data": "58,964", "Capital Expenditure": "-7,998", "Issuance of Capital Stock": "118", "Issuance of Debt": "0", "Repayment of Debt": "-106,483", "Repurchase of Capital Stock": "-515", "Free Cash Flow": "92,041"}, "12/31/2018": {"Duration": "12/31/2018", "Operating Cash Flow": "104,975", "Investing Cash Flow": "-166,442", "Financing Cash Flow": "102,209", "End Cash Position": "216,922", "Income Tax Paid Supplemental Data": "19,033", "Interest Paid Supplemental Data": "43,606", "Capital Expenditure": "-7,968", "Issuance of Capital Stock": "115", "Issuance of Debt": "0", "Repayment of Debt": "-80,030", "Repurchase of Capital Stock": "-463", "Free Cash Flow": "97,007"}}}}, {"PRK": {"quote": {"03/28/2021": {"value": "134.47", "Market Cap": "2.194B", "Beta (5Y Monthly)": "0.86", "PE Ratio (TTM)": "17.24", "EPS (TTM)": "7.80", "Earnings Date": "Apr 26, 2021 - Apr 30, 2021", "Forward Dividend & Yield": "4.12 (3.06%)", "Ex-Dividend Date": "Feb 18, 2021", "1y Target Est": "104.75"}}, "fin": {"TTM": {"Duration": "TTM", "Total Revenue": "453,294", "Credit Losses Provision": "-12,054", "Non Interest Expense": "273,066", "Special Income Charges": "-13,529", "Pretax Income": "154,645", "Tax Provision": "26,722", "Net Income Common Stockholders": "127,923", "Diluted NI Available to Com Stockholders": "127,923", "Basic EPS": "-", "Diluted EPS": "-", "Basic Average Shares": "-", "Diluted Average Shares": "-", "INTEREST_INCOME_AFTER_PROVISION_FOR_LOAN_LOSS": "315,576", "Net Income from Continuing & Discontinued Operation": "127,923", "Normalized Income": "138,113", "Reconciled Depreciation": "10,814", "Net Income from Continuing Operation Net Minority Interest": "127,923", "Total Unusual Items Excluding Goodwill": "-12,322", "Total Unusual Items": "-12,322", "Tax Rate for Calcs": "0", "Tax Effect of Unusual Items": "-2,132"}, "12/31/2020": {"Duration": "12/31/2020", "Total Revenue": "453,294", "Credit Losses Provision": "-12,054", "Non Interest Expense": "273,066", "Special Income Charges": "-13,529", "Pretax Income": "154,645", "Tax Provision": "26,722", "Net Income Common Stockholders": "127,923", "Diluted NI Available to Com Stockholders": "127,923", "Basic EPS": "-", "Diluted EPS": "-", "Basic Average Shares": "-", "Diluted Average Shares": "-", "INTEREST_INCOME_AFTER_PROVISION_FOR_LOAN_LOSS": "315,576", "Net Income from Continuing & Discontinued Operation": "127,923", "Normalized Income": "138,113", "Reconciled Depreciation": "10,814", "Net Income from Continuing Operation Net Minority Interest": "127,923", "Total Unusual Items Excluding Goodwill": "-12,322", "Total Unusual Items": "-12,322", "Tax Rate for Calcs": "0", "Tax Effect of Unusual Items": "-2,132"}, "12/31/2019": {"Duration": "12/31/2019", "Total Revenue": "394,930", "Credit Losses Provision": "-6,171", "Non Interest Expense": "263,988", "Special Income Charges": "-", "Pretax Income": "124,771", "Tax Provision": "22,071", "Net Income Common Stockholders": "102,700", "Diluted NI Available to Com Stockholders": "102,700", "Basic EPS": "6.28", "Diluted EPS": "6.28", "Basic Average Shares": "16,346", "Diluted Average Shares": "16,346", "INTEREST_INCOME_AFTER_PROVISION_FOR_LOAN_LOSS": "291,566", "Net Income from Continuing & Discontinued Operation": "102,700", "Normalized Income": "103,068", "Reconciled Depreciation": "9,119", "Net Income from Continuing Operation Net Minority Interest": "102,700", "Total Unusual Items Excluding Goodwill": "-447", "Total Unusual Items": "-447", "Tax Rate for Calcs": "0", "Tax Effect of Unusual Items": "-79.119"}, "12/31/2018": {"Duration": "12/31/2018", "Total Revenue": "367,999", "Credit Losses Provision": "-7,945", "Non Interest Expense": "228,755", "Special Income Charges": "-", "Pretax Income": "131,299", "Tax Provision": "20,912", "Net Income Common Stockholders": "110,387", "Diluted NI Available to Com Stockholders": "110,387", "Basic EPS": "7.13", "Diluted EPS": "7.07", "Basic Average Shares": "15,489", "Diluted Average Shares": "15,611", "INTEREST_INCOME_AFTER_PROVISION_FOR_LOAN_LOSS": "258,953", "Net Income from Continuing & Discontinued Operation": "110,387", "Normalized Income": "107,238", "Reconciled Depreciation": "8,585", "Net Income from Continuing Operation Net Minority Interest": "110,387", "Total Unusual Items Excluding Goodwill": "3,744", "Total Unusual Items": "3,744", "Tax Rate for Calcs": "0", "Tax Effect of Unusual Items": "595.296"}}, "bs": {"12/31/2020": {"Duration": "12/31/2020", "Total Assets": "9,279,021", "Total Liabilities Net Minority Interest": "8,238,765", "Total Equity Gross Minority Interest": "1,040,256", "Total Capitalization": "1,260,530", "Common Stock Equity": "1,040,256", "Capital Lease Obligations": "16,053", "Net Tangible Assets": "859,191", "Invested Capital": "1,285,530", "Tangible Book Value": "859,191", "Total Debt": "261,327", "Net Debt": "-", "Share Issued": "17,623", "Ordinary Shares Number": "16,314", "Treasury Shares Number": "1,309"}, "12/31/2019": {"Duration": "12/31/2019", "Total Assets": "8,558,377", "Total Liabilities Net Minority Interest": "7,589,363", "Total Equity Gross Minority Interest": "969,014", "Total Capitalization": "1,176,514", "Common Stock Equity": "969,014", "Capital Lease Obligations": "14,482", "Net Tangible Assets": "787,826", "Invested Capital": "1,231,514", "Tangible Book Value": "787,826", "Total Debt": "276,982", "Net Debt": "102,544", "Share Issued": "17,623", "Ordinary Shares Number": "16,346", "Treasury Shares Number": "1,277"}, "12/31/2018": {"Duration": "12/31/2018", "Total Assets": "7,804,308", "Total Liabilities Net Minority Interest": "6,971,802", "Total Equity Gross Minority Interest": "832,506", "Total Capitalization": "1,247,506", "Common Stock Equity": "832,506", "Capital Lease Obligations": "-", "Net Tangible Assets": "702,618", "Invested Capital": "1,304,506", "Tangible Book Value": "702,618", "Total Debt": "472,000", "Net Debt": "304,786", "Share Issued": "16,586", "Ordinary Shares Number": "15,698", "Treasury Shares Number": "887.987"}}, "cf": {"TTM": {"Duration": "TTM", "Operating Cash Flow": "111,646", "Investing Cash Flow": "-455,902", "Financing Cash Flow": "554,774", "End Cash Position": "370,474", "Income Tax Paid Supplemental Data": "24,260", "Interest Paid Supplemental Data": "29,157", "Capital Expenditure": "-28,632", "Issuance of Debt": "172,620", "Repayment of Debt": "-170,529", "Repurchase of Capital Stock": "-7,507", "Free Cash Flow": "83,014"}, "12/31/2020": {"Duration": "12/31/2020", "Operating Cash Flow": "111,646", "Investing Cash Flow": "-455,902", "Financing Cash Flow": "554,774", "End Cash Position": "370,474", "Income Tax Paid Supplemental Data": "24,260", "Interest Paid Supplemental Data": "29,157", "Capital Expenditure": "-28,632", "Issuance of Debt": "172,620", "Repayment of Debt": "-170,529", "Repurchase of Capital Stock": "-7,507", "Free Cash Flow": "83,014"}, "12/31/2019": {"Duration": "12/31/2019", "Operating Cash Flow": "111,014", "Investing Cash Flow": "60,079", "Financing Cash Flow": "-178,351", "End Cash Position": "159,956", "Income Tax Paid Supplemental Data": "15,186", "Interest Paid Supplemental Data": "63,038", "Capital Expenditure": "-14,885", "Issuance of Debt": "50,000", "Repayment of Debt": "-277,572", "Repurchase of Capital Stock": "-40,535", "Free Cash Flow": "96,129"}, "12/31/2018": {"Duration": "12/31/2018", "Operating Cash Flow": "132,950", "Investing Cash Flow": "44,292", "Financing Cash Flow": "-179,140", "End Cash Position": "167,214", "Income Tax Paid Supplemental Data": "7,345", "Interest Paid Supplemental Data": "43,600", "Capital Expenditure": "-11,533", "Issuance of Debt": "50,000", "Repayment of Debt": "-319,323", "Repurchase of Capital Stock": "-5,784", "Free Cash Flow": "121,417"}}}}, {"WTFC": {"quote": {"03/28/2021": {"value": "78.98", "Market Cap": "4.493B", "Beta (5Y Monthly)": "1.59", "PE Ratio (TTM)": "16.88", "EPS (TTM)": "4.68", "Earnings Date": "Apr 19, 2021", "Forward Dividend & Yield": "1.24 (1.57%)", "Ex-Dividend Date": "Feb 10, 2021", "1y Target Est": "77.25"}}, "fin": {"TTM": {"Duration": "TTM", "Total Revenue": "1,714,678", "Credit Losses Provision": "-115,873", "Non Interest Expense": "1,089,248", "Special Income Charges": "-", "Pretax Income": "509,557", "Tax Provision": "126,231", "Net Income Common Stockholders": "357,008", "Average Dilution Earnings": "-", "Diluted NI Available to Com Stockholders": "357,008", "Basic EPS": "-", "Diluted EPS": "-", "Basic Average Shares": "-", "Diluted Average Shares": "-", "INTEREST_INCOME_AFTER_PROVISION_FOR_LOAN_LOSS": "924,486", "Net Income from Continuing & Discontinued Operation": "383,326", "Normalized Income": "383,326", "Total Money Market Investments": "5,000", "Reconciled Depreciation": "49,588", "Net Income from Continuing Operation Net Minority Interest": "383,326", "Total Unusual Items Excluding Goodwill": "-", "Total Unusual Items": "-", "Tax Rate for Calcs": "0", "Tax Effect of Unusual Items": "0"}, "12/31/2020": {"Duration": "12/31/2020", "Total Revenue": "1,640,982", "Credit Losses Provision": "-214,220", "Non Interest Expense": "1,036,981", "Special Income Charges": "-", "Pretax Income": "389,781", "Tax Provision": "96,791", "Net Income Common Stockholders": "271,613", "Average Dilution Earnings": "-", "Diluted NI Available to Com Stockholders": "271,613", "Basic EPS": "-", "Diluted EPS": "-", "Basic Average Shares": "-", "Diluted Average Shares": "-", "INTEREST_INCOME_AFTER_PROVISION_FOR_LOAN_LOSS": "825,687", "Net Income from Continuing & Discontinued Operation": "292,990", "Normalized Income": "292,990", "Total Money Market Investments": "8,655", "Reconciled Depreciation": "96,369", "Net Income from Continuing Operation Net Minority Interest": "292,990", "Total Unusual Items Excluding Goodwill": "-", "Total Unusual Items": "-", "Tax Rate for Calcs": "0", "Tax Effect of Unusual Items": "0"}, "12/31/2019": {"Duration": "12/31/2019", "Total Revenue": "1,459,173", "Credit Losses Provision": "-53,864", "Non Interest Expense": "925,208", "Special Income Charges": "-", "Pretax Income": "480,101", "Tax Provision": "124,404", "Net Income Common Stockholders": "347,497", "Average Dilution Earnings": "0", "Diluted NI Available to Com Stockholders": "347,497", "Basic EPS": "6.11", "Diluted EPS": "6.03", "Basic Average Shares": "56,857", "Diluted Average Shares": "57,619", "INTEREST_INCOME_AFTER_PROVISION_FOR_LOAN_LOSS": "1,001,055", "Net Income from Continuing & Discontinued Operation": "355,697", "Normalized Income": "355,697", "Total Money Market Investments": "30,503", "Reconciled Depreciation": "88,362", "Net Income from Continuing Operation Net Minority Interest": "355,697", "Total Unusual Items Excluding Goodwill": "-", "Total Unusual Items": "-", "Tax Rate for Calcs": "0", "Tax Effect of Unusual Items": "0"}, "12/31/2018": {"Duration": "12/31/2018", "Total Revenue": "1,316,789", "Credit Losses Provision": "-34,832", "Non Interest Expense": "821,824", "Special Income Charges": "0", "Pretax Income": "460,133", "Tax Provision": "116,967", "Net Income Common Stockholders": "334,966", "Average Dilution Earnings": "0", "Diluted NI Available to Com Stockholders": "334,966", "Basic EPS": "5.95", "Diluted EPS": "5.86", "Basic Average Shares": "56,300", "Diluted Average Shares": "57,208", "INTEREST_INCOME_AFTER_PROVISION_FOR_LOAN_LOSS": "930,071", "Net Income from Continuing & Discontinued Operation": "343,166", "Normalized Income": "343,166", "Total Money Market Investments": "17,091", "Reconciled Depreciation": "67,665", "Net Income from Continuing Operation Net Minority Interest": "343,166", "Total Unusual Items Excluding Goodwill": "0", "Total Unusual Items": "0", "Tax Rate for Calcs": "0", "Tax Effect of Unusual Items": "0"}}, "bs": {"12/31/2020": {"Duration": "12/31/2020", "Total Assets": "45,080,768", "Total Liabilities Net Minority Interest": "40,964,773", "Total Equity Gross Minority Interest": "4,115,995", "Total Capitalization": "6,542,058", "Preferred Stock Equity": "412,500", "Common Stock Equity": "3,703,495", "Net Tangible Assets": "3,434,248", "Invested Capital": "6,140,924", "Tangible Book Value": "3,021,748", "Total Debt": "2,437,429", "Share Issued": "58,473", "Ordinary Shares Number": "56,770", "Preferred Shares Number": "16,500", "Treasury Shares Number": "1,704"}, "12/31/2019": {"Duration": "12/31/2019", "Total Assets": "36,620,583", "Total Liabilities Net Minority Interest": "32,929,333", "Total Equity Gross Minority Interest": "3,691,250", "Total Capitalization": "5,453,435", "Preferred Stock Equity": "125,000", "Common Stock Equity": "3,566,250", "Net Tangible Assets": "2,998,973", "Invested Capital": "5,348,955", "Tangible Book Value": "2,873,973", "Total Debt": "1,782,705", "Share Issued": "57,951", "Ordinary Shares Number": "57,822", "Preferred Shares Number": "5,000", "Treasury Shares Number": "128.912"}, "12/31/2018": {"Duration": "12/31/2018", "Total Assets": "31,244,849", "Total Liabilities Net Minority Interest": "27,977,279", "Total Equity Gross Minority Interest": "3,267,570", "Total Capitalization": "4,429,934", "Preferred Stock Equity": "125,000", "Common Stock Equity": "3,142,570", "Net Tangible Assets": "2,645,005", "Invested Capital": "4,355,527", "Tangible Book Value": "2,520,005", "Total Debt": "1,212,957", "Share Issued": "56,518", "Ordinary Shares Number": "56,408", "Preferred Shares Number": "5,000", "Treasury Shares Number": "110.561"}}, "cf": {"TTM": {"Duration": "TTM", "Operating Cash Flow": "-", "Investing Cash Flow": "-", "Financing Cash Flow": "-", "End Cash Position": "-", "Income Tax Paid Supplemental Data": "-", "Interest Paid Supplemental Data": "-", "Capital Expenditure": "-", "Issuance of Capital Stock": "-", "Issuance of Debt": "-", "Repayment of Debt": "-", "Repurchase of Capital Stock": "-", "Free Cash Flow": "-"}, "12/31/2020": {"Duration": "12/31/2020", "Operating Cash Flow": "-518,465", "Investing Cash Flow": "-7,182,424", "Financing Cash Flow": "7,736,887", "End Cash Position": "322,474", "Income Tax Paid Supplemental Data": "105,268", "Interest Paid Supplemental Data": "257,408", "Capital Expenditure": "-63,646", "Issuance of Capital Stock": "277,613", "Issuance of Debt": "642,096", "Repayment of Debt": "-", "Repurchase of Capital Stock": "-93,432", "Free Cash Flow": "-582,111"}, "12/31/2019": {"Duration": "12/31/2019", "Operating Cash Flow": "265,993", "Investing Cash Flow": "-4,018,949", "Financing Cash Flow": "3,647,232", "End Cash Position": "286,476", "Income Tax Paid Supplemental Data": "60,845", "Interest Paid Supplemental Data": "327,329", "Capital Expenditure": "-82,021", "Issuance of Capital Stock": "-", "Issuance of Debt": "560,539", "Repayment of Debt": "-", "Repurchase of Capital Stock": "-1,297", "Free Cash Flow": "183,972"}, "12/31/2018": {"Duration": "12/31/2018", "Operating Cash Flow": "377,182", "Investing Cash Flow": "-2,763,498", "Financing Cash Flow": "2,500,925", "End Cash Position": "392,200", "Income Tax Paid Supplemental Data": "69,118", "Interest Paid Supplemental Data": "197,911", "Capital Expenditure": "-68,273", "Issuance of Capital Stock": "0", "Issuance of Debt": "137,257", "Repayment of Debt": "-147,999", "Repurchase of Capital Stock": "-648", "Free Cash Flow": "308,909"}}}}, {"MSFG": {"quote": {"03/28/2021": {"value": "", "Net Assets": "N/A", "Beta (5Y Monthly)": "N/A", "Yield": "N/A", "5y Average Return": "N/A", "Holdings Turnover": "N/A", "Last Dividend": "N/A", "Average for Category": "N/A", "Inception Date": "N/A"}}, "fin": {}, "bs": {}, "cf": {}}}, {"FSFG": {"quote": {"03/28/2021": {"value": "67.88", "Market Cap": "161.21M", "Beta (5Y Monthly)": "0.87", "PE Ratio (TTM)": "4.05", "EPS (TTM)": "16.77", "Earnings Date": "Feb 01, 2021", "Forward Dividend & Yield": "0.72 (1.06%)", "Ex-Dividend Date": "Mar 16, 2021", "1y Target Est": "81.50"}}, "fin": {"TTM": {"Duration": "TTM", "Total Revenue": "211,423", "Credit Losses Provision": "-8,125", "Non Interest Expense": "145,941", "Special Income Charges": "-4", "Pretax Income": "57,353", "Tax Provision": "16,550", "Net Income Common Stockholders": "39,838", "Diluted NI Available to Com Stockholders": "39,838", "Basic EPS": "-", "Diluted EPS": "-", "Basic Average Shares": "-", "Diluted Average Shares": "-", "INTEREST_INCOME_AFTER_PROVISION_FOR_LOAN_LOSS": "43,648", "Net Income from Continuing & Discontinued Operation": "39,838", "Normalized Income": "39,839", "Total Money Market Investments": "230", "Reconciled Depreciation": "1,997", "Net Income from Continuing Operation Net Minority Interest": "39,838", "Total Unusual Items Excluding Goodwill": "-1", "Total Unusual Items": "-1", "Tax Rate for Calcs": "0", "Tax Effect of Unusual Items": "-0.2886"}, "9/30/2020": {"Duration": "9/30/2020", "Total Revenue": "180,521", "Credit Losses Provision": "-7,962", "Non Interest Expense": "125,809", "Special Income Charges": "-8", "Pretax Income": "46,742", "Tax Provision": "12,661", "Net Income Common Stockholders": "33,354", "Diluted NI Available to Com Stockholders": "33,354", "Basic EPS": "14.15", "Diluted EPS": "14.04", "Basic Average Shares": "2,357", "Diluted Average Shares": "2,376", "INTEREST_INCOME_AFTER_PROVISION_FOR_LOAN_LOSS": "40,812", "Net Income from Continuing & Discontinued Operation": "33,354", "Normalized Income": "33,359", "Total Money Market Investments": "417", "Reconciled Depreciation": "1,858", "Net Income from Continuing Operation Net Minority Interest": "33,354", "Total Unusual Items Excluding Goodwill": "-7", "Total Unusual Items": "-7", "Tax Rate for Calcs": "0", "Tax Effect of Unusual Items": "-1.897"}, "9/30/2019": {"Duration": "9/30/2019", "Total Revenue": "84,083", "Credit Losses Provision": "-1,463", "Non Interest Expense": "62,447", "Special Income Charges": "-83", "Pretax Income": "20,090", "Tax Provision": "3,095", "Net Income Common Stockholders": "16,177", "Diluted NI Available to Com Stockholders": "16,177", "Basic EPS": "6.99", "Diluted EPS": "6.82", "Basic Average Shares": "2,316", "Diluted Average Shares": "2,372", "INTEREST_INCOME_AFTER_PROVISION_FOR_LOAN_LOSS": "37,983", "Net Income from Continuing & Discontinued Operation": "16,177", "Normalized Income": "16,199", "Total Money Market Investments": "856", "Reconciled Depreciation": "1,684", "Net Income from Continuing Operation Net Minority Interest": "16,177", "Total Unusual Items Excluding Goodwill": "-26", "Total Unusual Items": "-26", "Tax Rate for Calcs": "0", "Tax Effect of Unusual Items": "-4.004"}, "9/30/2018": {"Duration": "9/30/2018", "Total Revenue": "49,252", "Credit Losses Provision": "-1,353", "Non Interest Expense": "33,166", "Special Income Charges": "25", "Pretax Income": "14,758", "Tax Provision": "2,422", "Net Income Common Stockholders": "10,902", "Diluted NI Available to Com Stockholders": "10,902", "Basic EPS": "4.83", "Diluted EPS": "4.60", "Basic Average Shares": "2,258", "Diluted Average Shares": "2,373", "INTEREST_INCOME_AFTER_PROVISION_FOR_LOAN_LOSS": "34,004", "Net Income from Continuing & Discontinued Operation": "10,902", "Normalized Income": "10,747", "Total Money Market Investments": "436", "Reconciled Depreciation": "1,373", "Net Income from Continuing Operation Net Minority Interest": "10,902", "Total Unusual Items Excluding Goodwill": "185", "Total Unusual Items": "185", "Tax Rate for Calcs": "0", "Tax Effect of Unusual Items": "30.34"}}, "bs": {"9/30/2020": {"Duration": "9/30/2020", "Total Assets": "1,764,625", "Total Liabilities Net Minority Interest": "1,607,060", "Total Equity Gross Minority Interest": "157,565", "Total Capitalization": "487,927", "Common Stock Equity": "157,272", "Net Tangible Assets": "120,771", "Invested Capital": "487,927", "Tangible Book Value": "120,771", "Total Debt": "330,655", "Net Debt": "293,965", "Share Issued": "2,568", "Ordinary Shares Number": "2,375", "Preferred Shares Number": "-", "Treasury Shares Number": "192.518"}, "9/30/2019": {"Duration": "9/30/2019", "Total Assets": "1,222,579", "Total Liabilities Net Minority Interest": "1,101,322", "Total Equity Gross Minority Interest": "121,257", "Total Capitalization": "363,326", "Common Stock Equity": "121,053", "Net Tangible Assets": "109,789", "Invested Capital": "363,326", "Tangible Book Value": "109,789", "Total Debt": "242,273", "Net Debt": "198,576", "Share Issued": "2,566", "Ordinary Shares Number": "2,350", "Preferred Shares Number": "17.12", "Treasury Shares Number": "215.377"}, "9/30/2018": {"Duration": "9/30/2018", "Total Assets": "1,034,406", "Total Liabilities Net Minority Interest": "934,161", "Total Equity Gross Minority Interest": "100,245", "Total Capitalization": "208,474", "Common Stock Equity": "98,813", "Net Tangible Assets": "87,238", "Invested Capital": "208,474", "Tangible Book Value": "87,238", "Total Debt": "109,661", "Net Debt": "64,886", "Share Issued": "2,561", "Ordinary Shares Number": "2,292", "Preferred Shares Number": "17.12", "Treasury Shares Number": "268.886"}}, "cf": {"TTM": {"Duration": "TTM", "Operating Cash Flow": "-195,150", "Investing Cash Flow": "-317,892", "Financing Cash Flow": "507,107", "End Cash Position": "35,392", "Capital Expenditure": "-4,302", "Issuance of Debt": "684,834", "Repayment of Debt": "-419,850", "Repurchase of Capital Stock": "-", "Free Cash Flow": "-199,452"}, "9/30/2020": {"Duration": "9/30/2020", "Operating Cash Flow": "-139,689", "Investing Cash Flow": "-339,433", "Financing Cash Flow": "471,416", "End Cash Position": "33,726", "Capital Expenditure": "-7,308", "Issuance of Debt": "524,834", "Repayment of Debt": "-270,000", "Repurchase of Capital Stock": "-", "Free Cash Flow": "-146,997"}, "9/30/2019": {"Duration": "9/30/2019", "Operating Cash Flow": "-44,725", "Investing Cash Flow": "-112,127", "Financing Cash Flow": "156,010", "End Cash Position": "41,432", "Capital Expenditure": "-9,496", "Issuance of Debt": "310,000", "Repayment of Debt": "-190,000", "Repurchase of Capital Stock": "-", "Free Cash Flow": "-54,221"}, "9/30/2018": {"Duration": "9/30/2018", "Operating Cash Flow": "17,965", "Investing Cash Flow": "-50,492", "Financing Cash Flow": "40,542", "End Cash Position": "42,274", "Capital Expenditure": "-1,594", "Issuance of Debt": "244,161", "Repayment of Debt": "-234,500", "Repurchase of Capital Stock": "-46", "Free Cash Flow": "16,371"}}}}, {"FFWM": {"quote": {"03/28/2021": {"value": "23.91", "Market Cap": "1.068B", "Beta (5Y Monthly)": "1.56", "PE Ratio (TTM)": "12.72", "EPS (TTM)": "1.88", "Earnings Date": "Jan 26, 2021", "Forward Dividend & Yield": "0.36 (1.51%)", "Ex-Dividend Date": "Feb 04, 2021", "1y Target Est": "27.80"}}, "fin": {"TTM": {"Duration": "TTM", "Total Revenue": "243,846", "Credit Losses Provision": "-6,746", "Non Interest Expense": "118,333", "Pretax Income": "118,767", "Tax Provision": "34,398", "Net Income Common Stockholders": "84,369", "Diluted NI Available to Com Stockholders": "84,369", "Basic EPS": "-", "Diluted EPS": "-", "Basic Average Shares": "-", "Diluted Average Shares": "-", "INTEREST_INCOME_AFTER_PROVISION_FOR_LOAN_LOSS": "189,898", "Net Income from Continuing & Discontinued Operation": "84,369", "Normalized Income": "84,369", "Reconciled Depreciation": "6,635", "Net Income from Continuing Operation Net Minority Interest": "84,369", "Tax Rate for Calcs": "0", "Tax Effect of Unusual Items": "0"}, "12/31/2020": {"Duration": "12/31/2020", "Total Revenue": "243,846", "Credit Losses Provision": "-6,746", "Non Interest Expense": "118,333", "Pretax Income": "118,767", "Tax Provision": "34,398", "Net Income Common Stockholders": "84,369", "Diluted NI Available to Com Stockholders": "84,369", "Basic EPS": "-", "Diluted EPS": "-", "Basic Average Shares": "-", "Diluted Average Shares": "-", "INTEREST_INCOME_AFTER_PROVISION_FOR_LOAN_LOSS": "189,898", "Net Income from Continuing & Discontinued Operation": "84,369", "Normalized Income": "84,369", "Reconciled Depreciation": "6,635", "Net Income from Continuing Operation Net Minority Interest": "84,369", "Tax Rate for Calcs": "0", "Tax Effect of Unusual Items": "0"}, "12/31/2019": {"Duration": "12/31/2019", "Total Revenue": "193,872", "Credit Losses Provision": "-2,637", "Non Interest Expense": "111,736", "Pretax Income": "79,499", "Tax Provision": "23,260", "Net Income Common Stockholders": "56,239", "Diluted NI Available to Com Stockholders": "56,239", "Basic EPS": "1.26", "Diluted EPS": "1.25", "Basic Average Shares": "44,617", "Diluted Average Shares": "44,911", "INTEREST_INCOME_AFTER_PROVISION_FOR_LOAN_LOSS": "167,317", "Net Income from Continuing & Discontinued Operation": "56,239", "Normalized Income": "56,239", "Reconciled Depreciation": "6,605", "Net Income from Continuing Operation Net Minority Interest": "56,239", "Tax Rate for Calcs": "0", "Tax Effect of Unusual Items": "0"}, "12/31/2018": {"Duration": "12/31/2018", "Total Revenue": "176,304", "Credit Losses Provision": "-4,220", "Non Interest Expense": "111,998", "Pretax Income": "60,086", "Tax Provision": "17,128", "Net Income Common Stockholders": "42,958", "Diluted NI Available to Com Stockholders": "42,958", "Basic EPS": "1.02", "Diluted EPS": "1.01", "Basic Average Shares": "42,092", "Diluted Average Shares": "42,567", "INTEREST_INCOME_AFTER_PROVISION_FOR_LOAN_LOSS": "151,390", "Net Income from Continuing & Discontinued Operation": "42,958", "Normalized Income": "42,958", "Reconciled Depreciation": "5,870", "Net Income from Continuing Operation Net Minority Interest": "42,958", "Tax Rate for Calcs": "0", "Tax Effect of Unusual Items": "0"}}, "bs": {"12/31/2020": {"Duration": "12/31/2020", "Total Assets": "6,957,160", "Total Liabilities Net Minority Interest": "6,261,449", "Total Equity Gross Minority Interest": "695,711", "Total Capitalization": "964,711", "Common Stock Equity": "695,711", "Net Tangible Assets": "600,415", "Invested Capital": "964,711", "Tangible Book Value": "600,415", "Total Debt": "269,000", "Net Debt": "-", "Share Issued": "44,668", "Ordinary Shares Number": "44,668"}, "12/31/2019": {"Duration": "12/31/2019", "Total Assets": "6,314,436", "Total Liabilities Net Minority Interest": "5,700,567", "Total Equity Gross Minority Interest": "613,869", "Total Capitalization": "1,356,869", "Common Stock Equity": "613,869", "Net Tangible Assets": "516,678", "Invested Capital": "1,356,869", "Tangible Book Value": "516,678", "Total Debt": "743,000", "Net Debt": "677,613", "Share Issued": "44,671", "Ordinary Shares Number": "44,671"}, "12/31/2018": {"Duration": "12/31/2018", "Total Assets": "5,840,412", "Total Liabilities Net Minority Interest": "5,281,228", "Total Equity Gross Minority Interest": "559,184", "Total Capitalization": "1,267,184", "Common Stock Equity": "559,184", "Net Tangible Assets": "459,702", "Invested Capital": "1,267,184", "Tangible Book Value": "459,702", "Total Debt": "708,000", "Net Debt": "640,688", "Share Issued": "44,496", "Ordinary Shares Number": "44,496"}}, "cf": {"TTM": {"Duration": "TTM", "Operating Cash Flow": "67,442", "Investing Cash Flow": "-24,896", "Financing Cash Flow": "521,774", "End Cash Position": "629,707", "Income Tax Paid Supplemental Data": "31,310", "Interest Paid Supplemental Data": "56,991", "Capital Expenditure": "-2,862", "Issuance of Capital Stock": "915", "Issuance of Debt": "-", "Repayment of Debt": "-478,000", "Repurchase of Capital Stock": "-2,824", "Free Cash Flow": "64,580"}, "12/31/2020": {"Duration": "12/31/2020", "Operating Cash Flow": "67,442", "Investing Cash Flow": "-24,896", "Financing Cash Flow": "521,774", "End Cash Position": "629,707", "Income Tax Paid Supplemental Data": "31,310", "Interest Paid Supplemental Data": "56,991", "Capital Expenditure": "-2,862", "Issuance of Capital Stock": "915", "Issuance of Debt": "-", "Repayment of Debt": "-478,000", "Repurchase of Capital Stock": "-2,824", "Free Cash Flow": "64,580"}, "12/31/2019": {"Duration": "12/31/2019", "Operating Cash Flow": "60,437", "Investing Cash Flow": "-427,039", "Financing Cash Flow": "364,677", "End Cash Position": "65,387", "Income Tax Paid Supplemental Data": "23,624", "Interest Paid Supplemental Data": "75,149", "Capital Expenditure": "-2,229", "Issuance of Capital Stock": "334", "Issuance of Debt": "30,000", "Repayment of Debt": "0", "Repurchase of Capital Stock": "-23", "Free Cash Flow": "58,208"}, "12/31/2018": {"Duration": "12/31/2018", "Operating Cash Flow": "50,981", "Investing Cash Flow": "-679,550", "Financing Cash Flow": "575,487", "End Cash Position": "67,312", "Income Tax Paid Supplemental Data": "16,646", "Interest Paid Supplemental Data": "46,043", "Capital Expenditure": "-2,710", "Issuance of Capital Stock": "13,698", "Issuance of Debt": "-", "Repayment of Debt": "-4,570", "Repurchase of Capital Stock": "-497", "Free Cash Flow": "48,271"}}}}, {"SBFG": {"quote": {"03/28/2021": {"value": "18.95", "Market Cap": "140.033M", "Beta (5Y Monthly)": "1.23", "PE Ratio (TTM)": "9.67", "EPS (TTM)": "1.96", "Earnings Date": "Jan 29, 2021", "Forward Dividend & Yield": "0.42 (2.22%)", "Ex-Dividend Date": "Feb 11, 2021", "1y Target Est": "21.00"}}, "fin": {"TTM": {"Duration": "TTM", "Total Revenue": "66,026", "Credit Losses Provision": "-4,500", "Non Interest Expense": "43,087", "Pretax Income": "18,439", "Tax Provision": "3,495", "Net Income Common Stockholders": "14,944", "Diluted NI Available to Com Stockholders": "14,944", "Basic EPS": "-", "Diluted EPS": "-", "Basic Average Shares": "-", "Diluted Average Shares": "-", "INTEREST_INCOME_AFTER_PROVISION_FOR_LOAN_LOSS": "31,430", "Net Income from Continuing & Discontinued Operation": "14,944", "Normalized Income": "14,944", "Reconciled Depreciation": "6,745", "Net Income from Continuing Operation Net Minority Interest": "14,944", "Total Unusual Items Excluding Goodwill": "-", "Total Unusual Items": "-", "Tax Rate for Calcs": "0", "Tax Effect of Unusual Items": "0"}, "12/31/2020": {"Duration": "12/31/2020", "Total Revenue": "66,026", "Credit Losses Provision": "-4,500", "Non Interest Expense": "43,087", "Pretax Income": "18,439", "Tax Provision": "3,495", "Net Income Common Stockholders": "14,944", "Diluted NI Available to Com Stockholders": "14,944", "Basic EPS": "-", "Diluted EPS": "-", "Basic Average Shares": "-", "Diluted Average Shares": "-", "INTEREST_INCOME_AFTER_PROVISION_FOR_LOAN_LOSS": "31,430", "Net Income from Continuing & Discontinued Operation": "14,944", "Normalized Income": "14,944", "Reconciled Depreciation": "6,745", "Net Income from Continuing Operation Net Minority Interest": "14,944", "Total Unusual Items Excluding Goodwill": "-", "Total Unusual Items": "-", "Tax Rate for Calcs": "0", "Tax Effect of Unusual Items": "0"}, "12/31/2019": {"Duration": "12/31/2019", "Total Revenue": "52,842", "Credit Losses Provision": "-800", "Non Interest Expense": "37,410", "Pretax Income": "14,632", "Tax Provision": "2,659", "Net Income Common Stockholders": "11,023", "Diluted NI Available to Com Stockholders": "11,023", "Basic EPS": "1.71", "Diluted EPS": "1.51", "Basic Average Shares": "6,456", "Diluted Average Shares": "7,929", "INTEREST_INCOME_AFTER_PROVISION_FOR_LOAN_LOSS": "34,026", "Net Income from Continuing & Discontinued Operation": "11,973", "Normalized Income": "11,977", "Reconciled Depreciation": "4,013", "Net Income from Continuing Operation Net Minority Interest": "11,973", "Total Unusual Items Excluding Goodwill": "-5", "Total Unusual Items": "-5", "Tax Rate for Calcs": "0", "Tax Effect of Unusual Items": "-0.9086"}, "12/31/2018": {"Duration": "12/31/2018", "Total Revenue": "49,891", "Credit Losses Provision": "-600", "Non Interest Expense": "34,847", "Pretax Income": "14,444", "Tax Provision": "2,806", "Net Income Common Stockholders": "10,663", "Diluted NI Available to Com Stockholders": "10,663", "Basic EPS": "1.72", "Diluted EPS": "1.51", "Basic Average Shares": "6,198", "Diluted Average Shares": "7,719", "INTEREST_INCOME_AFTER_PROVISION_FOR_LOAN_LOSS": "32,667", "Net Income from Continuing & Discontinued Operation": "11,638", "Normalized Income": "11,610", "Reconciled Depreciation": "2,933", "Net Income from Continuing Operation Net Minority Interest": "11,638", "Total Unusual Items Excluding Goodwill": "35", "Total Unusual Items": "35", "Tax Rate for Calcs": "0", "Tax Effect of Unusual Items": "6.7994"}}, "bs": {"12/31/2020": {"Duration": "12/31/2020", "Total Assets": "1,257,839", "Total Liabilities Net Minority Interest": "1,114,916", "Total Equity Gross Minority Interest": "142,923", "Total Capitalization": "150,923", "Preferred Stock Equity": "-", "Common Stock Equity": "142,923", "Net Tangible Assets": "113,073", "Invested Capital": "150,923", "Tangible Book Value": "113,073", "Total Debt": "8,000", "Share Issued": "8,181", "Ordinary Shares Number": "7,372", "Preferred Shares Number": "-", "Treasury Shares Number": "808.456"}, "12/31/2019": {"Duration": "12/31/2019", "Total Assets": "1,038,577", "Total Liabilities Net Minority Interest": "902,483", "Total Equity Gross Minority Interest": "136,094", "Total Capitalization": "152,094", "Preferred Stock Equity": "-", "Common Stock Equity": "136,094", "Net Tangible Assets": "107,245", "Invested Capital": "152,094", "Tangible Book Value": "107,245", "Total Debt": "16,000", "Share Issued": "8,181", "Ordinary Shares Number": "7,763", "Preferred Shares Number": "-", "Treasury Shares Number": "417.785"}, "12/31/2018": {"Duration": "12/31/2018", "Total Assets": "986,828", "Total Liabilities Net Minority Interest": "856,393", "Total Equity Gross Minority Interest": "130,435", "Total Capitalization": "146,435", "Preferred Stock Equity": "13,979", "Common Stock Equity": "116,456", "Net Tangible Assets": "102,669", "Invested Capital": "132,456", "Tangible Book Value": "88,690", "Total Debt": "16,000", "Share Issued": "6,695", "Ordinary Shares Number": "6,503", "Preferred Shares Number": "14.995", "Treasury Shares Number": "191.348"}}, "cf": {"TTM": {"Duration": "TTM", "Operating Cash Flow": "23,907", "Investing Cash Flow": "-57,216", "Financing Cash Flow": "146,935", "End Cash Position": "140,690", "Income Tax Paid Supplemental Data": "5,180", "Interest Paid Supplemental Data": "7,280", "Capital Expenditure": "-1,980", "Issuance of Capital Stock": "0", "Issuance of Debt": "-", "Repayment of Debt": "-8,000", "Repurchase of Capital Stock": "-7,166", "Free Cash Flow": "21,927"}, "12/31/2020": {"Duration": "12/31/2020", "Operating Cash Flow": "23,907", "Investing Cash Flow": "-57,216", "Financing Cash Flow": "146,935", "End Cash Position": "140,690", "Income Tax Paid Supplemental Data": "5,180", "Interest Paid Supplemental Data": "7,280", "Capital Expenditure": "-1,980", "Issuance of Capital Stock": "0", "Issuance of Debt": "-", "Repayment of Debt": "-8,000", "Repurchase of Capital Stock": "-7,166", "Free Cash Flow": "21,927"}, "12/31/2019": {"Duration": "12/31/2019", "Operating Cash Flow": "18,829", "Investing Cash Flow": "-67,614", "Financing Cash Flow": "27,486", "End Cash Position": "27,064", "Income Tax Paid Supplemental Data": "3,084", "Interest Paid Supplemental Data": "9,292", "Capital Expenditure": "-2,043", "Issuance of Capital Stock": "139", "Issuance of Debt": "0", "Repayment of Debt": "0", "Repurchase of Capital Stock": "-5,051", "Free Cash Flow": "16,786"}, "12/31/2018": {"Duration": "12/31/2018", "Operating Cash Flow": "13,850", "Investing Cash Flow": "-87,587", "Financing Cash Flow": "95,484", "End Cash Position": "48,363", "Income Tax Paid Supplemental Data": "1,870", "Interest Paid Supplemental Data": "5,895", "Capital Expenditure": "-1,999", "Issuance of Capital Stock": "27,912", "Issuance of Debt": "13,000", "Repayment of Debt": "-15,500", "Repurchase of Capital Stock": "-109", "Free Cash Flow": "11,851"}}}}, {"FGFH": {"quote": {"03/28/2021": {"value": "31.48", "Market Cap": "36.619M", "Beta (5Y Monthly)": "0.64", "PE Ratio (TTM)": "13.14", "EPS (TTM)": "2.40", "Earnings Date": "N/A", "Forward Dividend & Yield": "0.40 (1.27%)", "Ex-Dividend Date": "Feb 09, 2021", "1y Target Est": "N/A"}}, "fin": {}, "bs": {}, "cf": {}}}, {"MCBK": {"quote": {"03/28/2021": {"value": "31.00", "Market Cap": "85.874M", "Beta (5Y Monthly)": "0.16", "PE Ratio (TTM)": "14.55", "EPS (TTM)": "2.13", "Earnings Date": "Aug 12, 2020", "Forward Dividend & Yield": "0.53 (1.71%)", "Ex-Dividend Date": "Apr 29, 2020", "1y Target Est": "N/A"}}, "fin": {"TTM": {"Duration": "TTM", "Total Revenue": "14,957", "Credit Losses Provision": "0", "Non Interest Expense": "8,336", "Pretax Income": "6,621", "Tax Provision": "1,041", "Net Income Common Stockholders": "5,542", "Diluted NI Available to Com Stockholders": "5,542", "Basic EPS": "-", "Diluted EPS": "-", "Basic Average Shares": "-", "Diluted Average Shares": "-", "INTEREST_INCOME_AFTER_PROVISION_FOR_LOAN_LOSS": "12,561", "Net Income from Continuing & Discontinued Operation": "5,580", "Normalized Income": "5,580", "Reconciled Depreciation": "322", "Net Income from Continuing Operation Net Minority Interest": "5,580", "Tax Rate for Calcs": "0", "Tax Effect of Unusual Items": "0"}, "12/31/2018": {"Duration": "12/31/2018", "Total Revenue": "14,957", "Credit Losses Provision": "0", "Non Interest Expense": "8,336", "Pretax Income": "6,621", "Tax Provision": "1,041", "Net Income Common Stockholders": "5,542", "Diluted NI Available to Com Stockholders": "5,542", "Basic EPS": "-", "Diluted EPS": "-", "Basic Average Shares": "-", "Diluted Average Shares": "-", "INTEREST_INCOME_AFTER_PROVISION_FOR_LOAN_LOSS": "12,561", "Net Income from Continuing & Discontinued Operation": "5,580", "Normalized Income": "5,580", "Reconciled Depreciation": "322", "Net Income from Continuing Operation Net Minority Interest": "5,580", "Tax Rate for Calcs": "0", "Tax Effect of Unusual Items": "0"}}, "bs": {"12/31/2018": {"Duration": "12/31/2018", "Total Assets": "411,293", "Total Liabilities Net Minority Interest": "338,208", "Total Equity Gross Minority Interest": "73,085", "Total Capitalization": "124,685", "Common Stock Equity": "73,085", "Net Tangible Assets": "70,877", "Invested Capital": "124,685", "Tangible Book Value": "70,877", "Total Debt": "51,600", "Net Debt": "44,225", "Share Issued": "2,780", "Ordinary Shares Number": "2,780"}}, "cf": {"TTM": {"Duration": "TTM", "Operating Cash Flow": "6,833", "Investing Cash Flow": "-22,417", "Financing Cash Flow": "15,737", "End Cash Position": "5,875", "Income Tax Paid Supplemental Data": "455", "Interest Paid Supplemental Data": "4,319", "Capital Expenditure": "-268", "Issuance of Debt": "0", "Repayment of Debt": "-1,000", "Repurchase of Capital Stock": "-1,797", "Free Cash Flow": "6,565"}, "12/31/2018": {"Duration": "12/31/2018", "Operating Cash Flow": "6,833", "Investing Cash Flow": "-22,417", "Financing Cash Flow": "15,737", "End Cash Position": "5,875", "Income Tax Paid Supplemental Data": "455", "Interest Paid Supplemental Data": "4,319", "Capital Expenditure": "-268", "Issuance of Debt": "0", "Repayment of Debt": "-1,000", "Repurchase of Capital Stock": "-1,797", "Free Cash Flow": "6,565"}}}}, {"COFS": {"quote": {"03/28/2021": {"value": "25.30", "Market Cap": "197.216M", "Beta (5Y Monthly)": "0.54", "PE Ratio (TTM)": "12.22", "EPS (TTM)": "2.07", "Earnings Date": "Jan 30, 2021", "Forward Dividend & Yield": "0.88 (3.48%)", "Ex-Dividend Date": "Mar 12, 2021", "1y Target Est": "N/A"}}, "fin": {"TTM": {"Duration": "TTM", "Total Revenue": "78,987", "Credit Losses Provision": "-3,475", "Non Interest Expense": "52,996", "Special Income Charges": "-", "Pretax Income": "22,516", "Tax Provision": "3,919", "Net Income Common Stockholders": "18,597", "Diluted NI Available to Com Stockholders": "18,597", "Basic EPS": "-", "Diluted EPS": "-", "Basic Average Shares": "-", "Diluted Average Shares": "-", "INTEREST_INCOME_AFTER_PROVISION_FOR_LOAN_LOSS": "51,313", "Net Income from Continuing & Discontinued Operation": "18,597", "Normalized Income": "18,609", "Reconciled Depreciation": "1,452", "Net Income from Continuing Operation Net Minority Interest": "18,597", "Total Unusual Items Excluding Goodwill": "45", "Total Unusual Items": "45", "Tax Rate for Calcs": "0", "Tax Effect of Unusual Items": "-2.6108"}, "12/31/2020": {"Duration": "12/31/2020", "Total Revenue": "73,769", "Credit Losses Provision": "-4,000", "Non Interest Expense": "50,884", "Special Income Charges": "-", "Pretax Income": "18,885", "Tax Provision": "3,272", "Net Income Common Stockholders": "15,613", "Diluted NI Available to Com Stockholders": "15,613", "Basic EPS": "-", "Diluted EPS": "-", "Basic Average Shares": "-", "Diluted Average Shares": "-", "INTEREST_INCOME_AFTER_PROVISION_FOR_LOAN_LOSS": "47,071", "Net Income from Continuing & Discontinued Operation": "15,613", "Normalized Income": "15,624", "Reconciled Depreciation": "7,706", "Net Income from Continuing Operation Net Minority Interest": "15,613", "Total Unusual Items Excluding Goodwill": "-13", "Total Unusual Items": "-13", "Tax Rate for Calcs": "0", "Tax Effect of Unusual Items": "-2.21"}, "12/31/2019": {"Duration": "12/31/2019", "Total Revenue": "36,941", "Credit Losses Provision": "0", "Non Interest Expense": "28,476", "Special Income Charges": "0", "Pretax Income": "8,465", "Tax Provision": "1,294", "Net Income Common Stockholders": "7,171", "Diluted NI Available to Com Stockholders": "7,171", "Basic EPS": "1.58", "Diluted EPS": "1.58", "Basic Average Shares": "7,245", "Diluted Average Shares": "7,245", "INTEREST_INCOME_AFTER_PROVISION_FOR_LOAN_LOSS": "27,773", "Net Income from Continuing & Discontinued Operation": "7,171", "Normalized Income": "7,124", "Reconciled Depreciation": "3,127", "Net Income from Continuing Operation Net Minority Interest": "7,171", "Total Unusual Items Excluding Goodwill": "55", "Total Unusual Items": "55", "Tax Rate for Calcs": "0", "Tax Effect of Unusual Items": "8.25"}, "12/31/2018": {"Duration": "12/31/2018", "Total Revenue": "28,984", "Credit Losses Provision": "-35", "Non Interest Expense": "20,461", "Special Income Charges": "0", "Pretax Income": "8,488", "Tax Provision": "1,155", "Net Income Common Stockholders": "7,333", "Diluted NI Available to Com Stockholders": "7,333", "Basic EPS": "2.03", "Diluted EPS": "2.02", "Basic Average Shares": "3,612", "Diluted Average Shares": "3,630", "INTEREST_INCOME_AFTER_PROVISION_FOR_LOAN_LOSS": "22,029", "Net Income from Continuing & Discontinued Operation": "7,333", "Normalized Income": "7,262", "Reconciled Depreciation": "2,076", "Net Income from Continuing Operation Net Minority Interest": "7,333", "Total Unusual Items Excluding Goodwill": "83", "Total Unusual Items": "83", "Tax Rate for Calcs": "0", "Tax Effect of Unusual Items": "11.62"}}, "bs": {"12/31/2020": {"Duration": "12/31/2020", "Total Assets": "1,919,342", "Total Liabilities Net Minority Interest": "1,692,074", "Total Equity Gross Minority Interest": "227,268", "Total Capitalization": "239,685", "Common Stock Equity": "227,268", "Net Tangible Assets": "161,493", "Invested Capital": "239,685", "Tangible Book Value": "161,493", "Total Debt": "12,417", "Share Issued": "7,796", "Ordinary Shares Number": "7,796"}, "12/31/2019": {"Duration": "12/31/2019", "Total Assets": "1,386,128", "Total Liabilities Net Minority Interest": "1,193,989", "Total Equity Gross Minority Interest": "192,139", "Total Capitalization": "225,337", "Common Stock Equity": "192,139", "Net Tangible Assets": "133,263", "Invested Capital": "225,337", "Tangible Book Value": "133,263", "Total Debt": "33,198", "Share Issued": "7,245", "Ordinary Shares Number": "7,245"}, "12/31/2018": {"Duration": "12/31/2018", "Total Assets": "670,544", "Total Liabilities Net Minority Interest": "590,067", "Total Equity Gross Minority Interest": "80,477", "Total Capitalization": "85,710", "Common Stock Equity": "80,477", "Net Tangible Assets": "66,749", "Invested Capital": "85,710", "Tangible Book Value": "66,749", "Total Debt": "5,233", "Share Issued": "3,616", "Ordinary Shares Number": "3,616"}}, "cf": {"TTM": {"Duration": "TTM", "Operating Cash Flow": "1,447", "Investing Cash Flow": "-105,931", "Financing Cash Flow": "157,588", "End Cash Position": "66,791", "Income Tax Paid Supplemental Data": "2,201", "Interest Paid Supplemental Data": "5,129", "Capital Expenditure": "-1,371", "Issuance of Capital Stock": "123", "Issuance of Debt": "50,000", "Repayment of Debt": "-68,037", "Repurchase of Capital Stock": "-", "Free Cash Flow": "76"}, "12/31/2020": {"Duration": "12/31/2020", "Operating Cash Flow": "8,478", "Investing Cash Flow": "-250,751", "Financing Cash Flow": "262,234", "End Cash Position": "79,519", "Income Tax Paid Supplemental Data": "5,001", "Interest Paid Supplemental Data": "4,872", "Capital Expenditure": "-1,852", "Issuance of Capital Stock": "134", "Issuance of Debt": "10,050", "Repayment of Debt": "-33,921", "Repurchase of Capital Stock": "0", "Free Cash Flow": "6,626"}, "12/31/2019": {"Duration": "12/31/2019", "Operating Cash Flow": "9,202", "Investing Cash Flow": "36,352", "Financing Cash Flow": "-5,686", "End Cash Position": "59,558", "Income Tax Paid Supplemental Data": "1,035", "Interest Paid Supplemental Data": "4,500", "Capital Expenditure": "-766", "Issuance of Capital Stock": "142", "Issuance of Debt": "115,000", "Repayment of Debt": "-110,035", "Repurchase of Capital Stock": "-364", "Free Cash Flow": "8,436"}, "12/31/2018": {"Duration": "12/31/2018", "Operating Cash Flow": "9,955", "Investing Cash Flow": "-43,855", "Financing Cash Flow": "16,753", "End Cash Position": "19,690", "Income Tax Paid Supplemental Data": "850", "Interest Paid Supplemental Data": "2,300", "Capital Expenditure": "-4,207", "Issuance of Capital Stock": "77", "Issuance of Debt": "128,500", "Repayment of Debt": "-143,535", "Repurchase of Capital Stock": "-523", "Free Cash Flow": "5,748"}}}}, {"CNAF": {"quote": {"03/28/2021": {"value": "18.88", "Market Cap": "54.015M", "Beta (5Y Monthly)": "0.44", "PE Ratio (TTM)": "9.45", "EPS (TTM)": "2.00", "Earnings Date": "Apr 27, 2018 - Apr 30, 2018", "Forward Dividend & Yield": "1.04 (5.51%)", "Ex-Dividend Date": "Feb 25, 2021", "1y Target Est": "N/A"}}, "fin": {"TTM": {"Duration": "TTM", "Total Revenue": "18,998", "Credit Losses Provision": "-400", "Non Interest Expense": "12,029", "Pretax Income": "6,569", "Tax Provision": "856", "Net Income Common Stockholders": "5,713", "Diluted NI Available to Com Stockholders": "5,713", "Basic EPS": "-", "Diluted EPS": "-", "Basic Average Shares": "-", "Diluted Average Shares": "-", "INTEREST_INCOME_AFTER_PROVISION_FOR_LOAN_LOSS": "15,098", "Net Income from Continuing & Discontinued Operation": "5,713", "Normalized Income": "5,713", "Reconciled Depreciation": "393", "Net Income from Continuing Operation Net Minority Interest": "5,713", "Total Unusual Items Excluding Goodwill": "0", "Total Unusual Items": "0", "Tax Rate for Calcs": "0", "Tax Effect of Unusual Items": "0"}, "12/31/2020": {"Duration": "12/31/2020", "Total Revenue": "18,998", "Credit Losses Provision": "-400", "Non Interest Expense": "12,029", "Pretax Income": "6,569", "Tax Provision": "856", "Net Income Common Stockholders": "5,713", "Diluted NI Available to Com Stockholders": "5,713", "Basic EPS": "-", "Diluted EPS": "-", "Basic Average Shares": "-", "Diluted Average Shares": "-", "INTEREST_INCOME_AFTER_PROVISION_FOR_LOAN_LOSS": "15,098", "Net Income from Continuing & Discontinued Operation": "5,713", "Normalized Income": "5,713", "Reconciled Depreciation": "393", "Net Income from Continuing Operation Net Minority Interest": "5,713", "Total Unusual Items Excluding Goodwill": "0", "Total Unusual Items": "0", "Tax Rate for Calcs": "0", "Tax Effect of Unusual Items": "0"}, "12/31/2019": {"Duration": "12/31/2019", "Total Revenue": "17,692", "Credit Losses Provision": "0", "Non Interest Expense": "12,393", "Pretax Income": "5,299", "Tax Provision": "563", "Net Income Common Stockholders": "4,736", "Diluted NI Available to Com Stockholders": "4,736", "Basic EPS": "1.66", "Diluted EPS": "1.66", "Basic Average Shares": "2,861", "Diluted Average Shares": "2,861", "INTEREST_INCOME_AFTER_PROVISION_FOR_LOAN_LOSS": "15,230", "Net Income from Continuing & Discontinued Operation": "4,736", "Normalized Income": "4,732", "Reconciled Depreciation": "353", "Net Income from Continuing Operation Net Minority Interest": "4,736", "Total Unusual Items Excluding Goodwill": "4", "Total Unusual Items": "4", "Tax Rate for Calcs": "0", "Tax Effect of Unusual Items": "0.4248"}, "12/31/2018": {"Duration": "12/31/2018", "Total Revenue": "17,037", "Credit Losses Provision": "0", "Non Interest Expense": "12,337", "Pretax Income": "4,700", "Tax Provision": "355", "Net Income Common Stockholders": "4,345", "Diluted NI Available to Com Stockholders": "4,345", "Basic EPS": "1.52", "Diluted EPS": "1.52", "Basic Average Shares": "2,861", "Diluted Average Shares": "2,861", "INTEREST_INCOME_AFTER_PROVISION_FOR_LOAN_LOSS": "14,698", "Net Income from Continuing & Discontinued Operation": "4,345", "Normalized Income": "4,345", "Reconciled Depreciation": "447", "Net Income from Continuing Operation Net Minority Interest": "4,345", "Total Unusual Items Excluding Goodwill": "0", "Total Unusual Items": "0", "Tax Rate for Calcs": "0", "Tax Effect of Unusual Items": "0"}}, "bs": {"12/31/2020": {"Duration": "12/31/2020", "Total Assets": "425,431", "Total Liabilities Net Minority Interest": "356,004", "Total Equity Gross Minority Interest": "69,427", "Common Stock Equity": "69,427", "Net Tangible Assets": "69,427", "Invested Capital": "-", "Tangible Book Value": "69,427", "Total Debt": "0", "Net Debt": "-", "Share Issued": "3,600", "Ordinary Shares Number": "2,861", "Treasury Shares Number": "739.047"}, "12/31/2019": {"Duration": "12/31/2019", "Total Assets": "419,574", "Total Liabilities Net Minority Interest": "356,650", "Total Equity Gross Minority Interest": "62,924", "Common Stock Equity": "62,924", "Net Tangible Assets": "62,924", "Invested Capital": "80,599", "Tangible Book Value": "62,924", "Total Debt": "17,675", "Net Debt": "13,118", "Share Issued": "3,600", "Ordinary Shares Number": "2,861", "Treasury Shares Number": "739.047"}, "12/31/2018": {"Duration": "12/31/2018", "Total Assets": "419,626", "Total Liabilities Net Minority Interest": "360,092", "Total Equity Gross Minority Interest": "59,534", "Common Stock Equity": "59,534", "Net Tangible Assets": "59,534", "Invested Capital": "91,556", "Tangible Book Value": "59,534", "Total Debt": "32,022", "Net Debt": "26,321", "Share Issued": "3,600", "Ordinary Shares Number": "2,861", "Treasury Shares Number": "739.047"}}, "cf": {"TTM": {"Duration": "TTM", "Operating Cash Flow": "5,150", "Investing Cash Flow": "22,757", "Financing Cash Flow": "-4,124", "End Cash Position": "28,340", "Income Tax Paid Supplemental Data": "950", "Interest Paid Supplemental Data": "653", "Capital Expenditure": "-581", "Repayment of Debt": "-20,200", "Free Cash Flow": "4,569"}, "12/31/2020": {"Duration": "12/31/2020", "Operating Cash Flow": "5,150", "Investing Cash Flow": "22,757", "Financing Cash Flow": "-4,124", "End Cash Position": "28,340", "Income Tax Paid Supplemental Data": "950", "Interest Paid Supplemental Data": "653", "Capital Expenditure": "-581", "Repayment of Debt": "-20,200", "Free Cash Flow": "4,569"}, "12/31/2019": {"Duration": "12/31/2019", "Operating Cash Flow": "6,350", "Investing Cash Flow": "5,966", "Financing Cash Flow": "-13,460", "End Cash Position": "4,557", "Income Tax Paid Supplemental Data": "0", "Interest Paid Supplemental Data": "1,598", "Capital Expenditure": "-227", "Repayment of Debt": "-", "Free Cash Flow": "6,123"}, "12/31/2018": {"Duration": "12/31/2018", "Operating Cash Flow": "4,791", "Investing Cash Flow": "-35,941", "Financing Cash Flow": "31,869", "End Cash Position": "5,701", "Income Tax Paid Supplemental Data": "0", "Interest Paid Supplemental Data": "1,112", "Capital Expenditure": "-301", "Repayment of Debt": "-", "Free Cash Flow": "4,490"}}}}, {"SUGR": {"quote": {"03/28/2021": {"value": "11.50", "Market Cap": "9.03M", "Beta (5Y Monthly)": "0.48", "PE Ratio (TTM)": "82.14", "EPS (TTM)": "0.14", "Earnings Date": "N/A", "Forward Dividend & Yield": "N/A (N/A)", "Ex-Dividend Date": "Aug 07, 2015", "1y Target Est": "N/A"}}, "fin": {"TTM": {"Duration": "TTM", "Total Revenue": "2,543", "Credit Losses Provision": "-2,000", "Non Interest Expense": "2,521", "Pretax Income": "-1,978", "Tax Provision": "0", "Net Income Common Stockholders": "-1,978", "Diluted NI Available to Com Stockholders": "-1,978", "Basic EPS": "-", "Diluted EPS": "-", "Basic Average Shares": "-", "Diluted Average Shares": "-", "INTEREST_INCOME_AFTER_PROVISION_FOR_LOAN_LOSS": "393.073", "Net Income from Continuing & Discontinued Operation": "-1,978", "Normalized Income": "-1,978", "Reconciled Depreciation": "104.83", "Net Income from Continuing Operation Net Minority Interest": "-1,978", "Tax Rate for Calcs": "0", "Tax Effect of Unusual Items": "0"}, "3/31/2020": {"Duration": "3/31/2020", "Total Revenue": "2,543", "Credit Losses Provision": "-2,000", "Non Interest Expense": "2,521", "Pretax Income": "-1,978", "Tax Provision": "0", "Net Income Common Stockholders": "-1,978", "Diluted NI Available to Com Stockholders": "-1,978", "Basic EPS": "-", "Diluted EPS": "-", "Basic Average Shares": "-", "Diluted Average Shares": "-", "INTEREST_INCOME_AFTER_PROVISION_FOR_LOAN_LOSS": "393.073", "Net Income from Continuing & Discontinued Operation": "-1,978", "Normalized Income": "-1,978", "Reconciled Depreciation": "104.83", "Net Income from Continuing Operation Net Minority Interest": "-1,978", "Tax Rate for Calcs": "0", "Tax Effect of Unusual Items": "0"}, "3/31/2019": {"Duration": "3/31/2019", "Total Revenue": "2,768", "Credit Losses Provision": "0", "Non Interest Expense": "2,639", "Pretax Income": "128.974", "Tax Provision": "37.963", "Net Income Common Stockholders": "91.011", "Diluted NI Available to Com Stockholders": "91.011", "Basic EPS": "0.12", "Diluted EPS": "0.12", "Basic Average Shares": "745.867", "Diluted Average Shares": "745.867", "INTEREST_INCOME_AFTER_PROVISION_FOR_LOAN_LOSS": "2,641", "Net Income from Continuing & Discontinued Operation": "91.011", "Normalized Income": "91.011", "Reconciled Depreciation": "92.5", "Net Income from Continuing Operation Net Minority Interest": "91.011", "Tax Rate for Calcs": "0", "Tax Effect of Unusual Items": "0"}}, "bs": {"3/31/2020": {"Duration": "3/31/2020", "Total Assets": "97,598", "Total Liabilities Net Minority Interest": "87,695", "Total Equity Gross Minority Interest": "9,904", "Total Capitalization": "21,904", "Common Stock Equity": "9,904", "Net Tangible Assets": "9,904", "Invested Capital": "21,904", "Tangible Book Value": "9,904", "Total Debt": "12,000", "Net Debt": "7,591", "Share Issued": "785.192", "Ordinary Shares Number": "785.192"}, "3/31/2019": {"Duration": "3/31/2019", "Total Assets": "97,257", "Total Liabilities Net Minority Interest": "85,484", "Total Equity Gross Minority Interest": "11,773", "Total Capitalization": "21,773", "Common Stock Equity": "11,773", "Net Tangible Assets": "11,773", "Invested Capital": "21,773", "Tangible Book Value": "11,773", "Total Debt": "10,000", "Net Debt": "7,081", "Share Issued": "781.83", "Ordinary Shares Number": "781.83"}}, "cf": {"TTM": {"Duration": "TTM", "Operating Cash Flow": "344.767", "Investing Cash Flow": "1,957", "Financing Cash Flow": "2,174", "End Cash Position": "13,755", "Income Tax Paid Supplemental Data": "0", "Interest Paid Supplemental Data": "1,238", "Capital Expenditure": "-17.308", "Issuance of Debt": "5,000", "Repayment of Debt": "-3,000", "Repurchase of Capital Stock": "0", "Free Cash Flow": "327.459"}, "3/31/2020": {"Duration": "3/31/2020", "Operating Cash Flow": "344.767", "Investing Cash Flow": "1,957", "Financing Cash Flow": "2,174", "End Cash Position": "13,755", "Income Tax Paid Supplemental Data": "0", "Interest Paid Supplemental Data": "1,238", "Capital Expenditure": "-17.308", "Issuance of Debt": "5,000", "Repayment of Debt": "-3,000", "Repurchase of Capital Stock": "0", "Free Cash Flow": "327.459"}, "3/31/2019": {"Duration": "3/31/2019", "Operating Cash Flow": "423.962", "Investing Cash Flow": "-1,701", "Financing Cash Flow": "3,305", "End Cash Position": "9,279", "Income Tax Paid Supplemental Data": "7", "Interest Paid Supplemental Data": "950.057", "Capital Expenditure": "-192.349", "Issuance of Debt": "5,000", "Repayment of Debt": "-2,000", "Repurchase of Capital Stock": "-55.152", "Free Cash Flow": "231.613"}}}}, {"NSFC": {"quote": {"03/28/2021": {"value": "", "Net Assets": "N/A", "Beta (5Y Monthly)": "N/A", "Yield": "N/A", "5y Average Return": "N/A", "Holdings Turnover": "N/A", "Last Dividend": "N/A", "Average for Category": "N/A", "Inception Date": "N/A"}}, "fin": {}, "bs": {}, "cf": {}}}, {"FETM": {"quote": {"03/28/2021": {"value": "24.50", "Market Cap": "114.683M", "Beta (5Y Monthly)": "0.79", "PE Ratio (TTM)": "7.40", "EPS (TTM)": "3.31", "Earnings Date": "Feb 02, 2021", "Forward Dividend & Yield": "0.32 (1.31%)", "Ex-Dividend Date": "Feb 05, 2021", "1y Target Est": "N/A"}}, "fin": {"TTM": {"Duration": "TTM", "Total Revenue": "42,683", "Credit Losses Provision": "-1,338", "Non Interest Expense": "26,823", "Special Income Charges": "-", "Pretax Income": "14,521", "Tax Provision": "2,941", "Net Income Common Stockholders": "11,580", "Diluted NI Available to Com Stockholders": "11,580", "Basic EPS": "-", "Diluted EPS": "-", "Basic Average Shares": "-", "Diluted Average Shares": "-", "INTEREST_INCOME_AFTER_PROVISION_FOR_LOAN_LOSS": "33,578", "Net Income from Continuing & Discontinued Operation": "11,580", "Normalized Income": "11,580", "Total Money Market Investments": "-", "Reconciled Depreciation": "450.954", "Net Income from Continuing Operation Net Minority Interest": "11,580", "Total Unusual Items Excluding Goodwill": "-", "Total Unusual Items": "-", "Tax Rate for Calcs": "0", "Tax Effect of Unusual Items": "0"}, "12/31/2019": {"Duration": "12/31/2019", "Total Revenue": "42,675", "Credit Losses Provision": "-1,335", "Non Interest Expense": "26,821", "Special Income Charges": "-", "Pretax Income": "14,519", "Tax Provision": "2,941", "Net Income Common Stockholders": "11,578", "Diluted NI Available to Com Stockholders": "11,578", "Basic EPS": "2.49", "Diluted EPS": "2.49", "Basic Average Shares": "4,644", "Diluted Average Shares": "4,644", "INTEREST_INCOME_AFTER_PROVISION_FOR_LOAN_LOSS": "33,579", "Net Income from Continuing & Discontinued Operation": "11,578", "Normalized Income": "11,578", "Total Money Market Investments": "501", "Reconciled Depreciation": "3,123", "Net Income from Continuing Operation Net Minority Interest": "11,578", "Total Unusual Items Excluding Goodwill": "-", "Total Unusual Items": "-", "Tax Rate for Calcs": "0", "Tax Effect of Unusual Items": "0"}, "12/31/2018": {"Duration": "12/31/2018", "Total Revenue": "38,800", "Credit Losses Provision": "-1,057", "Non Interest Expense": "25,310", "Special Income Charges": "0", "Pretax Income": "12,433", "Tax Provision": "2,319", "Net Income Common Stockholders": "10,114", "Diluted NI Available to Com Stockholders": "10,114", "Basic EPS": "2.65", "Diluted EPS": "2.65", "Basic Average Shares": "3,812", "Diluted Average Shares": "3,812", "INTEREST_INCOME_AFTER_PROVISION_FOR_LOAN_LOSS": "29,466", "Net Income from Continuing & Discontinued Operation": "10,114", "Normalized Income": "10,114", "Total Money Market Investments": "334", "Reconciled Depreciation": "2,584", "Net Income from Continuing Operation Net Minority Interest": "10,114", "Total Unusual Items Excluding Goodwill": "0", "Total Unusual Items": "0", "Tax Rate for Calcs": "0", "Tax Effect of Unusual Items": "0"}}, "bs": {"12/31/2019": {"Duration": "12/31/2019", "Total Assets": "1,034,759", "Total Liabilities Net Minority Interest": "933,315", "Total Equity Gross Minority Interest": "101,444", "Total Capitalization": "162,944", "Common Stock Equity": "101,444", "Net Tangible Assets": "93,293", "Invested Capital": "162,944", "Tangible Book Value": "93,293", "Total Debt": "61,500", "Net Debt": "37,697", "Share Issued": "4,664", "Ordinary Shares Number": "4,664"}, "12/31/2018": {"Duration": "12/31/2018", "Total Assets": "926,450", "Total Liabilities Net Minority Interest": "836,934", "Total Equity Gross Minority Interest": "89,516", "Total Capitalization": "158,516", "Common Stock Equity": "89,516", "Net Tangible Assets": "81,538", "Invested Capital": "158,516", "Tangible Book Value": "81,538", "Total Debt": "69,000", "Net Debt": "49,588", "Share Issued": "4,636", "Ordinary Shares Number": "4,636"}}, "cf": {"TTM": {"Duration": "TTM", "Operating Cash Flow": "-", "Investing Cash Flow": "-", "Financing Cash Flow": "-", "End Cash Position": "-", "Income Tax Paid Supplemental Data": "-", "Interest Paid Supplemental Data": "-", "Capital Expenditure": "-", "Issuance of Capital Stock": "-", "Repayment of Debt": "-", "Free Cash Flow": "-"}, "12/31/2019": {"Duration": "12/31/2019", "Operating Cash Flow": "-2,229", "Investing Cash Flow": "-66,007", "Financing Cash Flow": "91,627", "End Cash Position": "46,803", "Income Tax Paid Supplemental Data": "2,000", "Interest Paid Supplemental Data": "8,203", "Capital Expenditure": "-2,054", "Issuance of Capital Stock": "450", "Repayment of Debt": "-", "Free Cash Flow": "-4,283"}, "12/31/2018": {"Duration": "12/31/2018", "Operating Cash Flow": "15,473", "Investing Cash Flow": "-140,582", "Financing Cash Flow": "132,593", "End Cash Position": "23,412", "Income Tax Paid Supplemental Data": "500", "Interest Paid Supplemental Data": "5,594", "Capital Expenditure": "-1,711", "Issuance of Capital Stock": "20,902", "Repayment of Debt": "-", "Free Cash Flow": "13,762"}}}}, {"PSBQ": {"quote": {"03/28/2021": {"value": "25.25", "Market Cap": "112.42M", "Beta (5Y Monthly)": "0.26", "PE Ratio (TTM)": "10.52", "EPS (TTM)": "2.40", "Earnings Date": "Jan 25, 2021", "Forward Dividend & Yield": "0.42 (1.66%)", "Ex-Dividend Date": "Jan 07, 2021", "1y Target Est": "N/A"}}, "fin": {"TTM": {"Duration": "TTM", "Total Revenue": "43,292", "Credit Losses Provision": "-5,575", "Non Interest Expense": "23,744", "Pretax Income": "13,973", "Tax Provision": "3,284", "Net Income Common Stockholders": "10,689", "Diluted NI Available to Com Stockholders": "10,689", "Basic EPS": "-", "Diluted EPS": "-", "Basic Average Shares": "-", "Diluted Average Shares": "-", "INTEREST_INCOME_AFTER_PROVISION_FOR_LOAN_LOSS": "26,304", "Net Income from Continuing & Discontinued Operation": "10,689", "Normalized Income": "10,689", "Reconciled Depreciation": "2,857", "Net Income from Continuing Operation Net Minority Interest": "10,689", "Total Unusual Items Excluding Goodwill": "-", "Total Unusual Items": "-", "Tax Rate for Calcs": "0", "Tax Effect of Unusual Items": "0"}, "12/31/2020": {"Duration": "12/31/2020", "Total Revenue": "43,292", "Credit Losses Provision": "-5,575", "Non Interest Expense": "23,744", "Pretax Income": "13,973", "Tax Provision": "3,284", "Net Income Common Stockholders": "10,689", "Diluted NI Available to Com Stockholders": "10,689", "Basic EPS": "-", "Diluted EPS": "-", "Basic Average Shares": "-", "Diluted Average Shares": "-", "INTEREST_INCOME_AFTER_PROVISION_FOR_LOAN_LOSS": "26,304", "Net Income from Continuing & Discontinued Operation": "10,689", "Normalized Income": "10,689", "Reconciled Depreciation": "2,857", "Net Income from Continuing Operation Net Minority Interest": "10,689", "Total Unusual Items Excluding Goodwill": "-", "Total Unusual Items": "-", "Tax Rate for Calcs": "0", "Tax Effect of Unusual Items": "0"}, "12/31/2019": {"Duration": "12/31/2019", "Total Revenue": "38,944", "Credit Losses Provision": "-850", "Non Interest Expense": "23,296", "Pretax Income": "14,798", "Tax Provision": "3,551", "Net Income Common Stockholders": "11,247", "Diluted NI Available to Com Stockholders": "11,247", "Basic EPS": "2.51", "Diluted EPS": "2.51", "Basic Average Shares": "4,481", "Diluted Average Shares": "4,481", "INTEREST_INCOME_AFTER_PROVISION_FOR_LOAN_LOSS": "30,433", "Net Income from Continuing & Discontinued Operation": "11,247", "Normalized Income": "11,247", "Reconciled Depreciation": "2,480", "Net Income from Continuing Operation Net Minority Interest": "11,247", "Total Unusual Items Excluding Goodwill": "-80", "Total Unusual Items": "-80", "Tax Rate for Calcs": "0", "Tax Effect of Unusual Items": "0"}, "12/31/2018": {"Duration": "12/31/2018", "Total Revenue": "35,304", "Credit Losses Provision": "-130", "Non Interest Expense": "21,713", "Pretax Income": "13,461", "Tax Provision": "3,149", "Net Income Common Stockholders": "10,312", "Diluted NI Available to Com Stockholders": "10,312", "Basic EPS": "2.29", "Diluted EPS": "2.29", "Basic Average Shares": "4,497", "Diluted Average Shares": "4,497", "INTEREST_INCOME_AFTER_PROVISION_FOR_LOAN_LOSS": "28,698", "Net Income from Continuing & Discontinued Operation": "10,312", "Normalized Income": "10,312", "Reconciled Depreciation": "2,477", "Net Income from Continuing Operation Net Minority Interest": "10,312", "Total Unusual Items Excluding Goodwill": "34", "Total Unusual Items": "34", "Tax Rate for Calcs": "0", "Tax Effect of Unusual Items": "0"}}, "bs": {"12/31/2020": {"Duration": "12/31/2020", "Total Assets": "1,131,955", "Total Liabilities Net Minority Interest": "1,027,528", "Total Equity Gross Minority Interest": "104,427", "Total Capitalization": "176,659", "Common Stock Equity": "104,427", "Net Tangible Assets": "102,770", "Invested Capital": "176,659", "Tangible Book Value": "102,770", "Total Debt": "72,232", "Net Debt": "64,222", "Share Issued": "5,491", "Ordinary Shares Number": "4,452", "Treasury Shares Number": "1,039"}, "12/31/2019": {"Duration": "12/31/2019", "Total Assets": "974,893", "Total Liabilities Net Minority Interest": "882,202", "Total Equity Gross Minority Interest": "92,691", "Total Capitalization": "176,419", "Common Stock Equity": "92,691", "Net Tangible Assets": "90,944", "Invested Capital": "176,419", "Tangible Book Value": "90,944", "Total Debt": "83,728", "Net Debt": "54,901", "Share Issued": "5,491", "Ordinary Shares Number": "4,467", "Treasury Shares Number": "1,024"}, "12/31/2018": {"Duration": "12/31/2018", "Total Assets": "915,998", "Total Liabilities Net Minority Interest": "835,158", "Total Equity Gross Minority Interest": "80,840", "Total Capitalization": "172,143", "Common Stock Equity": "80,840", "Net Tangible Assets": "79,035", "Invested Capital": "172,143", "Tangible Book Value": "79,035", "Total Debt": "91,303", "Net Debt": "68,903", "Share Issued": "5,491", "Ordinary Shares Number": "4,488", "Treasury Shares Number": "1,003"}}, "cf": {"TTM": {"Duration": "TTM", "Operating Cash Flow": "17,460", "Investing Cash Flow": "-170,570", "Financing Cash Flow": "142,610", "End Cash Position": "38,528", "Income Tax Paid Supplemental Data": "3,655", "Interest Paid Supplemental Data": "6,228", "Capital Expenditure": "-1,354", "Issuance of Debt": "6,108", "Repayment of Debt": "-11,496", "Repurchase of Capital Stock": "-478", "Free Cash Flow": "16,106"}, "12/31/2020": {"Duration": "12/31/2020", "Operating Cash Flow": "17,460", "Investing Cash Flow": "-170,570", "Financing Cash Flow": "142,610", "End Cash Position": "38,528", "Income Tax Paid Supplemental Data": "3,655", "Interest Paid Supplemental Data": "6,228", "Capital Expenditure": "-1,354", "Issuance of Debt": "6,108", "Repayment of Debt": "-11,496", "Repurchase of Capital Stock": "-478", "Free Cash Flow": "16,106"}, "12/31/2019": {"Duration": "12/31/2019", "Operating Cash Flow": "13,765", "Investing Cash Flow": "-52,270", "Financing Cash Flow": "43,555", "End Cash Position": "49,028", "Income Tax Paid Supplemental Data": "3,265", "Interest Paid Supplemental Data": "8,213", "Capital Expenditure": "-2,057", "Issuance of Debt": "-", "Repayment of Debt": "-", "Repurchase of Capital Stock": "-793", "Free Cash Flow": "11,708"}, "12/31/2018": {"Duration": "12/31/2018", "Operating Cash Flow": "11,177", "Investing Cash Flow": "-53,693", "Financing Cash Flow": "58,387", "End Cash Position": "43,978", "Income Tax Paid Supplemental Data": "3,255", "Interest Paid Supplemental Data": "6,217", "Capital Expenditure": "-621", "Issuance of Debt": "37,366", "Repayment of Debt": "0", "Repurchase of Capital Stock": "-900", "Free Cash Flow": "10,556"}}}}, {"HBIA": {"quote": {"03/28/2021": {"value": "62.70", "Market Cap": "584.286M", "Beta (5Y Monthly)": "-0.07", "PE Ratio (TTM)": "15.22", "EPS (TTM)": "4.12", "Earnings Date": "N/A", "Forward Dividend & Yield": "0.94 (1.50%)", "Ex-Dividend Date": "Jan 07, 2021", "1y Target Est": "N/A"}}, "fin": {"TTM": {"Duration": "TTM", "Total Revenue": "129,913", "Credit Losses Provision": "-4,358", "Non Interest Expense": "75,631", "Special Income Charges": "-", "Pretax Income": "49,924", "Tax Provision": "11,277", "Net Income Common Stockholders": "38,647", "Diluted NI Available to Com Stockholders": "38,647", "Basic EPS": "-", "Diluted EPS": "-", "Basic Average Shares": "-", "Diluted Average Shares": "-", "INTEREST_INCOME_AFTER_PROVISION_FOR_LOAN_LOSS": "97,219", "Net Income from Continuing & Discontinued Operation": "38,647", "Normalized Income": "38,647", "Total Money Market Investments": "945", "Reconciled Depreciation": "3,514", "Net Income from Continuing Operation Net Minority Interest": "38,647", "Total Unusual Items Excluding Goodwill": "-", "Total Unusual Items": "-", "Tax Rate for Calcs": "0", "Tax Effect of Unusual Items": "0"}, "12/31/2020": {"Duration": "12/31/2020", "Total Revenue": "129,913", "Credit Losses Provision": "-4,358", "Non Interest Expense": "75,631", "Special Income Charges": "-", "Pretax Income": "49,924", "Tax Provision": "11,277", "Net Income Common Stockholders": "38,647", "Diluted NI Available to Com Stockholders": "38,647", "Basic EPS": "-", "Diluted EPS": "-", "Basic Average Shares": "-", "Diluted Average Shares": "-", "INTEREST_INCOME_AFTER_PROVISION_FOR_LOAN_LOSS": "97,219", "Net Income from Continuing & Discontinued Operation": "38,647", "Normalized Income": "38,647", "Total Money Market Investments": "945", "Reconciled Depreciation": "3,514", "Net Income from Continuing Operation Net Minority Interest": "38,647", "Total Unusual Items Excluding Goodwill": "-", "Total Unusual Items": "-", "Tax Rate for Calcs": "0", "Tax Effect of Unusual Items": "0"}, "12/31/2019": {"Duration": "12/31/2019", "Total Revenue": "122,251", "Credit Losses Provision": "2,880", "Non Interest Expense": "67,264", "Special Income Charges": "-", "Pretax Income": "57,867", "Tax Provision": "12,549", "Net Income Common Stockholders": "45,318", "Diluted NI Available to Com Stockholders": "45,318", "Basic EPS": "4.85", "Diluted EPS": "4.85", "Basic Average Shares": "9,356", "Diluted Average Shares": "9,360", "INTEREST_INCOME_AFTER_PROVISION_FOR_LOAN_LOSS": "100,339", "Net Income from Continuing & Discontinued Operation": "45,318", "Normalized Income": "45,318", "Total Money Market Investments": "3,980", "Reconciled Depreciation": "3,426", "Net Income from Continuing Operation Net Minority Interest": "45,318", "Total Unusual Items Excluding Goodwill": "-", "Total Unusual Items": "-", "Tax Rate for Calcs": "0", "Tax Effect of Unusual Items": "0"}, "12/31/2018": {"Duration": "12/31/2018", "Total Revenue": "116,292", "Credit Losses Provision": "-8,497", "Non Interest Expense": "62,123", "Special Income Charges": "-", "Pretax Income": "45,672", "Tax Provision": "8,905", "Net Income Common Stockholders": "36,767", "Diluted NI Available to Com Stockholders": "36,767", "Basic EPS": "3.93", "Diluted EPS": "3.92", "Basic Average Shares": "9,366", "Diluted Average Shares": "9,370", "INTEREST_INCOME_AFTER_PROVISION_FOR_LOAN_LOSS": "83,977", "Net Income from Continuing & Discontinued Operation": "36,767", "Normalized Income": "36,767", "Total Money Market Investments": "1,939", "Reconciled Depreciation": "3,012", "Net Income from Continuing Operation Net Minority Interest": "36,767", "Total Unusual Items Excluding Goodwill": "-", "Total Unusual Items": "-", "Tax Rate for Calcs": "0", "Tax Effect of Unusual Items": "0"}}, "bs": {"12/31/2020": {"Duration": "12/31/2020", "Total Assets": "3,780,611", "Total Liabilities Net Minority Interest": "3,317,206", "Total Equity Gross Minority Interest": "463,405", "Total Capitalization": "568,405", "Common Stock Equity": "463,405", "Net Tangible Assets": "460,905", "Invested Capital": "568,405", "Tangible Book Value": "460,905", "Total Debt": "105,000", "Net Debt": "-", "Share Issued": "10,330", "Ordinary Shares Number": "9,331", "Treasury Shares Number": "999.247"}, "12/31/2019": {"Duration": "12/31/2019", "Total Assets": "3,300,887", "Total Liabilities Net Minority Interest": "2,873,850", "Total Equity Gross Minority Interest": "427,037", "Total Capitalization": "612,037", "Common Stock Equity": "427,037", "Net Tangible Assets": "424,537", "Invested Capital": "612,037", "Tangible Book Value": "424,537", "Total Debt": "185,000", "Net Debt": "-", "Share Issued": "10,328", "Ordinary Shares Number": "9,352", "Treasury Shares Number": "975.962"}, "12/31/2018": {"Duration": "12/31/2018", "Total Assets": "3,042,464", "Total Liabilities Net Minority Interest": "2,658,712", "Total Equity Gross Minority Interest": "383,752", "Total Capitalization": "598,752", "Common Stock Equity": "383,752", "Net Tangible Assets": "381,252", "Invested Capital": "598,752", "Tangible Book Value": "381,252", "Total Debt": "215,000", "Net Debt": "171,695", "Share Issued": "10,325", "Ordinary Shares Number": "9,336", "Treasury Shares Number": "988.75"}}, "cf": {"TTM": {"Duration": "TTM", "Operating Cash Flow": "8,146", "Investing Cash Flow": "-116,387", "Financing Cash Flow": "440,586", "End Cash Position": "574,310", "Income Tax Paid Supplemental Data": "9,874", "Interest Paid Supplemental Data": "27,693", "Capital Expenditure": "-1,860", "Issuance of Capital Stock": "5,844", "Issuance of Debt": "1", "Repayment of Debt": "-80,001", "Repurchase of Capital Stock": "-8,550", "Free Cash Flow": "6,286"}, "12/31/2020": {"Duration": "12/31/2020", "Operating Cash Flow": "8,146", "Investing Cash Flow": "-116,387", "Financing Cash Flow": "440,586", "End Cash Position": "574,310", "Income Tax Paid Supplemental Data": "9,874", "Interest Paid Supplemental Data": "27,693", "Capital Expenditure": "-1,860", "Issuance of Capital Stock": "5,844", "Issuance of Debt": "1", "Repayment of Debt": "-80,001", "Repurchase of Capital Stock": "-8,550", "Free Cash Flow": "6,286"}, "12/31/2019": {"Duration": "12/31/2019", "Operating Cash Flow": "39,320", "Investing Cash Flow": "-43,231", "Financing Cash Flow": "202,571", "End Cash Position": "241,965", "Income Tax Paid Supplemental Data": "10,784", "Interest Paid Supplemental Data": "34,211", "Capital Expenditure": "-3,167", "Issuance of Capital Stock": "5,026", "Issuance of Debt": "1", "Repayment of Debt": "-30,001", "Repurchase of Capital Stock": "-5,534", "Free Cash Flow": "36,153"}, "12/31/2018": {"Duration": "12/31/2018", "Operating Cash Flow": "47,738", "Investing Cash Flow": "-202,733", "Financing Cash Flow": "43,947", "End Cash Position": "43,305", "Income Tax Paid Supplemental Data": "9,924", "Interest Paid Supplemental Data": "25,801", "Capital Expenditure": "-2,206", "Issuance of Capital Stock": "4,713", "Issuance of Debt": "1", "Repayment of Debt": "-80,001", "Repurchase of Capital Stock": "-6,784", "Free Cash Flow": "45,532"}}}}, {"KEY": {"quote": {"03/28/2021": {"value": "20.15", "Market Cap": "19.345B", "Beta (5Y Monthly)": "1.55", "PE Ratio (TTM)": "15.82", "EPS (TTM)": "1.27", "Earnings Date": "Apr 20, 2021", "Forward Dividend & Yield": "0.74 (3.67%)", "Ex-Dividend Date": "Mar 01, 2021", "1y Target Est": "20.61"}}, "fin": {"TTM": {"Duration": "TTM", "Total Revenue": "6,832,000", "Credit Losses Provision": "-569,000", "Non Interest Expense": "4,109,000", "Special Income Charges": "-", "Pretax Income": "2,153,000", "Tax Provision": "351,000", "Net Income Common Stockholders": "1,713,000", "Diluted NI Available to Com Stockholders": "1,713,000", "Basic EPS": "-", "Diluted EPS": "-", "Basic Average Shares": "-", "Diluted Average Shares": "-", "Rent Expense Supplemental": "136,000", "INTEREST_INCOME_AFTER_PROVISION_FOR_LOAN_LOSS": "3,489,000", "Net Income from Continuing & Discontinued Operation": "1,819,000", "Normalized Income": "1,802,837", "Reconciled Depreciation": "63,000", "Net Income from Continuing Operation Net Minority Interest": "1,802,000", "Total Unusual Items Excluding Goodwill": "-1,000", "Total Unusual Items": "-1,000", "Tax Rate for Calcs": "0", "Tax Effect of Unusual Items": "-163.0283"}, "12/31/2020": {"Duration": "12/31/2020", "Total Revenue": "6,686,000", "Credit Losses Provision": "-1,021,000", "Non Interest Expense": "4,109,000", "Special Income Charges": "-30,000", "Pretax Income": "1,556,000", "Tax Provision": "227,000", "Net Income Common Stockholders": "1,237,000", "Diluted NI Available to Com Stockholders": "1,237,000", "Basic EPS": "1.28", "Diluted EPS": "1.27", "Basic Average Shares": "967,783", "Diluted Average Shares": "974,807", "Rent Expense Supplemental": "138,000", "INTEREST_INCOME_AFTER_PROVISION_FOR_LOAN_LOSS": "3,013,000", "Net Income from Continuing & Discontinued Operation": "1,343,000", "Normalized Income": "1,329,000", "Reconciled Depreciation": "111,000", "Net Income from Continuing Operation Net Minority Interest": "1,329,000", "Total Unusual Items Excluding Goodwill": "-30,000", "Total Unusual Items": "-30,000", "Tax Rate for Calcs": "0", "Tax Effect of Unusual Items": "0"}, "12/31/2019": {"Duration": "12/31/2019", "Total Revenue": "6,368,000", "Credit Losses Provision": "-445,000", "Non Interest Expense": "3,901,000", "Special Income Charges": "-", "Pretax Income": "2,022,000", "Tax Provision": "314,000", "Net Income Common Stockholders": "1,620,000", "Diluted NI Available to Com Stockholders": "1,620,000", "Basic EPS": "1.63", "Diluted EPS": "1.62", "Basic Average Shares": "992,091", "Diluted Average Shares": "1,002,254", "Rent Expense Supplemental": "123,000", "INTEREST_INCOME_AFTER_PROVISION_FOR_LOAN_LOSS": "3,464,000", "Net Income from Continuing & Discontinued Operation": "1,717,000", "Normalized Income": "1,708,000", "Reconciled Depreciation": "241,000", "Net Income from Continuing Operation Net Minority Interest": "1,708,000", "Total Unusual Items Excluding Goodwill": "-", "Total Unusual Items": "-", "Tax Rate for Calcs": "0", "Tax Effect of Unusual Items": "0"}, "12/31/2018": {"Duration": "12/31/2018", "Total Revenue": "6,424,000", "Credit Losses Provision": "-246,000", "Non Interest Expense": "3,975,000", "Special Income Charges": "-", "Pretax Income": "2,203,000", "Tax Provision": "344,000", "Net Income Common Stockholders": "1,800,000", "Diluted NI Available to Com Stockholders": "1,800,000", "Basic EPS": "1.73", "Diluted EPS": "1.71", "Basic Average Shares": "1,040,890", "Diluted Average Shares": "1,054,682", "Rent Expense Supplemental": "120,000", "INTEREST_INCOME_AFTER_PROVISION_FOR_LOAN_LOSS": "3,663,000", "Net Income from Continuing & Discontinued Operation": "1,866,000", "Normalized Income": "1,859,000", "Reconciled Depreciation": "382,000", "Net Income from Continuing Operation Net Minority Interest": "1,859,000", "Total Unusual Items Excluding Goodwill": "-", "Total Unusual Items": "-", "Tax Rate for Calcs": "0", "Tax Effect of Unusual Items": "0"}}, "bs": {"12/31/2020": {"Duration": "12/31/2020", "Total Assets": "170,336,000", "Total Liabilities Net Minority Interest": "152,355,000", "Total Equity Gross Minority Interest": "17,981,000", "Total Capitalization": "31,657,000", "Preferred Stock Equity": "1,900,000", "Common Stock Equity": "16,081,000", "Capital Lease Obligations": "12,000", "Net Tangible Assets": "15,129,000", "Invested Capital": "30,516,000", "Tangible Book Value": "13,229,000", "Total Debt": "14,447,000", "Net Debt": "13,344,000", "Share Issued": "1,256,702", "Ordinary Shares Number": "975,773", "Preferred Shares Number": "55,000", "Treasury Shares Number": "280,929"}, "12/31/2019": {"Duration": "12/31/2019", "Total Assets": "144,988,000", "Total Liabilities Net Minority Interest": "127,950,000", "Total Equity Gross Minority Interest": "17,038,000", "Total Capitalization": "29,447,000", "Preferred Stock Equity": "1,900,000", "Common Stock Equity": "15,138,000", "Capital Lease Obligations": "13,000", "Net Tangible Assets": "14,121,000", "Invested Capital": "28,252,000", "Tangible Book Value": "12,221,000", "Total Debt": "13,127,000", "Net Debt": "12,382,000", "Share Issued": "1,256,702", "Ordinary Shares Number": "977,189", "Preferred Shares Number": "20,000", "Treasury Shares Number": "279,514"}, "12/31/2018": {"Duration": "12/31/2018", "Total Assets": "139,613,000", "Total Liabilities Net Minority Interest": "124,017,000", "Total Equity Gross Minority Interest": "15,596,000", "Total Capitalization": "29,228,000", "Preferred Stock Equity": "1,450,000", "Common Stock Equity": "14,145,000", "Capital Lease Obligations": "16,000", "Net Tangible Assets": "12,763,000", "Invested Capital": "28,322,000", "Tangible Book Value": "11,313,000", "Total Debt": "14,193,000", "Net Debt": "13,499,000", "Share Issued": "1,256,702", "Ordinary Shares Number": "1,019,503", "Preferred Shares Number": "20,000", "Treasury Shares Number": "237,199"}}, "cf": {"TTM": {"Duration": "TTM", "Operating Cash Flow": "-", "Investing Cash Flow": "-", "Financing Cash Flow": "-", "End Cash Position": "-", "Income Tax Paid Supplemental Data": "-", "Interest Paid Supplemental Data": "-", "Capital Expenditure": "-", "Issuance of Capital Stock": "-", "Issuance of Debt": "-", "Repayment of Debt": "-", "Repurchase of Capital Stock": "-", "Free Cash Flow": "-"}, "12/31/2020": {"Duration": "12/31/2020", "Operating Cash Flow": "1,673,000", "Investing Cash Flow": "-24,721,000", "Financing Cash Flow": "23,407,000", "End Cash Position": "1,091,000", "Income Tax Paid Supplemental Data": "241,000", "Interest Paid Supplemental Data": "731,000", "Capital Expenditure": "-63,000", "Issuance of Capital Stock": "8,000", "Issuance of Debt": "3,607,000", "Repayment of Debt": "-2,508,000", "Repurchase of Capital Stock": "-134,000", "Free Cash Flow": "1,610,000"}, "12/31/2019": {"Duration": "12/31/2019", "Operating Cash Flow": "2,906,000", "Investing Cash Flow": "-4,918,000", "Financing Cash Flow": "2,066,000", "End Cash Position": "732,000", "Income Tax Paid Supplemental Data": "18,000", "Interest Paid Supplemental Data": "1,251,000", "Capital Expenditure": "-85,000", "Issuance of Capital Stock": "453,000", "Issuance of Debt": "2,129,000", "Repayment of Debt": "-3,634,000", "Repurchase of Capital Stock": "-835,000", "Free Cash Flow": "2,821,000"}, "12/31/2018": {"Duration": "12/31/2018", "Operating Cash Flow": "2,506,000", "Investing Cash Flow": "-2,482,000", "Financing Cash Flow": "-17,000", "End Cash Position": "678,000", "Income Tax Paid Supplemental Data": "12,000", "Interest Paid Supplemental Data": "892,000", "Capital Expenditure": "-99,000", "Issuance of Capital Stock": "432,000", "Issuance of Debt": "2,306,000", "Repayment of Debt": "-2,880,000", "Repurchase of Capital Stock": "-1,098,000", "Free Cash Flow": "2,407,000"}}}}, {"KLIB": {"quote": {"03/28/2021": {"value": "178.00", "Market Cap": "66.886M", "Beta (5Y Monthly)": "-0.05", "PE Ratio (TTM)": "23.46", "EPS (TTM)": "7.59", "Earnings Date": "N/A", "Forward Dividend & Yield": "3.60 (2.02%)", "Ex-Dividend Date": "Nov 25, 2020", "1y Target Est": "N/A"}}, "fin": {}, "bs": {}, "cf": {}}}, {"QRRY": {"quote": {"03/28/2021": {"value": "13.37", "Market Cap": "N/A", "Beta (5Y Monthly)": "N/A", "PE Ratio (TTM)": "N/A", "EPS (TTM)": "N/A", "Earnings Date": "N/A", "Forward Dividend & Yield": "N/A (N/A)", "Ex-Dividend Date": "N/A", "1y Target Est": "N/A"}}, "fin": {}, "bs": {}, "cf": {}}}, {"CBBC": {"quote": {"03/28/2021": {"value": "", "Net Assets": "N/A", "Beta (5Y Monthly)": "N/A", "Yield": "N/A", "5y Average Return": "N/A", "Holdings Turnover": "N/A", "Last Dividend": "N/A", "Average for Category": "N/A", "Inception Date": "N/A"}}, "fin": {}, "bs": {}, "cf": {}}}, {"CNBZ": {"quote": {"03/28/2021": {"value": "20.00", "Market Cap": "23.636M", "Beta (5Y Monthly)": "-0.23", "PE Ratio (TTM)": "12.66", "EPS (TTM)": "1.58", "Earnings Date": "N/A", "Forward Dividend & Yield": "0.80 (4.00%)", "Ex-Dividend Date": "Jan 28, 2021", "1y Target Est": "N/A"}}, "fin": {}, "bs": {}, "cf": {}}}, {"HCBN": {"quote": {"03/28/2021": {"value": "26.50", "Market Cap": "14.404M", "Beta (5Y Monthly)": "0.64", "PE Ratio (TTM)": "10.43", "EPS (TTM)": "2.54", "Earnings Date": "N/A", "Forward Dividend & Yield": "0.87 (3.28%)", "Ex-Dividend Date": "Mar 31, 2021", "1y Target Est": "N/A"}}, "fin": {}, "bs": {}, "cf": {}}}, {"FITB": {"fin": {"TTM": {"Duration": "TTM", "Total Revenue": "7,242,000", "Credit Losses Provision": "-284,000", "Non Interest Expense": "4,473,000", "Income from Associates & Other Participating Interests": "-", "Special Income Charges": "-", "Pretax Income": "2,620,000", "Tax Provision": "545,000", "Net Income Common Stockholders": "1,963,000", "Average Dilution Earnings": "-", "Diluted NI Available to Com Stockholders": "1,963,000", "Basic EPS": "-", "Diluted EPS": "-", "Basic Average Shares": "-", "Diluted Average Shares": "-", "Rent Expense Supplemental": "-", "INTEREST_INCOME_AFTER_PROVISION_FOR_LOAN_LOSS": "4,445,000", "Net Income from Continuing & Discontinued Operation": "2,075,000", "Normalized Income": "2,097,176", "Reconciled Depreciation": "-", "Net Income from Continuing Operation Net Minority Interest": "2,075,000", "Total Unusual Items Excluding Goodwill": "-28,000", "Total Unusual Items": "-28,000", "Tax Rate for Calcs": "0", "Tax Effect of Unusual Items": "-5,824"}, "12/31/2020": {"Duration": "12/31/2020", "Total Revenue": "7,233,000", "Credit Losses Provision": "-1,097,000", "Non Interest Expense": "4,457,000", "Income from Associates & Other Participating Interests": "149,000", "Special Income Charges": "-31,000", "Pretax Income": "1,797,000", "Tax Provision": "370,000", "Net Income Common Stockholders": "1,317,000", "Average Dilution Earnings": "0", "Diluted NI Available to Com Stockholders": "1,317,000", "Basic EPS": "-", "Diluted EPS": "-", "Basic Average Shares": "-", "Diluted Average Shares": "-", "Rent Expense Supplemental": "-", "INTEREST_INCOME_AFTER_PROVISION_FOR_LOAN_LOSS": "3,685,000", "Net Income from Continuing & Discontinued Operation": "1,427,000", "Normalized Income": "1,451,614", "Reconciled Depreciation": "492,000", "Net Income from Continuing Operation Net Minority Interest": "1,427,000", "Total Unusual Items Excluding Goodwill": "-31,000", "Total Unusual Items": "-31,000", "Tax Rate for Calcs": "0", "Tax Effect of Unusual Items": "-6,386"}, "12/31/2019": {"Duration": "12/31/2019", "Total Revenue": "7,253,000", "Credit Losses Provision": "-471,000", "Non Interest Expense": "4,528,000", "Income from Associates & Other Participating Interests": "413,000", "Special Income Charges": "535,000", "Pretax Income": "3,202,000", "Tax Provision": "690,000", "Net Income Common Stockholders": "2,398,000", "Average Dilution Earnings": "-", "Diluted NI Available to Com Stockholders": "2,398,000", "Basic EPS": "3.38", "Diluted EPS": "3.33", "Basic Average Shares": "710,434", "Diluted Average Shares": "720,065", "Rent Expense Supplemental": "124,000", "INTEREST_INCOME_AFTER_PROVISION_FOR_LOAN_LOSS": "4,326,000", "Net Income from Continuing & Discontinued Operation": "2,512,000", "Normalized Income": "2,092,560", "Reconciled Depreciation": "472,000", "Net Income from Continuing Operation Net Minority Interest": "2,512,000", "Total Unusual Items Excluding Goodwill": "535,000", "Total Unusual Items": "535,000", "Tax Rate for Calcs": "0", "Tax Effect of Unusual Items": "115,560"}, "12/31/2018": {"Duration": "12/31/2018", "Total Revenue": "6,151,000", "Credit Losses Provision": "-237,000", "Non Interest Expense": "3,809,000", "Income from Associates & Other Participating Interests": "84,000", "Special Income Charges": "576,000", "Pretax Income": "2,765,000", "Tax Provision": "572,000", "Net Income Common Stockholders": "2,095,000", "Average Dilution Earnings": "-", "Diluted NI Available to Com Stockholders": "2,095,000", "Basic EPS": "3.11", "Diluted EPS": "3.06", "Basic Average Shares": "673,346", "Diluted Average Shares": "685,488", "Rent Expense Supplemental": "76,000", "INTEREST_INCOME_AFTER_PROVISION_FOR_LOAN_LOSS": "3,903,000", "Net Income from Continuing & Discontinued Operation": "2,193,000", "Normalized Income": "1,736,232", "Reconciled Depreciation": "360,000", "Net Income from Continuing Operation Net Minority Interest": "2,193,000", "Total Unusual Items Excluding Goodwill": "576,000", "Total Unusual Items": "576,000", "Tax Rate for Calcs": "0", "Tax Effect of Unusual Items": "119,232"}}, "bs": {"12/31/2020": {"Duration": "12/31/2020", "Total Assets": "204,680,000", "Total Liabilities Net Minority Interest": "181,569,000", "Total Equity Gross Minority Interest": "23,111,000", "Total Capitalization": "38,084,000", "Preferred Stock Equity": "2,116,000", "Common Stock Equity": "20,995,000", "Net Tangible Assets": "18,058,000", "Invested Capital": "36,007,000", "Tangible Book Value": "15,942,000", "Total Debt": "15,012,000", "Net Debt": "11,865,000", "Share Issued": "923,893", "Ordinary Shares Number": "712,760", "Preferred Shares Number": "18,000", "Treasury Shares Number": "211,132"}, "12/31/2019": {"Duration": "12/31/2019", "Total Assets": "169,369,000", "Total Liabilities Net Minority Interest": "148,166,000", "Total Equity Gross Minority Interest": "21,203,000", "Total Capitalization": "36,173,000", "Preferred Stock Equity": "1,770,000", "Common Stock Equity": "19,433,000", "Net Tangible Assets": "15,757,000", "Invested Capital": "34,403,000", "Tangible Book Value": "13,987,000", "Total Debt": "14,970,000", "Net Debt": "11,692,000", "Share Issued": "923,893", "Ordinary Shares Number": "708,916", "Preferred Shares Number": "-", "Treasury Shares Number": "214,977"}, "12/31/2018": {"Duration": "12/31/2018", "Total Assets": "146,069,000", "Total Liabilities Net Minority Interest": "129,819,000", "Total Equity Gross Minority Interest": "16,250,000", "Total Capitalization": "30,676,000", "Preferred Stock Equity": "1,331,000", "Common Stock Equity": "14,919,000", "Net Tangible Assets": "12,794,000", "Invested Capital": "29,345,000", "Tangible Book Value": "11,463,000", "Total Debt": "14,426,000", "Net Debt": "11,745,000", "Share Issued": "923,893", "Ordinary Shares Number": "646,631", "Preferred Shares Number": "18,000", "Treasury Shares Number": "277,262"}}, "cf": {"TTM": {"Duration": "TTM", "Operating Cash Flow": "-", "Investing Cash Flow": "-", "Financing Cash Flow": "-", "End Cash Position": "-", "Capital Expenditure": "-", "Issuance of Capital Stock": "-", "Issuance of Debt": "-", "Repayment of Debt": "-", "Repurchase of Capital Stock": "-", "Free Cash Flow": "-"}, "12/31/2020": {"Duration": "12/31/2020", "Operating Cash Flow": "371,000", "Investing Cash Flow": "-31,902,000", "Financing Cash Flow": "31,400,000", "End Cash Position": "3,147,000", "Capital Expenditure": "-358,000", "Issuance of Capital Stock": "346,000", "Issuance of Debt": "2,557,000", "Repayment of Debt": "-2,799,000", "Repurchase of Capital Stock": "0", "Free Cash Flow": "13,000"}, "12/31/2019": {"Duration": "12/31/2019", "Operating Cash Flow": "1,824,000", "Investing Cash Flow": "-797,000", "Financing Cash Flow": "-430,000", "End Cash Position": "3,278,000", "Capital Expenditure": "-304,000", "Issuance of Capital Stock": "242,000", "Issuance of Debt": "3,866,000", "Repayment of Debt": "-4,212,000", "Repurchase of Capital Stock": "-1,763,000", "Free Cash Flow": "1,520,000"}, "12/31/2018": {"Duration": "12/31/2018", "Operating Cash Flow": "2,856,000", "Investing Cash Flow": "-4,141,000", "Financing Cash Flow": "1,452,000", "End Cash Position": "2,681,000", "Capital Expenditure": "-134,000", "Issuance of Capital Stock": "-", "Issuance of Debt": "2,438,000", "Repayment of Debt": "-2,884,000", "Repurchase of Capital Stock": "-1,453,000", "Free Cash Flow": "2,722,000"}}}}, {"BFFI": {"fin": {}, "bs": {}, "cf": {}}}, {"WEIN": {"fin": {}, "bs": {}, "cf": {}}}, {"RLBS": {"fin": {}, "bs": {}, "cf": {}}}, {"HARI": {"fin": {}, "bs": {}, "cf": {}}}, {"CHFC": {"fin": {}, "bs": {}, "cf": {}}}, {"DSFN": {"fin": {}, "bs": {}, "cf": {}}}, {"MBFI": {"fin": {}, "bs": {}, "cf": {}}}, {"MFSF": {"fin": {}, "bs": {}, "cf": {}}}, {"BVBC": {"fin": {}, "bs": {}, "cf": {}}}]