[{"AF": {"quote": {"04/04/2021": {"value": "", "Net Assets": "N/A", "Beta (5Y Monthly)": "N/A", "Yield": "N/A", "5y Average Return": "N/A", "Holdings Turnover": "N/A", "Last Dividend": "N/A", "Average for Category": "N/A", "Inception Date": "N/A"}}, "fin": {}, "bs": {}, "cf": {}}}, {"ANCB": {"quote": {"04/04/2021": {"value": "", "Net Assets": "N/A", "Beta (5Y Monthly)": "N/A", "Yield": "N/A", "5y Average Return": "N/A", "Holdings Turnover": "N/A", "Last Dividend": "N/A", "Average for Category": "N/A", "Inception Date": "N/A"}}, "fin": {}, "bs": {}, "cf": {}}}, {"AMFC": {"quote": {"04/04/2021": {"value": "18.50", "Market Cap": "4.123M", "Beta (5Y Monthly)": "0.29", "PE Ratio (TTM)": "9.73", "EPS (TTM)": "1.90", "Earnings Date": "N/A", "Forward Dividend & Yield": "N/A (5.48%)", "Ex-Dividend Date": "Jun 09, 2016", "1y Target Est": "N/A"}}, "fin": {}, "bs": {}, "cf": {}}}, {"ABBB": {"quote": {"04/04/2021": {"value": "14.00", "Market Cap": "3.624M", "Beta (5Y Monthly)": "0.29", "PE Ratio (TTM)": "16.91", "EPS (TTM)": "0.83", "Earnings Date": "N/A", "Forward Dividend & Yield": "N/A (N/A)", "Ex-Dividend Date": "N/A", "1y Target Est": "N/A"}}, "fin": {}, "bs": {}, "cf": {}}}, {"AFBA": {"quote": {"04/04/2021": {"value": "5.55", "Market Cap": "153,385", "Beta (5Y Monthly)": "1.71", "PE Ratio (TTM)": "3.49", "EPS (TTM)": "1.59", "Earnings Date": "N/A", "Forward Dividend & Yield": "N/A (4.09%)", "Ex-Dividend Date": "N/A", "1y Target Est": "N/A"}}, "fin": {}, "bs": {}, "cf": {}}}, {"BKMU": {"quote": {"04/04/2021": {"value": "", "Net Assets": "N/A", "Beta (5Y Monthly)": "N/A", "Yield": "N/A", "5y Average Return": "N/A", "Holdings Turnover": "N/A", "Last Dividend": "N/A", "Average for Category": "N/A", "Inception Date": "N/A"}}, "fin": {}, "bs": {}, "cf": {}}}, {"NYCB": {"quote": {"04/04/2021": {"value": "12.70", "Market Cap": "5.914B", "Beta (5Y Monthly)": "1.08", "PE Ratio (TTM)": "12.45", "EPS (TTM)": "1.02", "Earnings Date": "Apr 28, 2021", "Forward Dividend & Yield": "0.68 (5.35%)", "Ex-Dividend Date": "Feb 04, 2021", "1y Target Est": "13.30"}}, "fin": {"TTM": {"Duration": "TTM", "Total Revenue": "1,161,222", "Credit Losses Provision": "-62,228", "Non Interest Expense": "511,190", "Special Income Charges": "-", "Pretax Income": "587,804", "Tax Provision": "76,695", "Net Income Common Stockholders": "472,483", "Diluted NI Available to Com Stockholders": "472,483", "Basic EPS": "-", "Diluted EPS": "-", "Basic Average Shares": "-", "Diluted Average Shares": "-", "INTEREST_INCOME_AFTER_PROVISION_FOR_LOAN_LOSS": "1,037,914", "Net Income from Continuing & Discontinued Operation": "511,109", "Normalized Income": "511,109", "Reconciled Depreciation": "23,871", "Net Income from Continuing Operation Net Minority Interest": "511,109", "Total Unusual Items Excluding Goodwill": "-", "Total Unusual Items": "-", "Tax Rate for Calcs": "0", "Tax Effect of Unusual Items": "0"}, "12/31/2020": {"Duration": "12/31/2020", "Total Revenue": "1,161,222", "Credit Losses Provision": "-62,228", "Non Interest Expense": "511,190", "Special Income Charges": "-", "Pretax Income": "587,804", "Tax Provision": "76,695", "Net Income Common Stockholders": "472,483", "Diluted NI Available to Com Stockholders": "472,483", "Basic EPS": "-", "Diluted EPS": "-", "Basic Average Shares": "-", "Diluted Average Shares": "-", "INTEREST_INCOME_AFTER_PROVISION_FOR_LOAN_LOSS": "1,037,914", "Net Income from Continuing & Discontinued Operation": "511,109", "Normalized Income": "511,109", "Reconciled Depreciation": "23,871", "Net Income from Continuing Operation Net Minority Interest": "511,109", "Total Unusual Items Excluding Goodwill": "-", "Total Unusual Items": "-", "Tax Rate for Calcs": "0", "Tax Effect of Unusual Items": "0"}, "12/31/2019": {"Duration": "12/31/2019", "Total Revenue": "1,041,630", "Credit Losses Provision": "-7,105", "Non Interest Expense": "511,218", "Special Income Charges": "-", "Pretax Income": "523,307", "Tax Provision": "128,264", "Net Income Common Stockholders": "357,882", "Diluted NI Available to Com Stockholders": "357,882", "Basic EPS": "0.77", "Diluted EPS": "0.77", "Basic Average Shares": "465,380", "Diluted Average Shares": "465,663", "INTEREST_INCOME_AFTER_PROVISION_FOR_LOAN_LOSS": "950,295", "Net Income from Continuing & Discontinued Operation": "395,043", "Normalized Income": "395,043", "Reconciled Depreciation": "27,096", "Net Income from Continuing Operation Net Minority Interest": "395,043", "Total Unusual Items Excluding Goodwill": "-", "Total Unusual Items": "-", "Tax Rate for Calcs": "0", "Tax Effect of Unusual Items": "0"}, "12/31/2018": {"Duration": "12/31/2018", "Total Revenue": "1,122,553", "Credit Losses Provision": "-18,256", "Non Interest Expense": "546,628", "Special Income Charges": "0", "Pretax Income": "557,669", "Tax Provision": "135,252", "Net Income Common Stockholders": "384,718", "Diluted NI Available to Com Stockholders": "384,718", "Basic EPS": "0.79", "Diluted EPS": "0.79", "Basic Average Shares": "487,288", "Diluted Average Shares": "487,288", "INTEREST_INCOME_AFTER_PROVISION_FOR_LOAN_LOSS": "1,012,739", "Net Income from Continuing & Discontinued Operation": "422,417", "Normalized Income": "422,417", "Reconciled Depreciation": "32,323", "Net Income from Continuing Operation Net Minority Interest": "422,417", "Total Unusual Items Excluding Goodwill": "0", "Total Unusual Items": "0", "Tax Rate for Calcs": "0", "Tax Effect of Unusual Items": "0"}}, "bs": {"12/31/2020": {"Duration": "12/31/2020", "Total Assets": "56,306,120", "Total Liabilities Net Minority Interest": "49,464,476", "Total Equity Gross Minority Interest": "6,841,644", "Total Capitalization": "22,125,188", "Preferred Stock Equity": "502,840", "Common Stock Equity": "6,338,804", "Capital Lease Obligations": "266,846", "Net Tangible Assets": "4,415,265", "Invested Capital": "21,622,348", "Tangible Book Value": "3,912,425", "Total Debt": "15,550,390", "Net Debt": "13,335,613", "Share Issued": "490,439", "Ordinary Shares Number": "463,902", "Preferred Shares Number": "515", "Treasury Shares Number": "26,537"}, "12/31/2019": {"Duration": "12/31/2019", "Total Assets": "53,640,821", "Total Liabilities Net Minority Interest": "46,929,127", "Total Equity Gross Minority Interest": "6,711,694", "Total Capitalization": "20,469,287", "Preferred Stock Equity": "502,840", "Common Stock Equity": "6,208,854", "Capital Lease Obligations": "285,991", "Net Tangible Assets": "4,285,315", "Invested Capital": "19,966,447", "Tangible Book Value": "3,782,475", "Total Debt": "14,043,584", "Net Debt": "13,015,723", "Share Issued": "490,439", "Ordinary Shares Number": "467,347", "Preferred Shares Number": "515", "Treasury Shares Number": "23,092"}, "12/31/2018": {"Duration": "12/31/2018", "Total Assets": "51,899,376", "Total Liabilities Net Minority Interest": "45,244,141", "Total Equity Gross Minority Interest": "6,655,235", "Total Capitalization": "20,363,101", "Preferred Stock Equity": "502,840", "Common Stock Equity": "6,152,395", "Capital Lease Obligations": "-", "Net Tangible Assets": "4,218,324", "Invested Capital": "19,860,261", "Tangible Book Value": "3,715,484", "Total Debt": "13,707,866", "Net Debt": "12,232,911", "Share Issued": "490,439", "Ordinary Shares Number": "473,537", "Preferred Shares Number": "515", "Treasury Shares Number": "16,902"}}, "cf": {"TTM": {"Duration": "TTM", "Operating Cash Flow": "334,196", "Investing Cash Flow": "-1,025,359", "Financing Cash Flow": "1,897,224", "End Cash Position": "1,947,931", "Income Tax Paid Supplemental Data": "117,873", "Interest Paid Supplemental Data": "632,660", "Capital Expenditure": "-", "Issuance of Capital Stock": "-", "Issuance of Debt": "8,075,000", "Repayment of Debt": "-6,550,000", "Repurchase of Capital Stock": "-59,022", "Free Cash Flow": "334,196"}, "12/31/2020": {"Duration": "12/31/2020", "Operating Cash Flow": "334,196", "Investing Cash Flow": "-1,025,359", "Financing Cash Flow": "1,897,224", "End Cash Position": "1,947,931", "Income Tax Paid Supplemental Data": "117,873", "Interest Paid Supplemental Data": "632,660", "Capital Expenditure": "-", "Issuance of Capital Stock": "-", "Issuance of Debt": "8,075,000", "Repayment of Debt": "-6,550,000", "Repurchase of Capital Stock": "-59,022", "Free Cash Flow": "334,196"}, "12/31/2019": {"Duration": "12/31/2019", "Operating Cash Flow": "509,750", "Investing Cash Flow": "-2,058,907", "Financing Cash Flow": "816,072", "End Cash Position": "741,870", "Income Tax Paid Supplemental Data": "75,680", "Interest Paid Supplemental Data": "813,161", "Capital Expenditure": "-", "Issuance of Capital Stock": "0", "Issuance of Debt": "4,785,812", "Repayment of Debt": "-5,537,000", "Repurchase of Capital Stock": "-75,220", "Free Cash Flow": "509,750"}, "12/31/2018": {"Duration": "12/31/2018", "Operating Cash Flow": "540,355", "Investing Cash Flow": "-4,020,466", "Financing Cash Flow": "2,426,897", "End Cash Position": "1,474,955", "Income Tax Paid Supplemental Data": "44,123", "Interest Paid Supplemental Data": "645,588", "Capital Expenditure": "-9,847", "Issuance of Capital Stock": "0", "Issuance of Debt": "5,667,268", "Repayment of Debt": "-4,373,500", "Repurchase of Capital Stock": "-163,249", "Free Cash Flow": "530,508"}}}}, {"PBIP": {"quote": {"04/04/2021": {"value": "14.91", "Market Cap": "119.233M", "Beta (5Y Monthly)": "0.06", "PE Ratio (TTM)": "13.99", "EPS (TTM)": "1.07", "Earnings Date": "Jan 22, 2021", "Forward Dividend & Yield": "0.28 (1.88%)", "Ex-Dividend Date": "Mar 05, 2021", "1y Target Est": "N/A"}}, "fin": {"TTM": {"Duration": "TTM", "Total Revenue": "29,950", "Credit Losses Provision": "-2,900", "Non Interest Expense": "16,801", "Special Income Charges": "-", "Pretax Income": "10,249", "Tax Provision": "1,320", "Net Income Common Stockholders": "8,929", "Diluted NI Available to Com Stockholders": "8,929", "Basic EPS": "-", "Diluted EPS": "-", "Basic Average Shares": "-", "Diluted Average Shares": "-", "INTEREST_INCOME_AFTER_PROVISION_FOR_LOAN_LOSS": "19,242", "Net Income from Continuing & Discontinued Operation": "8,929", "Normalized Income": "8,929", "Total Money Market Investments": "629", "Reconciled Depreciation": "440", "Net Income from Continuing Operation Net Minority Interest": "8,929", "Total Unusual Items Excluding Goodwill": "-", "Total Unusual Items": "-", "Tax Rate for Calcs": "0", "Tax Effect of Unusual Items": "0"}, "9/30/2020": {"Duration": "9/30/2020", "Total Revenue": "30,905", "Credit Losses Provision": "-3,025", "Non Interest Expense": "16,725", "Special Income Charges": "-", "Pretax Income": "11,155", "Tax Provision": "1,600", "Net Income Common Stockholders": "9,555", "Diluted NI Available to Com Stockholders": "9,555", "Basic EPS": "1.12", "Diluted EPS": "1.12", "Basic Average Shares": "8,531", "Diluted Average Shares": "8,531", "INTEREST_INCOME_AFTER_PROVISION_FOR_LOAN_LOSS": "19,777", "Net Income from Continuing & Discontinued Operation": "9,555", "Normalized Income": "9,555", "Total Money Market Investments": "947", "Reconciled Depreciation": "484", "Net Income from Continuing Operation Net Minority Interest": "9,555", "Total Unusual Items Excluding Goodwill": "-", "Total Unusual Items": "-", "Tax Rate for Calcs": "0", "Tax Effect of Unusual Items": "0"}, "9/30/2019": {"Duration": "9/30/2019", "Total Revenue": "27,845", "Credit Losses Provision": "-100", "Non Interest Expense": "16,065", "Special Income Charges": "0", "Pretax Income": "11,680", "Tax Provision": "2,150", "Net Income Common Stockholders": "9,530", "Diluted NI Available to Com Stockholders": "9,530", "Basic EPS": "1.09", "Diluted EPS": "1.07", "Basic Average Shares": "8,743", "Diluted Average Shares": "8,907", "INTEREST_INCOME_AFTER_PROVISION_FOR_LOAN_LOSS": "24,651", "Net Income from Continuing & Discontinued Operation": "9,530", "Normalized Income": "9,530", "Total Money Market Investments": "960", "Reconciled Depreciation": "619", "Net Income from Continuing Operation Net Minority Interest": "9,530", "Total Unusual Items Excluding Goodwill": "0", "Total Unusual Items": "0", "Tax Rate for Calcs": "0", "Tax Effect of Unusual Items": "0"}, "9/30/2018": {"Duration": "9/30/2018", "Total Revenue": "27,214", "Credit Losses Provision": "-810", "Non Interest Expense": "15,639", "Special Income Charges": "0", "Pretax Income": "10,765", "Tax Provision": "3,701", "Net Income Common Stockholders": "7,064", "Diluted NI Available to Com Stockholders": "7,064", "Basic EPS": "0.80", "Diluted EPS": "0.78", "Basic Average Shares": "8,830", "Diluted Average Shares": "9,056", "INTEREST_INCOME_AFTER_PROVISION_FOR_LOAN_LOSS": "23,904", "Net Income from Continuing & Discontinued Operation": "7,064", "Normalized Income": "7,064", "Total Money Market Investments": "392", "Reconciled Depreciation": "625", "Net Income from Continuing Operation Net Minority Interest": "7,064", "Total Unusual Items Excluding Goodwill": "0", "Total Unusual Items": "0", "Tax Rate for Calcs": "0", "Tax Effect of Unusual Items": "0"}}, "bs": {"9/30/2020": {"Duration": "9/30/2020", "Total Assets": "1,223,353", "Total Liabilities Net Minority Interest": "1,094,236", "Total Equity Gross Minority Interest": "129,117", "Total Capitalization": "389,370", "Common Stock Equity": "129,117", "Net Tangible Assets": "122,675", "Invested Capital": "414,370", "Tangible Book Value": "122,675", "Total Debt": "285,253", "Net Debt": "166,070", "Share Issued": "10,819", "Ordinary Shares Number": "8,139", "Treasury Shares Number": "2,680"}, "9/30/2019": {"Duration": "9/30/2019", "Total Assets": "1,289,434", "Total Liabilities Net Minority Interest": "1,149,823", "Total Equity Gross Minority Interest": "139,611", "Total Capitalization": "426,515", "Common Stock Equity": "139,611", "Net Tangible Assets": "133,061", "Invested Capital": "516,515", "Tangible Book Value": "133,061", "Total Debt": "376,904", "Net Debt": "326,585", "Share Issued": "10,819", "Ordinary Shares Number": "8,889", "Treasury Shares Number": "1,930"}, "9/30/2018": {"Duration": "9/30/2018", "Total Assets": "1,081,170", "Total Liabilities Net Minority Interest": "952,761", "Total Equity Gross Minority Interest": "128,409", "Total Capitalization": "273,092", "Common Stock Equity": "128,409", "Net Tangible Assets": "121,736", "Invested Capital": "283,092", "Tangible Book Value": "121,736", "Total Debt": "154,683", "Net Debt": "104,908", "Share Issued": "10,819", "Ordinary Shares Number": "8,987", "Treasury Shares Number": "1,832"}}, "cf": {"TTM": {"Duration": "TTM", "Operating Cash Flow": "22,779", "Investing Cash Flow": "159,320", "Financing Cash Flow": "-119,947", "End Cash Position": "90,959", "Income Tax Paid Supplemental Data": "3,070", "Interest Paid Supplemental Data": "18,425", "Capital Expenditure": "-363", "Issuance of Debt": "-40,000", "Repayment of Debt": "-23,256", "Repurchase of Capital Stock": "-12,494", "Free Cash Flow": "22,416"}, "9/30/2020": {"Duration": "9/30/2020", "Operating Cash Flow": "22,288", "Investing Cash Flow": "129,254", "Financing Cash Flow": "-82,429", "End Cash Position": "117,081", "Income Tax Paid Supplemental Data": "3,070", "Interest Paid Supplemental Data": "20,379", "Capital Expenditure": "-407", "Issuance of Debt": "0", "Repayment of Debt": "-26,650", "Repurchase of Capital Stock": "-10,534", "Free Cash Flow": "21,881"}, "9/30/2019": {"Duration": "9/30/2019", "Operating Cash Flow": "7,987", "Investing Cash Flow": "-183,284", "Financing Cash Flow": "175,094", "End Cash Position": "47,968", "Income Tax Paid Supplemental Data": "2,409", "Interest Paid Supplemental Data": "18,531", "Capital Expenditure": "-386", "Issuance of Debt": "175,997", "Repayment of Debt": "-33,575", "Repurchase of Capital Stock": "-3,108", "Free Cash Flow": "7,601"}, "9/30/2018": {"Duration": "9/30/2018", "Operating Cash Flow": "10,303", "Investing Cash Flow": "-170,468", "Financing Cash Flow": "180,433", "End Cash Position": "48,171", "Income Tax Paid Supplemental Data": "2,700", "Interest Paid Supplemental Data": "9,601", "Capital Expenditure": "-260", "Issuance of Debt": "93,300", "Repayment of Debt": "-42,475", "Repurchase of Capital Stock": "-2,548", "Free Cash Flow": "10,043"}}}}, {"BRKL": {"quote": {"04/04/2021": {"value": "15.05", "Market Cap": "1.177B", "Beta (5Y Monthly)": "0.76", "PE Ratio (TTM)": "25.08", "EPS (TTM)": "0.60", "Earnings Date": "Apr 27, 2021 - May 03, 2021", "Forward Dividend & Yield": "0.46 (3.06%)", "Ex-Dividend Date": "Feb 11, 2021", "1y Target Est": "14.25"}}, "fin": {"TTM": {"Duration": "TTM", "Total Revenue": "284,807", "Credit Losses Provision": "-61,886", "Non Interest Expense": "160,844", "Special Income Charges": "0", "Pretax Income": "62,077", "Tax Provision": "14,442", "Net Income Common Stockholders": "47,635", "Diluted NI Available to Com Stockholders": "47,635", "Basic EPS": "-", "Diluted EPS": "-", "Basic Average Shares": "-", "Diluted Average Shares": "-", "INTEREST_INCOME_AFTER_PROVISION_FOR_LOAN_LOSS": "198,277", "Net Income from Continuing & Discontinued Operation": "47,635", "Normalized Income": "47,635", "Reconciled Depreciation": "6,757", "Net Income from Continuing Operation Net Minority Interest": "47,635", "Total Unusual Items Excluding Goodwill": "0", "Total Unusual Items": "0", "Tax Rate for Calcs": "0", "Tax Effect of Unusual Items": "0"}, "12/31/2020": {"Duration": "12/31/2020", "Total Revenue": "284,807", "Credit Losses Provision": "-61,886", "Non Interest Expense": "160,844", "Special Income Charges": "0", "Pretax Income": "62,077", "Tax Provision": "14,442", "Net Income Common Stockholders": "47,635", "Diluted NI Available to Com Stockholders": "47,635", "Basic EPS": "-", "Diluted EPS": "-", "Basic Average Shares": "-", "Diluted Average Shares": "-", "INTEREST_INCOME_AFTER_PROVISION_FOR_LOAN_LOSS": "198,277", "Net Income from Continuing & Discontinued Operation": "47,635", "Normalized Income": "47,635", "Reconciled Depreciation": "6,757", "Net Income from Continuing Operation Net Minority Interest": "47,635", "Total Unusual Items Excluding Goodwill": "0", "Total Unusual Items": "0", "Tax Rate for Calcs": "0", "Tax Effect of Unusual Items": "0"}, "12/31/2019": {"Duration": "12/31/2019", "Total Revenue": "283,093", "Credit Losses Provision": "-9,583", "Non Interest Expense": "156,356", "Special Income Charges": "-1,125", "Pretax Income": "116,029", "Tax Provision": "28,269", "Net Income Common Stockholders": "87,717", "Diluted NI Available to Com Stockholders": "87,717", "Basic EPS": "1.10", "Diluted EPS": "1.10", "Basic Average Shares": "79,680", "Diluted Average Shares": "79,857", "INTEREST_INCOME_AFTER_PROVISION_FOR_LOAN_LOSS": "243,717", "Net Income from Continuing & Discontinued Operation": "87,717", "Normalized Income": "88,568", "Reconciled Depreciation": "8,524", "Net Income from Continuing Operation Net Minority Interest": "87,717", "Total Unusual Items Excluding Goodwill": "-1,125", "Total Unusual Items": "-1,125", "Tax Rate for Calcs": "0", "Tax Effect of Unusual Items": "-274.5"}, "12/31/2018": {"Duration": "12/31/2018", "Total Revenue": "272,923", "Credit Losses Provision": "-4,951", "Non Interest Expense": "151,445", "Special Income Charges": "-3,787", "Pretax Income": "112,740", "Tax Provision": "26,189", "Net Income Common Stockholders": "83,062", "Diluted NI Available to Com Stockholders": "83,062", "Basic EPS": "1.04", "Diluted EPS": "1.04", "Basic Average Shares": "79,670", "Diluted Average Shares": "79,909", "INTEREST_INCOME_AFTER_PROVISION_FOR_LOAN_LOSS": "242,748", "Net Income from Continuing & Discontinued Operation": "83,062", "Normalized Income": "85,970", "Reconciled Depreciation": "9,462", "Net Income from Continuing Operation Net Minority Interest": "83,062", "Total Unusual Items Excluding Goodwill": "-3,787", "Total Unusual Items": "-3,787", "Tax Rate for Calcs": "0", "Tax Effect of Unusual Items": "-878.584"}}, "bs": {"12/31/2020": {"Duration": "12/31/2020", "Total Assets": "8,942,424", "Total Liabilities Net Minority Interest": "8,000,646", "Total Equity Gross Minority Interest": "941,778", "Total Capitalization": "1,762,025", "Common Stock Equity": "941,778", "Capital Lease Obligations": "24,143", "Net Tangible Assets": "778,199", "Invested Capital": "1,762,025", "Tangible Book Value": "778,199", "Total Debt": "844,390", "Net Debt": "385,330", "Share Issued": "85,177", "Ordinary Shares Number": "78,651", "Treasury Shares Number": "6,526"}, "12/31/2019": {"Duration": "12/31/2019", "Total Assets": "7,856,853", "Total Liabilities Net Minority Interest": "6,911,247", "Total Equity Gross Minority Interest": "945,606", "Total Capitalization": "1,848,355", "Common Stock Equity": "945,606", "Capital Lease Obligations": "24,876", "Net Tangible Assets": "780,756", "Invested Capital": "1,848,355", "Tangible Book Value": "780,756", "Total Debt": "927,625", "Net Debt": "824,959", "Share Issued": "85,177", "Ordinary Shares Number": "80,174", "Treasury Shares Number": "5,003"}, "12/31/2018": {"Duration": "12/31/2018", "Total Assets": "7,392,805", "Total Liabilities Net Minority Interest": "6,482,186", "Total Equity Gross Minority Interest": "910,619", "Total Capitalization": "1,820,682", "Common Stock Equity": "900,140", "Capital Lease Obligations": "-", "Net Tangible Assets": "733,627", "Invested Capital": "1,820,682", "Tangible Book Value": "733,627", "Total Debt": "920,542", "Net Debt": "833,458", "Share Issued": "85,067", "Ordinary Shares Number": "80,047", "Treasury Shares Number": "5,020"}}, "cf": {"TTM": {"Duration": "TTM", "Operating Cash Flow": "112,488", "Investing Cash Flow": "-695,529", "Financing Cash Flow": "940,168", "End Cash Position": "434,917", "Income Tax Paid Supplemental Data": "29,392", "Interest Paid Supplemental Data": "68,510", "Capital Expenditure": "-2,909", "Issuance of Capital Stock": "0", "Issuance of Debt": "2,987,656", "Repayment of Debt": "-3,097,276", "Repurchase of Capital Stock": "-20,000", "Free Cash Flow": "109,579"}, "12/31/2020": {"Duration": "12/31/2020", "Operating Cash Flow": "112,488", "Investing Cash Flow": "-695,529", "Financing Cash Flow": "940,168", "End Cash Position": "434,917", "Income Tax Paid Supplemental Data": "29,392", "Interest Paid Supplemental Data": "68,510", "Capital Expenditure": "-2,909", "Issuance of Capital Stock": "0", "Issuance of Debt": "2,987,656", "Repayment of Debt": "-3,097,276", "Repurchase of Capital Stock": "-20,000", "Free Cash Flow": "109,579"}, "12/31/2019": {"Duration": "12/31/2019", "Operating Cash Flow": "102,719", "Investing Cash Flow": "-399,022", "Financing Cash Flow": "284,509", "End Cash Position": "77,790", "Income Tax Paid Supplemental Data": "27,345", "Interest Paid Supplemental Data": "94,533", "Capital Expenditure": "-4,997", "Issuance of Capital Stock": "0", "Issuance of Debt": "4,029,662", "Repayment of Debt": "-4,055,568", "Repurchase of Capital Stock": "-1,871", "Free Cash Flow": "97,722"}, "12/31/2018": {"Duration": "12/31/2018", "Operating Cash Flow": "123,029", "Investing Cash Flow": "-588,022", "Financing Cash Flow": "493,572", "End Cash Position": "89,584", "Income Tax Paid Supplemental Data": "21,129", "Interest Paid Supplemental Data": "65,182", "Capital Expenditure": "-3,352", "Issuance of Capital Stock": "55,182", "Issuance of Debt": "6,607,745", "Repayment of Debt": "-6,713,279", "Repurchase of Capital Stock": "-10,000", "Free Cash Flow": "119,677"}}}}, {"CSBK": {"quote": {"04/04/2021": {"value": "", "Net Assets": "N/A", "Beta (5Y Monthly)": "N/A", "Yield": "N/A", "5y Average Return": "N/A", "Holdings Turnover": "N/A", "Last Dividend": "N/A", "Average for Category": "N/A", "Inception Date": "N/A"}}, "fin": {}, "bs": {}, "cf": {}}}, {"BOFI": {"quote": {"04/04/2021": {"value": "", "Net Assets": "N/A", "Beta (5Y Monthly)": "N/A", "Yield": "N/A", "5y Average Return": "N/A", "Holdings Turnover": "N/A", "Last Dividend": "N/A", "Average for Category": "N/A", "Inception Date": "N/A"}}, "fin": {}, "bs": {}, "cf": {}}}, {"LOB": {"quote": {"04/04/2021": {"value": "68.24", "Market Cap": "2.916B", "Beta (5Y Monthly)": "1.40", "PE Ratio (TTM)": "47.72", "EPS (TTM)": "1.43", "Earnings Date": "Apr 20, 2021 - Apr 26, 2021", "Forward Dividend & Yield": "0.12 (0.18%)", "Ex-Dividend Date": "Mar 08, 2021", "1y Target Est": "60.25"}}, "fin": {"TTM": {"Duration": "TTM", "Total Revenue": "295,414", "Credit Losses Provision": "-40,658", "Non Interest Expense": "192,676", "Income from Associates & Other Participating Interests": "-14,691", "Special Income Charges": "0", "Pretax Income": "47,389", "Tax Provision": "-12,154", "Net Income Common Stockholders": "59,543", "Diluted NI Available to Com Stockholders": "59,543", "Basic EPS": "-", "Diluted EPS": "-", "Basic Average Shares": "-", "Diluted Average Shares": "-", "INTEREST_INCOME_AFTER_PROVISION_FOR_LOAN_LOSS": "154,065", "Net Income from Continuing & Discontinued Operation": "59,543", "Normalized Income": "59,543", "Reconciled Depreciation": "21,688", "Net Income from Continuing Operation Net Minority Interest": "59,543", "Total Unusual Items Excluding Goodwill": "0", "Total Unusual Items": "0", "Tax Rate for Calcs": "0", "Tax Effect of Unusual Items": "0"}, "12/31/2020": {"Duration": "12/31/2020", "Total Revenue": "295,414", "Credit Losses Provision": "-40,658", "Non Interest Expense": "192,676", "Income from Associates & Other Participating Interests": "-14,691", "Special Income Charges": "0", "Pretax Income": "47,389", "Tax Provision": "-12,154", "Net Income Common Stockholders": "59,543", "Diluted NI Available to Com Stockholders": "59,543", "Basic EPS": "-", "Diluted EPS": "-", "Basic Average Shares": "-", "Diluted Average Shares": "-", "INTEREST_INCOME_AFTER_PROVISION_FOR_LOAN_LOSS": "154,065", "Net Income from Continuing & Discontinued Operation": "59,543", "Normalized Income": "59,543", "Reconciled Depreciation": "21,688", "Net Income from Continuing Operation Net Minority Interest": "59,543", "Total Unusual Items Excluding Goodwill": "0", "Total Unusual Items": "0", "Tax Rate for Calcs": "0", "Tax Effect of Unusual Items": "0"}, "12/31/2019": {"Duration": "12/31/2019", "Total Revenue": "215,249", "Credit Losses Provision": "-19,573", "Non Interest Expense": "164,322", "Income from Associates & Other Participating Interests": "-7,889", "Special Income Charges": "0", "Pretax Income": "23,465", "Tax Provision": "5,431", "Net Income Common Stockholders": "18,034", "Diluted NI Available to Com Stockholders": "18,034", "Basic EPS": "0.45", "Diluted EPS": "0.44", "Basic Average Shares": "40,223", "Diluted Average Shares": "41,054", "INTEREST_INCOME_AFTER_PROVISION_FOR_LOAN_LOSS": "120,509", "Net Income from Continuing & Discontinued Operation": "18,034", "Normalized Income": "18,034", "Reconciled Depreciation": "19,967", "Net Income from Continuing Operation Net Minority Interest": "18,034", "Total Unusual Items Excluding Goodwill": "0", "Total Unusual Items": "0", "Tax Rate for Calcs": "0", "Tax Effect of Unusual Items": "0"}, "12/31/2018": {"Duration": "12/31/2018", "Total Revenue": "211,808", "Credit Losses Provision": "-13,058", "Non Interest Expense": "150,024", "Income from Associates & Other Participating Interests": "0", "Special Income Charges": "-2,680", "Pretax Income": "46,046", "Tax Provision": "-5,402", "Net Income Common Stockholders": "51,448", "Diluted NI Available to Com Stockholders": "51,448", "Basic EPS": "1.28", "Diluted EPS": "1.24", "Basic Average Shares": "40,056", "Diluted Average Shares": "41,447", "INTEREST_INCOME_AFTER_PROVISION_FOR_LOAN_LOSS": "94,985", "Net Income from Continuing & Discontinued Operation": "51,448", "Normalized Income": "53,404", "Reconciled Depreciation": "16,386", "Net Income from Continuing Operation Net Minority Interest": "51,448", "Total Unusual Items Excluding Goodwill": "-2,680", "Total Unusual Items": "-2,680", "Tax Rate for Calcs": "0", "Tax Effect of Unusual Items": "-723.6"}}, "bs": {"12/31/2020": {"Duration": "12/31/2020", "Total Assets": "7,872,303", "Total Liabilities Net Minority Interest": "7,304,453", "Total Equity Gross Minority Interest": "567,850", "Total Capitalization": "2,095,446", "Common Stock Equity": "567,850", "Capital Lease Obligations": "9", "Net Tangible Assets": "567,850", "Invested Capital": "2,109,934", "Tangible Book Value": "567,850", "Total Debt": "1,542,093", "Net Debt": "1,238,417", "Share Issued": "42,452", "Ordinary Shares Number": "42,452"}, "12/31/2019": {"Duration": "12/31/2019", "Total Assets": "4,814,970", "Total Liabilities Net Minority Interest": "4,282,584", "Total Equity Gross Minority Interest": "532,386", "Total Capitalization": "532,400", "Common Stock Equity": "532,386", "Capital Lease Obligations": "2,633", "Net Tangible Assets": "532,386", "Invested Capital": "532,400", "Tangible Book Value": "532,386", "Total Debt": "2,633", "Net Debt": "-", "Share Issued": "40,317", "Ordinary Shares Number": "40,317"}, "12/31/2018": {"Duration": "12/31/2018", "Total Assets": "3,670,449", "Total Liabilities Net Minority Interest": "3,176,889", "Total Equity Gross Minority Interest": "493,560", "Total Capitalization": "493,576", "Common Stock Equity": "493,560", "Capital Lease Obligations": "-", "Net Tangible Assets": "493,560", "Invested Capital": "495,017", "Tangible Book Value": "493,560", "Total Debt": "1,457", "Net Debt": "-", "Share Issued": "40,156", "Ordinary Shares Number": "40,156"}}, "cf": {"TTM": {"Duration": "TTM", "Operating Cash Flow": "-", "Investing Cash Flow": "-", "Financing Cash Flow": "-", "End Cash Position": "-", "Income Tax Paid Supplemental Data": "-", "Interest Paid Supplemental Data": "-", "Capital Expenditure": "-", "Issuance of Capital Stock": "-", "Issuance of Debt": "-", "Repayment of Debt": "-", "Free Cash Flow": "-"}, "12/31/2020": {"Duration": "12/31/2020", "Operating Cash Flow": "-272,989", "Investing Cash Flow": "-2,607,469", "Financing Cash Flow": "2,977,381", "End Cash Position": "318,320", "Income Tax Paid Supplemental Data": "11,486", "Interest Paid Supplemental Data": "91,801", "Capital Expenditure": "-20,989", "Issuance of Capital Stock": "-", "Issuance of Debt": "1,828,033", "Repayment of Debt": "-285,954", "Free Cash Flow": "-293,978"}, "12/31/2019": {"Duration": "12/31/2019", "Operating Cash Flow": "-493,925", "Investing Cash Flow": "-673,164", "Financing Cash Flow": "1,073,805", "End Cash Position": "223,539", "Income Tax Paid Supplemental Data": "-", "Interest Paid Supplemental Data": "87,280", "Capital Expenditure": "-37,197", "Issuance of Capital Stock": "0", "Issuance of Debt": "0", "Repayment of Debt": "-1,443", "Free Cash Flow": "-531,122"}, "12/31/2018": {"Duration": "12/31/2018", "Operating Cash Flow": "11,521", "Investing Cash Flow": "-850,585", "Financing Cash Flow": "860,616", "End Cash Position": "316,823", "Income Tax Paid Supplemental Data": "1,750", "Interest Paid Supplemental Data": "54,106", "Capital Expenditure": "-111,322", "Issuance of Capital Stock": "0", "Issuance of Debt": "18", "Repayment of Debt": "-25,125", "Free Cash Flow": "-99,801"}}}}, {"EBSB": {"quote": {"04/04/2021": {"value": "18.64", "Market Cap": "977.066M", "Beta (5Y Monthly)": "0.96", "PE Ratio (TTM)": "14.45", "EPS (TTM)": "1.29", "Earnings Date": "Apr 19, 2021 - Apr 23, 2021", "Forward Dividend & Yield": "0.40 (2.15%)", "Ex-Dividend Date": "Mar 17, 2021", "1y Target Est": "18.67"}}, "fin": {"TTM": {"Duration": "TTM", "Total Revenue": "205,804", "Credit Losses Provision": "-26,456", "Non Interest Expense": "96,545", "Special Income Charges": "4,195", "Pretax Income": "86,998", "Tax Provision": "21,947", "Net Income Common Stockholders": "65,051", "Diluted NI Available to Com Stockholders": "65,051", "Basic EPS": "-", "Diluted EPS": "-", "Basic Average Shares": "-", "Diluted Average Shares": "-", "INTEREST_INCOME_AFTER_PROVISION_FOR_LOAN_LOSS": "165,762", "Net Income from Continuing & Discontinued Operation": "65,051", "Normalized Income": "61,913", "Total Money Market Investments": "1", "Reconciled Depreciation": "3,961", "Net Income from Continuing Operation Net Minority Interest": "65,051", "Total Unusual Items Excluding Goodwill": "4,195", "Total Unusual Items": "4,195", "Tax Rate for Calcs": "0", "Tax Effect of Unusual Items": "1,057"}, "12/31/2020": {"Duration": "12/31/2020", "Total Revenue": "205,804", "Credit Losses Provision": "-26,456", "Non Interest Expense": "96,545", "Special Income Charges": "4,195", "Pretax Income": "86,998", "Tax Provision": "21,947", "Net Income Common Stockholders": "65,051", "Diluted NI Available to Com Stockholders": "65,051", "Basic EPS": "-", "Diluted EPS": "-", "Basic Average Shares": "-", "Diluted Average Shares": "-", "INTEREST_INCOME_AFTER_PROVISION_FOR_LOAN_LOSS": "165,762", "Net Income from Continuing & Discontinued Operation": "65,051", "Normalized Income": "61,913", "Total Money Market Investments": "1", "Reconciled Depreciation": "3,961", "Net Income from Continuing Operation Net Minority Interest": "65,051", "Total Unusual Items Excluding Goodwill": "4,195", "Total Unusual Items": "4,195", "Tax Rate for Calcs": "0", "Tax Effect of Unusual Items": "1,057"}, "12/31/2019": {"Duration": "12/31/2019", "Total Revenue": "186,251", "Credit Losses Provision": "2,561", "Non Interest Expense": "100,023", "Special Income Charges": "0", "Pretax Income": "88,789", "Tax Provision": "21,793", "Net Income Common Stockholders": "66,996", "Diluted NI Available to Com Stockholders": "66,996", "Basic EPS": "1.31", "Diluted EPS": "1.30", "Basic Average Shares": "51,030", "Diluted Average Shares": "51,493", "INTEREST_INCOME_AFTER_PROVISION_FOR_LOAN_LOSS": "175,006", "Net Income from Continuing & Discontinued Operation": "66,996", "Normalized Income": "66,996", "Total Money Market Investments": "74", "Reconciled Depreciation": "3,727", "Net Income from Continuing Operation Net Minority Interest": "66,996", "Total Unusual Items Excluding Goodwill": "0", "Total Unusual Items": "0", "Tax Rate for Calcs": "0", "Tax Effect of Unusual Items": "0"}, "12/31/2018": {"Duration": "12/31/2018", "Total Revenue": "173,438", "Credit Losses Provision": "-7,848", "Non Interest Expense": "94,684", "Special Income Charges": "-114", "Pretax Income": "70,792", "Tax Provision": "15,021", "Net Income Common Stockholders": "55,771", "Diluted NI Available to Com Stockholders": "55,771", "Basic EPS": "1.08", "Diluted EPS": "1.06", "Basic Average Shares": "51,498", "Diluted Average Shares": "52,660", "INTEREST_INCOME_AFTER_PROVISION_FOR_LOAN_LOSS": "156,083", "Net Income from Continuing & Discontinued Operation": "55,771", "Normalized Income": "55,861", "Total Money Market Investments": "530", "Reconciled Depreciation": "3,476", "Net Income from Continuing Operation Net Minority Interest": "55,771", "Total Unusual Items Excluding Goodwill": "-114", "Total Unusual Items": "-114", "Tax Rate for Calcs": "0", "Tax Effect of Unusual Items": "-24.168"}}, "bs": {"12/31/2020": {"Duration": "12/31/2020", "Total Assets": "6,619,848", "Total Liabilities Net Minority Interest": "5,850,963", "Total Equity Gross Minority Interest": "768,885", "Total Capitalization": "1,379,485", "Common Stock Equity": "768,885", "Net Tangible Assets": "746,856", "Invested Capital": "1,379,485", "Tangible Book Value": "746,856", "Total Debt": "610,600", "Net Debt": "-", "Share Issued": "52,415", "Ordinary Shares Number": "52,415"}, "12/31/2019": {"Duration": "12/31/2019", "Total Assets": "6,343,694", "Total Liabilities Net Minority Interest": "5,617,107", "Total Equity Gross Minority Interest": "726,587", "Total Capitalization": "1,362,832", "Common Stock Equity": "726,587", "Net Tangible Assets": "704,086", "Invested Capital": "1,362,832", "Tangible Book Value": "704,086", "Total Debt": "636,245", "Net Debt": "229,616", "Share Issued": "53,378", "Ordinary Shares Number": "53,378"}, "12/31/2018": {"Duration": "12/31/2018", "Total Assets": "6,178,683", "Total Liabilities Net Minority Interest": "5,504,029", "Total Equity Gross Minority Interest": "674,654", "Total Capitalization": "1,211,534", "Common Stock Equity": "674,654", "Net Tangible Assets": "651,623", "Invested Capital": "1,261,534", "Tangible Book Value": "651,623", "Total Debt": "586,880", "Net Debt": "209,638", "Share Issued": "53,541", "Ordinary Shares Number": "53,541"}}, "cf": {"TTM": {"Duration": "TTM", "Operating Cash Flow": "65,837", "Investing Cash Flow": "244,635", "Financing Cash Flow": "197,732", "End Cash Position": "914,586", "Income Tax Paid Supplemental Data": "27,844", "Interest Paid Supplemental Data": "62,528", "Capital Expenditure": "-6,401", "Issuance of Debt": "258,660", "Repayment of Debt": "-186,660", "Repurchase of Capital Stock": "-17,680", "Free Cash Flow": "59,436"}, "12/31/2020": {"Duration": "12/31/2020", "Operating Cash Flow": "65,837", "Investing Cash Flow": "244,635", "Financing Cash Flow": "197,732", "End Cash Position": "914,586", "Income Tax Paid Supplemental Data": "27,844", "Interest Paid Supplemental Data": "62,528", "Capital Expenditure": "-6,401", "Issuance of Debt": "258,660", "Repayment of Debt": "-186,660", "Repurchase of Capital Stock": "-17,680", "Free Cash Flow": "59,436"}, "12/31/2019": {"Duration": "12/31/2019", "Operating Cash Flow": "66,186", "Investing Cash Flow": "-97,068", "Financing Cash Flow": "65,269", "End Cash Position": "406,382", "Income Tax Paid Supplemental Data": "21,037", "Interest Paid Supplemental Data": "90,610", "Capital Expenditure": "-6,174", "Issuance of Debt": "160,000", "Repayment of Debt": "-60,635", "Repurchase of Capital Stock": "-7,270", "Free Cash Flow": "60,012"}, "12/31/2018": {"Duration": "12/31/2018", "Operating Cash Flow": "71,037", "Investing Cash Flow": "-918,113", "Financing Cash Flow": "816,384", "End Cash Position": "371,995", "Income Tax Paid Supplemental Data": "21,737", "Interest Paid Supplemental Data": "61,835", "Capital Expenditure": "-6,976", "Issuance of Debt": "325,000", "Repayment of Debt": "-301,549", "Repurchase of Capital Stock": "-20,395", "Free Cash Flow": "64,061"}}}}, {"NWBI": {"quote": {"04/04/2021": {"value": "14.53", "Market Cap": "1.845B", "Beta (5Y Monthly)": "0.66", "PE Ratio (TTM)": "23.44", "EPS (TTM)": "0.62", "Earnings Date": "Apr 26, 2021 - Apr 30, 2021", "Forward Dividend & Yield": "0.76 (5.23%)", "Ex-Dividend Date": "Feb 03, 2021", "1y Target Est": "14.13"}}, "fin": {"TTM": {"Duration": "TTM", "Total Revenue": "523,993", "Credit Losses Provision": "-83,975", "Non Interest Expense": "326,703", "Special Income Charges": "-20,789", "Pretax Income": "92,526", "Tax Provision": "17,672", "Net Income Common Stockholders": "74,854", "Diluted NI Available to Com Stockholders": "74,854", "Basic EPS": "-", "Diluted EPS": "-", "Basic Average Shares": "-", "Diluted Average Shares": "-", "INTEREST_INCOME_AFTER_PROVISION_FOR_LOAN_LOSS": "306,772", "Net Income from Continuing & Discontinued Operation": "74,854", "Normalized Income": "91,758", "Total Money Market Investments": "719", "Reconciled Depreciation": "4,738", "Net Income from Continuing Operation Net Minority Interest": "74,854", "Total Unusual Items Excluding Goodwill": "-20,895", "Total Unusual Items": "-20,895", "Tax Rate for Calcs": "0", "Tax Effect of Unusual Items": "-3,991"}, "12/31/2020": {"Duration": "12/31/2020", "Total Revenue": "523,993", "Credit Losses Provision": "-83,975", "Non Interest Expense": "326,703", "Special Income Charges": "-20,789", "Pretax Income": "92,526", "Tax Provision": "17,672", "Net Income Common Stockholders": "74,854", "Diluted NI Available to Com Stockholders": "74,854", "Basic EPS": "-", "Diluted EPS": "-", "Basic Average Shares": "-", "Diluted Average Shares": "-", "INTEREST_INCOME_AFTER_PROVISION_FOR_LOAN_LOSS": "306,772", "Net Income from Continuing & Discontinued Operation": "74,854", "Normalized Income": "91,758", "Total Money Market Investments": "719", "Reconciled Depreciation": "4,738", "Net Income from Continuing Operation Net Minority Interest": "74,854", "Total Unusual Items Excluding Goodwill": "-20,895", "Total Unusual Items": "-20,895", "Tax Rate for Calcs": "0", "Tax Effect of Unusual Items": "-3,991"}, "12/31/2019": {"Duration": "12/31/2019", "Total Revenue": "459,873", "Credit Losses Provision": "-22,659", "Non Interest Expense": "291,935", "Special Income Charges": "-4,168", "Pretax Income": "141,111", "Tax Provision": "30,679", "Net Income Common Stockholders": "110,432", "Diluted NI Available to Com Stockholders": "110,432", "Basic EPS": "1.05", "Diluted EPS": "1.04", "Basic Average Shares": "104,879", "Diluted Average Shares": "105,839", "INTEREST_INCOME_AFTER_PROVISION_FOR_LOAN_LOSS": "336,751", "Net Income from Continuing & Discontinued Operation": "110,432", "Normalized Income": "113,737", "Total Money Market Investments": "600", "Reconciled Depreciation": "3,824", "Net Income from Continuing Operation Net Minority Interest": "110,432", "Total Unusual Items Excluding Goodwill": "-4,221", "Total Unusual Items": "-4,221", "Tax Rate for Calcs": "0", "Tax Effect of Unusual Items": "-915.957"}, "12/31/2018": {"Duration": "12/31/2018", "Total Revenue": "430,343", "Credit Losses Provision": "-20,332", "Non Interest Expense": "275,084", "Special Income Charges": "-1,014", "Pretax Income": "133,913", "Tax Provision": "28,422", "Net Income Common Stockholders": "105,491", "Diluted NI Available to Com Stockholders": "105,491", "Basic EPS": "1.03", "Diluted EPS": "1.02", "Basic Average Shares": "102,074", "Diluted Average Shares": "103,566", "INTEREST_INCOME_AFTER_PROVISION_FOR_LOAN_LOSS": "317,857", "Net Income from Continuing & Discontinued Operation": "105,491", "Normalized Income": "106,787", "Total Money Market Investments": "835", "Reconciled Depreciation": "8,120", "Net Income from Continuing Operation Net Minority Interest": "105,491", "Total Unusual Items Excluding Goodwill": "-1,645", "Total Unusual Items": "-1,645", "Tax Rate for Calcs": "0", "Tax Effect of Unusual Items": "-348.74"}}, "bs": {"12/31/2020": {"Duration": "12/31/2020", "Total Assets": "13,806,268", "Total Liabilities Net Minority Interest": "12,267,565", "Total Equity Gross Minority Interest": "1,538,703", "Total Capitalization": "1,812,880", "Common Stock Equity": "1,538,703", "Net Tangible Assets": "1,136,488", "Invested Capital": "1,950,541", "Tangible Book Value": "1,136,488", "Total Debt": "411,838", "Net Debt": "-", "Share Issued": "127,019", "Ordinary Shares Number": "127,019"}, "12/31/2019": {"Duration": "12/31/2019", "Total Assets": "10,493,908", "Total Liabilities Net Minority Interest": "9,140,623", "Total Equity Gross Minority Interest": "1,353,285", "Total Capitalization": "1,475,085", "Common Stock Equity": "1,353,285", "Net Tangible Assets": "984,106", "Invested Capital": "1,721,421", "Tangible Book Value": "984,106", "Total Debt": "368,136", "Net Debt": "307,290", "Share Issued": "106,859", "Ordinary Shares Number": "106,859"}, "12/31/2018": {"Duration": "12/31/2018", "Total Assets": "9,607,773", "Total Liabilities Net Minority Interest": "8,350,135", "Total Equity Gross Minority Interest": "1,257,638", "Total Capitalization": "1,368,851", "Common Stock Equity": "1,257,638", "Net Tangible Assets": "930,397", "Invested Capital": "1,603,240", "Tangible Book Value": "930,397", "Total Debt": "345,602", "Net Debt": "276,813", "Share Issued": "103,354", "Ordinary Shares Number": "103,354"}}, "cf": {"TTM": {"Duration": "TTM", "Operating Cash Flow": "140,435", "Investing Cash Flow": "-560,575", "Financing Cash Flow": "1,095,571", "End Cash Position": "736,277", "Income Tax Paid Supplemental Data": "29,767", "Interest Paid Supplemental Data": "41,428", "Capital Expenditure": "-12,254", "Issuance of Debt": "123,211", "Repayment of Debt": "-206,908", "Repurchase of Capital Stock": "-9,276", "Free Cash Flow": "128,181"}, "12/31/2020": {"Duration": "12/31/2020", "Operating Cash Flow": "140,435", "Investing Cash Flow": "-560,575", "Financing Cash Flow": "1,095,571", "End Cash Position": "736,277", "Income Tax Paid Supplemental Data": "29,767", "Interest Paid Supplemental Data": "41,428", "Capital Expenditure": "-12,254", "Issuance of Debt": "123,211", "Repayment of Debt": "-206,908", "Repurchase of Capital Stock": "-9,276", "Free Cash Flow": "128,181"}, "12/31/2019": {"Duration": "12/31/2019", "Operating Cash Flow": "127,462", "Investing Cash Flow": "-300,593", "Financing Cash Flow": "165,188", "End Cash Position": "60,846", "Income Tax Paid Supplemental Data": "29,283", "Interest Paid Supplemental Data": "54,277", "Capital Expenditure": "-10,899", "Issuance of Debt": "-", "Repayment of Debt": "-", "Repurchase of Capital Stock": "-", "Free Cash Flow": "116,563"}, "12/31/2018": {"Duration": "12/31/2018", "Operating Cash Flow": "138,909", "Investing Cash Flow": "-281,913", "Financing Cash Flow": "134,083", "End Cash Position": "68,789", "Income Tax Paid Supplemental Data": "25,849", "Interest Paid Supplemental Data": "36,856", "Capital Expenditure": "-5,233", "Issuance of Debt": "-", "Repayment of Debt": "0", "Repurchase of Capital Stock": "0", "Free Cash Flow": "133,676"}}}}, {"BHLB": {"quote": {"04/04/2021": {"value": "22.40", "Market Cap": "1.143B", "Beta (5Y Monthly)": "1.25", "PE Ratio (TTM)": "N/A", "EPS (TTM)": "-10.61", "Earnings Date": "Jan 26, 2021", "Forward Dividend & Yield": "0.48 (2.14%)", "Ex-Dividend Date": "Mar 22, 2021", "1y Target Est": "25.00"}}, "fin": {"TTM": {"Duration": "TTM", "Total Revenue": "381,849", "Credit Losses Provision": "-75,878", "Non Interest Expense": "280,638", "Special Income Charges": "-558,361", "Pretax Income": "-533,028", "Tax Provision": "-19,853", "Net Income Common Stockholders": "-533,330", "Diluted NI Available to Com Stockholders": "-533,330", "Basic EPS": "-", "Diluted EPS": "-", "Basic Average Shares": "-", "Diluted Average Shares": "-", "INTEREST_INCOME_AFTER_PROVISION_FOR_LOAN_LOSS": "240,904", "Net Income from Continuing & Discontinued Operation": "-533,017", "Normalized Income": "24,527", "Reconciled Depreciation": "18,100", "Net Income from Continuing Operation Net Minority Interest": "-513,175", "Total Unusual Items Excluding Goodwill": "-558,361", "Total Unusual Items": "-558,361", "Tax Rate for Calcs": "0", "Tax Effect of Unusual Items": "-20,659"}, "12/31/2020": {"Duration": "12/31/2020", "Total Revenue": "381,849", "Credit Losses Provision": "-75,878", "Non Interest Expense": "280,638", "Special Income Charges": "-558,361", "Pretax Income": "-533,028", "Tax Provision": "-19,853", "Net Income Common Stockholders": "-533,330", "Diluted NI Available to Com Stockholders": "-533,330", "Basic EPS": "-", "Diluted EPS": "-", "Basic Average Shares": "-", "Diluted Average Shares": "-", "INTEREST_INCOME_AFTER_PROVISION_FOR_LOAN_LOSS": "240,904", "Net Income from Continuing & Discontinued Operation": "-533,017", "Normalized Income": "24,527", "Reconciled Depreciation": "18,100", "Net Income from Continuing Operation Net Minority Interest": "-513,175", "Total Unusual Items Excluding Goodwill": "-558,361", "Total Unusual Items": "-558,361", "Tax Rate for Calcs": "0", "Tax Effect of Unusual Items": "-20,659"}, "12/31/2019": {"Duration": "12/31/2019", "Total Revenue": "447,909", "Credit Losses Provision": "-35,419", "Non Interest Expense": "261,811", "Special Income Charges": "-26,695", "Pretax Income": "123,984", "Tax Provision": "22,463", "Net Income Common Stockholders": "96,490", "Diluted NI Available to Com Stockholders": "96,490", "Basic EPS": "1.98", "Diluted EPS": "1.97", "Basic Average Shares": "49,263", "Diluted Average Shares": "49,421", "INTEREST_INCOME_AFTER_PROVISION_FOR_LOAN_LOSS": "329,839", "Net Income from Continuing & Discontinued Operation": "97,450", "Normalized Income": "123,384", "Reconciled Depreciation": "16,704", "Net Income from Continuing Operation Net Minority Interest": "101,521", "Total Unusual Items Excluding Goodwill": "-26,695", "Total Unusual Items": "-26,695", "Tax Rate for Calcs": "0", "Tax Effect of Unusual Items": "-4,832"}, "12/31/2018": {"Duration": "12/31/2018", "Total Revenue": "468,775", "Credit Losses Provision": "-25,451", "Non Interest Expense": "288,227", "Special Income Charges": "-21,684", "Pretax Income": "133,413", "Tax Provision": "27,648", "Net Income Common Stockholders": "104,847", "Diluted NI Available to Com Stockholders": "104,847", "Basic EPS": "2.30", "Diluted EPS": "2.29", "Basic Average Shares": "46,024", "Diluted Average Shares": "46,231", "INTEREST_INCOME_AFTER_PROVISION_FOR_LOAN_LOSS": "333,885", "Net Income from Continuing & Discontinued Operation": "105,765", "Normalized Income": "122,960", "Reconciled Depreciation": "15,729", "Net Income from Continuing Operation Net Minority Interest": "105,765", "Total Unusual Items Excluding Goodwill": "-21,684", "Total Unusual Items": "-21,684", "Tax Rate for Calcs": "0", "Tax Effect of Unusual Items": "-4,489"}}, "bs": {"12/31/2020": {"Duration": "12/31/2020", "Total Assets": "12,838,013", "Total Liabilities Net Minority Interest": "11,650,240", "Total Equity Gross Minority Interest": "1,187,773", "Total Capitalization": "1,719,410", "Preferred Stock Equity": "-", "Common Stock Equity": "1,187,773", "Capital Lease Obligations": "74,277", "Net Tangible Assets": "1,136,606", "Invested Capital": "1,759,410", "Tangible Book Value": "1,136,606", "Total Debt": "645,914", "Net Debt": "480,418", "Share Issued": "51,903", "Ordinary Shares Number": "50,833", "Treasury Shares Number": "1,070"}, "12/31/2019": {"Duration": "12/31/2019", "Total Assets": "13,215,970", "Total Liabilities Net Minority Interest": "11,457,406", "Total Equity Gross Minority Interest": "1,758,564", "Total Capitalization": "2,461,114", "Preferred Stock Equity": "40,633", "Common Stock Equity": "1,717,931", "Capital Lease Obligations": "91,617", "Net Tangible Assets": "1,132,736", "Invested Capital": "2,545,481", "Tangible Book Value": "1,092,103", "Total Debt": "919,167", "Net Debt": "722,103", "Share Issued": "51,903", "Ordinary Shares Number": "49,585", "Treasury Shares Number": "2,318"}, "12/31/2018": {"Duration": "12/31/2018", "Total Assets": "12,212,231", "Total Liabilities Net Minority Interest": "10,659,313", "Total Equity Gross Minority Interest": "1,552,918", "Total Capitalization": "1,951,902", "Preferred Stock Equity": "40,633", "Common Stock Equity": "1,512,285", "Capital Lease Obligations": "10,986", "Net Tangible Assets": "977,799", "Invested Capital": "3,030,101", "Tangible Book Value": "937,166", "Total Debt": "1,528,802", "Net Debt": "1,416,844", "Share Issued": "46,212", "Ordinary Shares Number": "45,417", "Treasury Shares Number": "795.039"}}, "cf": {"TTM": {"Duration": "TTM", "Operating Cash Flow": "227,641", "Investing Cash Flow": "641,103", "Financing Cash Flow": "109,302", "End Cash Position": "1,557,875", "Income Tax Paid Supplemental Data": "19,818", "Interest Paid Supplemental Data": "103,596", "Capital Expenditure": "-7,208", "Issuance of Capital Stock": "0", "Issuance of Debt": "326,277", "Repayment of Debt": "-582,648", "Repurchase of Capital Stock": "-473", "Free Cash Flow": "220,433"}, "12/31/2020": {"Duration": "12/31/2020", "Operating Cash Flow": "227,641", "Investing Cash Flow": "641,103", "Financing Cash Flow": "109,302", "End Cash Position": "1,557,875", "Income Tax Paid Supplemental Data": "-", "Interest Paid Supplemental Data": "103,596", "Capital Expenditure": "-7,208", "Issuance of Capital Stock": "-", "Issuance of Debt": "326,277", "Repayment of Debt": "-582,648", "Repurchase of Capital Stock": "-473", "Free Cash Flow": "220,433"}, "12/31/2019": {"Duration": "12/31/2019", "Operating Cash Flow": "111,525", "Investing Cash Flow": "1,202,582", "Financing Cash Flow": "-917,467", "End Cash Position": "579,829", "Income Tax Paid Supplemental Data": "19,818", "Interest Paid Supplemental Data": "153,101", "Capital Expenditure": "-10,565", "Issuance of Capital Stock": "0", "Issuance of Debt": "5,384,982", "Repayment of Debt": "-6,228,780", "Repurchase of Capital Stock": "-52,746", "Free Cash Flow": "100,960"}, "12/31/2018": {"Duration": "12/31/2018", "Operating Cash Flow": "222,254", "Investing Cash Flow": "-861,517", "Financing Cash Flow": "573,689", "End Cash Position": "183,189", "Income Tax Paid Supplemental Data": "3,029", "Interest Paid Supplemental Data": "106,839", "Capital Expenditure": "-9,726", "Issuance of Capital Stock": "0", "Issuance of Debt": "4,767,766", "Repayment of Debt": "-4,387,223", "Repurchase of Capital Stock": "-", "Free Cash Flow": "212,528"}}}}, {"KFFB": {"quote": {"04/04/2021": {"value": "6.75", "Market Cap": "55.648M", "Beta (5Y Monthly)": "0.48", "PE Ratio (TTM)": "N/A", "EPS (TTM)": "-1.50", "Earnings Date": "Feb 01, 2021", "Forward Dividend & Yield": "0.40 (5.93%)", "Ex-Dividend Date": "Jan 28, 2021", "1y Target Est": "N/A"}}, "fin": {"TTM": {"Duration": "TTM", "Total Revenue": "9,963", "Credit Losses Provision": "-231", "Non Interest Expense": "8,245", "Special Income Charges": "-", "Pretax Income": "-12,073", "Tax Provision": "301", "Net Income Common Stockholders": "-12,374", "Diluted NI Available to Com Stockholders": "-12,374", "Basic EPS": "-", "Diluted EPS": "-", "Basic Average Shares": "-", "Diluted Average Shares": "-", "INTEREST_INCOME_AFTER_PROVISION_FOR_LOAN_LOSS": "9,234", "Net Income from Continuing & Discontinued Operation": "-12,374", "Normalized Income": "-12,359", "Total Money Market Investments": "231", "Reconciled Depreciation": "289", "Net Income from Continuing Operation Net Minority Interest": "-12,374", "Total Unusual Items Excluding Goodwill": "-20", "Total Unusual Items": "-20", "Tax Rate for Calcs": "0", "Tax Effect of Unusual Items": "-5.4"}, "6/30/2020": {"Duration": "6/30/2020", "Total Revenue": "9,723", "Credit Losses Provision": "-103", "Non Interest Expense": "8,343", "Special Income Charges": "-13,560", "Pretax Income": "-12,283", "Tax Provision": "264", "Net Income Common Stockholders": "-12,547", "Diluted NI Available to Com Stockholders": "-12,547", "Basic EPS": "-1.52", "Diluted EPS": "-1.52", "Basic Average Shares": "8,252", "Diluted Average Shares": "8,252", "INTEREST_INCOME_AFTER_PROVISION_FOR_LOAN_LOSS": "9,221", "Net Income from Continuing & Discontinued Operation": "-12,547", "Normalized Income": "-2,652", "Total Money Market Investments": "419", "Reconciled Depreciation": "277", "Net Income from Continuing Operation Net Minority Interest": "-12,547", "Total Unusual Items Excluding Goodwill": "-13,555", "Total Unusual Items": "-13,555", "Tax Rate for Calcs": "0", "Tax Effect of Unusual Items": "-3,660"}, "6/30/2019": {"Duration": "6/30/2019", "Total Revenue": "9,682", "Credit Losses Provision": "-11", "Non Interest Expense": "8,727", "Special Income Charges": "9", "Pretax Income": "953", "Tax Provision": "141", "Net Income Common Stockholders": "812", "Diluted NI Available to Com Stockholders": "812", "Basic EPS": "0.10", "Diluted EPS": "0.10", "Basic Average Shares": "8,336", "Diluted Average Shares": "8,336", "INTEREST_INCOME_AFTER_PROVISION_FOR_LOAN_LOSS": "9,437", "Net Income from Continuing & Discontinued Operation": "812", "Normalized Income": "795.8111", "Total Money Market Investments": "635", "Reconciled Depreciation": "282", "Net Income from Continuing Operation Net Minority Interest": "812", "Total Unusual Items Excluding Goodwill": "19", "Total Unusual Items": "19", "Tax Rate for Calcs": "0", "Tax Effect of Unusual Items": "2.8111"}, "6/30/2018": {"Duration": "6/30/2018", "Total Revenue": "10,416", "Credit Losses Provision": "-185", "Non Interest Expense": "8,945", "Special Income Charges": "-", "Pretax Income": "1,286", "Tax Provision": "-37", "Net Income Common Stockholders": "1,323", "Diluted NI Available to Com Stockholders": "1,323", "Basic EPS": "0.16", "Diluted EPS": "0.16", "Basic Average Shares": "8,367", "Diluted Average Shares": "8,367", "INTEREST_INCOME_AFTER_PROVISION_FOR_LOAN_LOSS": "9,540", "Net Income from Continuing & Discontinued Operation": "1,323", "Normalized Income": "1,285", "Total Money Market Investments": "533", "Reconciled Depreciation": "309", "Net Income from Continuing Operation Net Minority Interest": "1,323", "Total Unusual Items Excluding Goodwill": "52", "Total Unusual Items": "52", "Tax Rate for Calcs": "0", "Tax Effect of Unusual Items": "14.04"}}, "bs": {"6/30/2020": {"Duration": "6/30/2020", "Total Assets": "321,136", "Total Liabilities Net Minority Interest": "269,225", "Total Equity Gross Minority Interest": "51,911", "Total Capitalization": "106,626", "Common Stock Equity": "51,911", "Net Tangible Assets": "50,964", "Invested Capital": "106,626", "Tangible Book Value": "50,964", "Total Debt": "54,715", "Net Debt": "38,784", "Share Issued": "8,596", "Ordinary Shares Number": "8,252", "Treasury Shares Number": "343.849"}, "6/30/2019": {"Duration": "6/30/2019", "Total Assets": "330,771", "Total Liabilities Net Minority Interest": "264,493", "Total Equity Gross Minority Interest": "66,278", "Total Capitalization": "132,981", "Common Stock Equity": "66,278", "Net Tangible Assets": "51,771", "Invested Capital": "132,981", "Tangible Book Value": "51,771", "Total Debt": "66,703", "Net Debt": "49,880", "Share Issued": "8,596", "Ordinary Shares Number": "8,330", "Treasury Shares Number": "266.549"}, "6/30/2018": {"Duration": "6/30/2018", "Total Assets": "318,394", "Total Liabilities Net Minority Interest": "251,191", "Total Equity Gross Minority Interest": "67,203", "Total Capitalization": "120,255", "Common Stock Equity": "67,203", "Net Tangible Assets": "52,696", "Invested Capital": "120,255", "Tangible Book Value": "52,696", "Total Debt": "53,052", "Net Debt": "37,417", "Share Issued": "8,596", "Ordinary Shares Number": "8,445", "Treasury Shares Number": "151.549"}}, "cf": {"TTM": {"Duration": "TTM", "Operating Cash Flow": "373", "Investing Cash Flow": "-11,606", "Financing Cash Flow": "14,079", "End Cash Position": "14,730", "Income Tax Paid Supplemental Data": "-", "Interest Paid Supplemental Data": "2,803", "Capital Expenditure": "-78", "Issuance of Debt": "46,200", "Repayment of Debt": "-46,767", "Repurchase of Capital Stock": "-331", "Free Cash Flow": "295"}, "6/30/2020": {"Duration": "6/30/2020", "Operating Cash Flow": "1,042", "Investing Cash Flow": "243", "Financing Cash Flow": "2,556", "End Cash Position": "13,702", "Income Tax Paid Supplemental Data": "-", "Interest Paid Supplemental Data": "3,500", "Capital Expenditure": "-165", "Issuance of Debt": "23,500", "Repayment of Debt": "-35,488", "Repurchase of Capital Stock": "-542", "Free Cash Flow": "877"}, "6/30/2019": {"Duration": "6/30/2019", "Operating Cash Flow": "1,002", "Investing Cash Flow": "-12,579", "Financing Cash Flow": "11,495", "End Cash Position": "9,861", "Income Tax Paid Supplemental Data": "100", "Interest Paid Supplemental Data": "3,246", "Capital Expenditure": "-148", "Issuance of Debt": "43,150", "Repayment of Debt": "-29,499", "Repurchase of Capital Stock": "-904", "Free Cash Flow": "854"}, "6/30/2018": {"Duration": "6/30/2018", "Operating Cash Flow": "1,149", "Investing Cash Flow": "-12,581", "Financing Cash Flow": "8,571", "End Cash Position": "9,943", "Income Tax Paid Supplemental Data": "300", "Interest Paid Supplemental Data": "2,160", "Capital Expenditure": "-151", "Issuance of Debt": "24,600", "Repayment of Debt": "-27,328", "Repurchase of Capital Stock": "-", "Free Cash Flow": "998"}}}}, {"JXSB": {"quote": {"04/04/2021": {"value": "", "Net Assets": "N/A", "Beta (5Y Monthly)": "N/A", "Yield": "N/A", "5y Average Return": "N/A", "Holdings Turnover": "N/A", "Last Dividend": "N/A", "Average for Category": "N/A", "Inception Date": "N/A"}}, "fin": {}, "bs": {}, "cf": {}}}, {"ISBC": {"quote": {"04/04/2021": {"value": "14.63", "Market Cap": "3.619B", "Beta (5Y Monthly)": "1.14", "PE Ratio (TTM)": "15.56", "EPS (TTM)": "0.94", "Earnings Date": "Apr 27, 2021 - May 03, 2021", "Forward Dividend & Yield": "0.56 (3.83%)", "Ex-Dividend Date": "Feb 09, 2021", "1y Target Est": "14.42"}}, "fin": {"TTM": {"Duration": "TTM", "Total Revenue": "816,204", "Credit Losses Provision": "-70,158", "Non Interest Expense": "425,407", "Special Income Charges": "-24,098", "Pretax Income": "296,541", "Tax Provision": "74,961", "Net Income Common Stockholders": "221,580", "Diluted NI Available to Com Stockholders": "221,580", "Basic EPS": "-", "Diluted EPS": "-", "Basic Average Shares": "-", "Diluted Average Shares": "-", "INTEREST_INCOME_AFTER_PROVISION_FOR_LOAN_LOSS": "655,528", "Net Income from Continuing & Discontinued Operation": "221,580", "Normalized Income": "238,799", "Total Money Market Investments": "1,460", "Reconciled Depreciation": "44,372", "Net Income from Continuing Operation Net Minority Interest": "221,580", "Total Unusual Items Excluding Goodwill": "-23,044", "Total Unusual Items": "-23,044", "Tax Rate for Calcs": "0", "Tax Effect of Unusual Items": "-5,825"}, "12/31/2020": {"Duration": "12/31/2020", "Total Revenue": "816,204", "Credit Losses Provision": "-70,158", "Non Interest Expense": "425,407", "Special Income Charges": "-24,098", "Pretax Income": "296,541", "Tax Provision": "74,961", "Net Income Common Stockholders": "221,580", "Diluted NI Available to Com Stockholders": "221,580", "Basic EPS": "-", "Diluted EPS": "-", "Basic Average Shares": "-", "Diluted Average Shares": "-", "INTEREST_INCOME_AFTER_PROVISION_FOR_LOAN_LOSS": "655,528", "Net Income from Continuing & Discontinued Operation": "221,580", "Normalized Income": "238,799", "Total Money Market Investments": "1,460", "Reconciled Depreciation": "44,372", "Net Income from Continuing Operation Net Minority Interest": "221,580", "Total Unusual Items Excluding Goodwill": "-23,044", "Total Unusual Items": "-23,044", "Tax Rate for Calcs": "0", "Tax Effect of Unusual Items": "-5,825"}, "12/31/2019": {"Duration": "12/31/2019", "Total Revenue": "708,486", "Credit Losses Provision": "1,000", "Non Interest Expense": "422,754", "Special Income Charges": "-", "Pretax Income": "286,732", "Tax Provision": "91,248", "Net Income Common Stockholders": "195,484", "Diluted NI Available to Com Stockholders": "195,484", "Basic EPS": "0.75", "Diluted EPS": "0.74", "Basic Average Shares": "262,203", "Diluted Average Shares": "262,520", "INTEREST_INCOME_AFTER_PROVISION_FOR_LOAN_LOSS": "656,073", "Net Income from Continuing & Discontinued Operation": "195,484", "Normalized Income": "194,703", "Total Money Market Investments": "2,805", "Reconciled Depreciation": "38,707", "Net Income from Continuing Operation Net Minority Interest": "195,484", "Total Unusual Items Excluding Goodwill": "1,145", "Total Unusual Items": "1,145", "Tax Rate for Calcs": "0", "Tax Effect of Unusual Items": "364.11"}, "12/31/2018": {"Duration": "12/31/2018", "Total Revenue": "690,098", "Credit Losses Provision": "-12,000", "Non Interest Expense": "407,680", "Special Income Charges": "-", "Pretax Income": "270,418", "Tax Provision": "67,842", "Net Income Common Stockholders": "202,576", "Diluted NI Available to Com Stockholders": "202,576", "Basic EPS": "0.72", "Diluted EPS": "0.72", "Basic Average Shares": "281,925", "Diluted Average Shares": "282,792", "INTEREST_INCOME_AFTER_PROVISION_FOR_LOAN_LOSS": "668,017", "Net Income from Continuing & Discontinued Operation": "202,576", "Normalized Income": "201,885", "Total Money Market Investments": "2,435", "Reconciled Depreciation": "19,078", "Net Income from Continuing Operation Net Minority Interest": "202,576", "Total Unusual Items Excluding Goodwill": "923", "Total Unusual Items": "923", "Tax Rate for Calcs": "0", "Tax Effect of Unusual Items": "231.673"}}, "bs": {"12/31/2020": {"Duration": "12/31/2020", "Total Assets": "26,023,159", "Total Liabilities Net Minority Interest": "23,313,156", "Total Equity Gross Minority Interest": "2,710,003", "Total Capitalization": "5,557,279", "Common Stock Equity": "2,710,003", "Capital Lease Obligations": "212,559", "Net Tangible Assets": "2,600,370", "Invested Capital": "5,557,279", "Tangible Book Value": "2,600,370", "Total Debt": "3,059,835", "Net Debt": "2,676,844", "Share Issued": "361,870", "Ordinary Shares Number": "247,929", "Treasury Shares Number": "113,941"}, "12/31/2019": {"Duration": "12/31/2019", "Total Assets": "26,698,766", "Total Liabilities Net Minority Interest": "24,076,816", "Total Equity Gross Minority Interest": "2,621,950", "Total Capitalization": "8,449,061", "Common Stock Equity": "2,621,950", "Capital Lease Obligations": "185,827", "Net Tangible Assets": "2,524,081", "Invested Capital": "8,449,061", "Tangible Book Value": "2,524,081", "Total Debt": "6,012,938", "Net Debt": "5,652,196", "Share Issued": "359,071", "Ordinary Shares Number": "247,440", "Treasury Shares Number": "111,631"}, "12/31/2018": {"Duration": "12/31/2018", "Total Assets": "26,229,008", "Total Liabilities Net Minority Interest": "23,223,678", "Total Equity Gross Minority Interest": "3,005,330", "Total Capitalization": "8,441,011", "Common Stock Equity": "3,005,330", "Capital Lease Obligations": "-", "Net Tangible Assets": "2,906,267", "Invested Capital": "8,441,011", "Tangible Book Value": "2,906,267", "Total Debt": "5,435,681", "Net Debt": "5,238,790", "Share Issued": "359,071", "Ordinary Shares Number": "286,273", "Treasury Shares Number": "72,798"}}, "cf": {"TTM": {"Duration": "TTM", "Operating Cash Flow": "224,297", "Investing Cash Flow": "1,323,290", "Financing Cash Flow": "-1,552,070", "End Cash Position": "170,432", "Income Tax Paid Supplemental Data": "88,450", "Interest Paid Supplemental Data": "268,284", "Capital Expenditure": "-19,841", "Repayment of Debt": "-2,574,074", "Repurchase of Capital Stock": "-23,920", "Free Cash Flow": "204,456"}, "12/31/2020": {"Duration": "12/31/2020", "Operating Cash Flow": "224,297", "Investing Cash Flow": "1,323,290", "Financing Cash Flow": "-1,552,070", "End Cash Position": "170,432", "Income Tax Paid Supplemental Data": "88,450", "Interest Paid Supplemental Data": "268,284", "Capital Expenditure": "-19,841", "Repayment of Debt": "-2,574,074", "Repurchase of Capital Stock": "-23,920", "Free Cash Flow": "204,456"}, "12/31/2019": {"Duration": "12/31/2019", "Operating Cash Flow": "160,654", "Investing Cash Flow": "-247,474", "Financing Cash Flow": "64,844", "End Cash Position": "174,915", "Income Tax Paid Supplemental Data": "36,146", "Interest Paid Supplemental Data": "390,359", "Capital Expenditure": "-17,459", "Repayment of Debt": "-2", "Repurchase of Capital Stock": "-475,946", "Free Cash Flow": "143,195"}, "12/31/2018": {"Duration": "12/31/2018", "Operating Cash Flow": "275,575", "Investing Cash Flow": "-1,553,763", "Financing Cash Flow": "856,685", "End Cash Position": "196,891", "Income Tax Paid Supplemental Data": "69,271", "Interest Paid Supplemental Data": "275,525", "Capital Expenditure": "-14,305", "Repayment of Debt": "-", "Repurchase of Capital Stock": "-258,175", "Free Cash Flow": "261,270"}}}}, {"FBC": {"quote": {"04/04/2021": {"value": "45.56", "Market Cap": "2.4B", "Beta (5Y Monthly)": "1.72", "PE Ratio (TTM)": "4.79", "EPS (TTM)": "9.52", "Earnings Date": "Apr 26, 2021 - Apr 30, 2021", "Forward Dividend & Yield": "0.24 (0.53%)", "Ex-Dividend Date": "Feb 26, 2021", "1y Target Est": "50.86"}}, "fin": {"TTM": {"Duration": "TTM", "Total Revenue": "1,680,000", "Credit Losses Provision": "-149,000", "Non Interest Expense": "827,000", "Pretax Income": "704,000", "Tax Provision": "166,000", "Net Income Common Stockholders": "538,000", "Diluted NI Available to Com Stockholders": "538,000", "Basic EPS": "-", "Diluted EPS": "-", "Basic Average Shares": "-", "Diluted Average Shares": "-", "INTEREST_INCOME_AFTER_PROVISION_FOR_LOAN_LOSS": "536,000", "Net Income from Continuing & Discontinued Operation": "538,000", "Normalized Income": "538,000", "Total Money Market Investments": "1,000", "Reconciled Depreciation": "76,000", "Net Income from Continuing Operation Net Minority Interest": "538,000", "Tax Rate for Calcs": "0", "Tax Effect of Unusual Items": "0"}, "12/31/2020": {"Duration": "12/31/2020", "Total Revenue": "1,680,000", "Credit Losses Provision": "-149,000", "Non Interest Expense": "827,000", "Pretax Income": "704,000", "Tax Provision": "166,000", "Net Income Common Stockholders": "538,000", "Diluted NI Available to Com Stockholders": "538,000", "Basic EPS": "-", "Diluted EPS": "-", "Basic Average Shares": "-", "Diluted Average Shares": "-", "INTEREST_INCOME_AFTER_PROVISION_FOR_LOAN_LOSS": "536,000", "Net Income from Continuing & Discontinued Operation": "538,000", "Normalized Income": "538,000", "Total Money Market Investments": "1,000", "Reconciled Depreciation": "76,000", "Net Income from Continuing Operation Net Minority Interest": "538,000", "Tax Rate for Calcs": "0", "Tax Effect of Unusual Items": "0"}, "12/31/2019": {"Duration": "12/31/2019", "Total Revenue": "981,000", "Credit Losses Provision": "-18,000", "Non Interest Expense": "697,000", "Pretax Income": "266,000", "Tax Provision": "48,000", "Net Income Common Stockholders": "218,000", "Diluted NI Available to Com Stockholders": "218,000", "Basic EPS": "3.85", "Diluted EPS": "3.80", "Basic Average Shares": "56,584", "Diluted Average Shares": "57,239", "INTEREST_INCOME_AFTER_PROVISION_FOR_LOAN_LOSS": "544,000", "Net Income from Continuing & Discontinued Operation": "218,000", "Normalized Income": "218,000", "Total Money Market Investments": "4,000", "Reconciled Depreciation": "70,000", "Net Income from Continuing Operation Net Minority Interest": "218,000", "Tax Rate for Calcs": "0", "Tax Effect of Unusual Items": "0"}, "12/31/2018": {"Duration": "12/31/2018", "Total Revenue": "797,000", "Credit Losses Provision": "8,000", "Non Interest Expense": "573,000", "Pretax Income": "232,000", "Tax Provision": "45,000", "Net Income Common Stockholders": "187,000", "Diluted NI Available to Com Stockholders": "187,000", "Basic EPS": "3.26", "Diluted EPS": "3.21", "Basic Average Shares": "57,520", "Diluted Average Shares": "58,323", "INTEREST_INCOME_AFTER_PROVISION_FOR_LOAN_LOSS": "505,000", "Net Income from Continuing & Discontinued Operation": "187,000", "Normalized Income": "187,000", "Total Money Market Investments": "2,000", "Reconciled Depreciation": "56,000", "Net Income from Continuing Operation Net Minority Interest": "187,000", "Tax Rate for Calcs": "0", "Tax Effect of Unusual Items": "0"}}, "bs": {"12/31/2020": {"Duration": "12/31/2020", "Total Assets": "31,038,000", "Total Liabilities Net Minority Interest": "28,837,000", "Total Equity Gross Minority Interest": "2,201,000", "Total Capitalization": "4,042,000", "Common Stock Equity": "2,201,000", "Net Tangible Assets": "1,715,000", "Invested Capital": "7,942,000", "Tangible Book Value": "1,715,000", "Total Debt": "5,741,000", "Net Debt": "5,118,000", "Share Issued": "52,656", "Ordinary Shares Number": "52,656"}, "12/31/2019": {"Duration": "12/31/2019", "Total Assets": "23,266,000", "Total Liabilities Net Minority Interest": "21,478,000", "Total Equity Gross Minority Interest": "1,788,000", "Total Capitalization": "2,934,000", "Common Stock Equity": "1,788,000", "Net Tangible Assets": "1,327,000", "Invested Capital": "7,099,000", "Tangible Book Value": "1,327,000", "Total Debt": "5,311,000", "Net Debt": "4,885,000", "Share Issued": "56,631", "Ordinary Shares Number": "56,631"}, "12/31/2018": {"Duration": "12/31/2018", "Total Assets": "18,531,000", "Total Liabilities Net Minority Interest": "16,961,000", "Total Equity Gross Minority Interest": "1,570,000", "Total Capitalization": "2,215,000", "Common Stock Equity": "1,570,000", "Net Tangible Assets": "1,090,000", "Invested Capital": "5,459,000", "Tangible Book Value": "1,090,000", "Total Debt": "3,889,000", "Net Debt": "3,481,000", "Share Issued": "57,749", "Ordinary Shares Number": "57,749"}}, "cf": {"TTM": {"Duration": "TTM", "Operating Cash Flow": "-8,029,000", "Investing Cash Flow": "2,986,000", "Financing Cash Flow": "5,241,000", "End Cash Position": "654,000", "Income Tax Paid Supplemental Data": "161,000", "Interest Paid Supplemental Data": "133,000", "Capital Expenditure": "-54,000", "Issuance of Debt": "865,000", "Repayment of Debt": "-3,000", "Repurchase of Capital Stock": "-150,000", "Free Cash Flow": "-8,083,000"}, "12/31/2020": {"Duration": "12/31/2020", "Operating Cash Flow": "-8,029,000", "Investing Cash Flow": "2,986,000", "Financing Cash Flow": "5,241,000", "End Cash Position": "654,000", "Income Tax Paid Supplemental Data": "161,000", "Interest Paid Supplemental Data": "133,000", "Capital Expenditure": "-54,000", "Issuance of Debt": "865,000", "Repayment of Debt": "-3,000", "Repurchase of Capital Stock": "-150,000", "Free Cash Flow": "-8,083,000"}, "12/31/2019": {"Duration": "12/31/2019", "Operating Cash Flow": "-17,083,000", "Investing Cash Flow": "12,688,000", "Financing Cash Flow": "4,419,000", "End Cash Position": "456,000", "Income Tax Paid Supplemental Data": "4,000", "Interest Paid Supplemental Data": "230,000", "Capital Expenditure": "-61,000", "Issuance of Debt": "834,000", "Repayment of Debt": "-50,000", "Repurchase of Capital Stock": "-50,000", "Free Cash Flow": "-17,144,000"}, "12/31/2018": {"Duration": "12/31/2018", "Operating Cash Flow": "-23,378,000", "Investing Cash Flow": "24,607,000", "Financing Cash Flow": "-1,020,000", "End Cash Position": "432,000", "Income Tax Paid Supplemental Data": "0", "Interest Paid Supplemental Data": "185,000", "Capital Expenditure": "-71,000", "Issuance of Debt": "200,000", "Repayment of Debt": "-1,274,000", "Repurchase of Capital Stock": "0", "Free Cash Flow": "-23,449,000"}}}}, {"WAYN": {"quote": {"04/04/2021": {"value": "24.50", "Market Cap": "60.831M", "Beta (5Y Monthly)": "0.32", "PE Ratio (TTM)": "9.39", "EPS (TTM)": "2.61", "Earnings Date": "Jan 22, 2021", "Forward Dividend & Yield": "0.84 (3.43%)", "Ex-Dividend Date": "Apr 13, 2021", "1y Target Est": "N/A"}}, "fin": {"TTM": {"Duration": "TTM", "Total Revenue": "20,236", "Credit Losses Provision": "-1,290", "Non Interest Expense": "10,720", "Pretax Income": "8,226", "Tax Provision": "1,536", "Net Income Common Stockholders": "6,690", "Diluted NI Available to Com Stockholders": "6,690", "Basic EPS": "-", "Diluted EPS": "-", "Basic Average Shares": "-", "Diluted Average Shares": "-", "INTEREST_INCOME_AFTER_PROVISION_FOR_LOAN_LOSS": "15,700", "Net Income from Continuing & Discontinued Operation": "6,690", "Normalized Income": "6,690", "Reconciled Depreciation": "709", "Net Income from Continuing Operation Net Minority Interest": "6,690", "Tax Rate for Calcs": "0", "Tax Effect of Unusual Items": "0"}, "12/31/2020": {"Duration": "12/31/2020", "Total Revenue": "20,236", "Credit Losses Provision": "-1,290", "Non Interest Expense": "10,720", "Pretax Income": "8,226", "Tax Provision": "1,536", "Net Income Common Stockholders": "6,690", "Diluted NI Available to Com Stockholders": "6,690", "Basic EPS": "-", "Diluted EPS": "-", "Basic Average Shares": "-", "Diluted Average Shares": "-", "INTEREST_INCOME_AFTER_PROVISION_FOR_LOAN_LOSS": "15,700", "Net Income from Continuing & Discontinued Operation": "6,690", "Normalized Income": "6,690", "Reconciled Depreciation": "709", "Net Income from Continuing Operation Net Minority Interest": "6,690", "Tax Rate for Calcs": "0", "Tax Effect of Unusual Items": "0"}, "12/31/2019": {"Duration": "12/31/2019", "Total Revenue": "19,022", "Credit Losses Provision": "-406", "Non Interest Expense": "10,703", "Pretax Income": "7,913", "Tax Provision": "1,462", "Net Income Common Stockholders": "6,451", "Diluted NI Available to Com Stockholders": "6,451", "Basic EPS": "2.43", "Diluted EPS": "2.43", "Basic Average Shares": "2,652", "Diluted Average Shares": "2,652", "INTEREST_INCOME_AFTER_PROVISION_FOR_LOAN_LOSS": "15,629", "Net Income from Continuing & Discontinued Operation": "6,451", "Normalized Income": "6,451", "Reconciled Depreciation": "681", "Net Income from Continuing Operation Net Minority Interest": "6,451", "Tax Rate for Calcs": "0", "Tax Effect of Unusual Items": "0"}, "12/31/2018": {"Duration": "12/31/2018", "Total Revenue": "17,821", "Credit Losses Provision": "-518", "Non Interest Expense": "11,056", "Pretax Income": "6,247", "Tax Provision": "1,099", "Net Income Common Stockholders": "5,148", "Diluted NI Available to Com Stockholders": "5,148", "Basic EPS": "1.92", "Diluted EPS": "1.92", "Basic Average Shares": "2,684", "Diluted Average Shares": "2,684", "INTEREST_INCOME_AFTER_PROVISION_FOR_LOAN_LOSS": "14,755", "Net Income from Continuing & Discontinued Operation": "5,148", "Normalized Income": "5,148", "Reconciled Depreciation": "845", "Net Income from Continuing Operation Net Minority Interest": "5,148", "Tax Rate for Calcs": "0", "Tax Effect of Unusual Items": "0"}}, "bs": {"12/31/2020": {"Duration": "12/31/2020", "Total Assets": "591,591", "Total Liabilities Net Minority Interest": "539,476", "Total Equity Gross Minority Interest": "52,115", "Total Capitalization": "78,115", "Common Stock Equity": "52,115", "Net Tangible Assets": "50,396", "Invested Capital": "78,115", "Tangible Book Value": "50,396", "Total Debt": "26,000", "Net Debt": "-", "Share Issued": "3,979", "Ordinary Shares Number": "2,483", "Treasury Shares Number": "1,496"}, "12/31/2019": {"Duration": "12/31/2019", "Total Assets": "492,586", "Total Liabilities Net Minority Interest": "444,195", "Total Equity Gross Minority Interest": "48,391", "Total Capitalization": "68,391", "Common Stock Equity": "48,391", "Net Tangible Assets": "46,672", "Invested Capital": "78,835", "Tangible Book Value": "46,672", "Total Debt": "30,444", "Net Debt": "-", "Share Issued": "3,979", "Ordinary Shares Number": "2,602", "Treasury Shares Number": "1,377"}, "12/31/2018": {"Duration": "12/31/2018", "Total Assets": "472,887", "Total Liabilities Net Minority Interest": "428,009", "Total Equity Gross Minority Interest": "44,878", "Total Capitalization": "73,378", "Common Stock Equity": "44,878", "Net Tangible Assets": "43,159", "Invested Capital": "80,550", "Tangible Book Value": "43,159", "Total Debt": "35,672", "Net Debt": "24,511", "Share Issued": "3,979", "Ordinary Shares Number": "2,697", "Treasury Shares Number": "1,282"}}, "cf": {"TTM": {"Duration": "TTM", "Operating Cash Flow": "7,613", "Investing Cash Flow": "-55,327", "Financing Cash Flow": "91,452", "End Cash Position": "74,490", "Income Tax Paid Supplemental Data": "1,775", "Interest Paid Supplemental Data": "3,318", "Capital Expenditure": "-601", "Issuance of Debt": "6,000", "Repayment of Debt": "0", "Repurchase of Capital Stock": "-2,139", "Free Cash Flow": "7,012"}, "12/31/2020": {"Duration": "12/31/2020", "Operating Cash Flow": "7,613", "Investing Cash Flow": "-55,327", "Financing Cash Flow": "91,452", "End Cash Position": "74,490", "Income Tax Paid Supplemental Data": "1,775", "Interest Paid Supplemental Data": "3,318", "Capital Expenditure": "-601", "Issuance of Debt": "6,000", "Repayment of Debt": "0", "Repurchase of Capital Stock": "-2,139", "Free Cash Flow": "7,012"}, "12/31/2019": {"Duration": "12/31/2019", "Operating Cash Flow": "8,053", "Investing Cash Flow": "798", "Financing Cash Flow": "10,740", "End Cash Position": "30,752", "Income Tax Paid Supplemental Data": "1,475", "Interest Paid Supplemental Data": "3,419", "Capital Expenditure": "-474", "Issuance of Debt": "20,000", "Repayment of Debt": "-28,500", "Repurchase of Capital Stock": "-2,023", "Free Cash Flow": "7,579"}, "12/31/2018": {"Duration": "12/31/2018", "Operating Cash Flow": "6,482", "Investing Cash Flow": "-29,640", "Financing Cash Flow": "28,278", "End Cash Position": "11,161", "Income Tax Paid Supplemental Data": "1,150", "Interest Paid Supplemental Data": "2,394", "Capital Expenditure": "-87", "Issuance of Debt": "22,500", "Repayment of Debt": "-7,500", "Repurchase of Capital Stock": "-182", "Free Cash Flow": "6,395"}}}}, {"UCBA": {"quote": {"04/04/2021": {"value": "", "Net Assets": "N/A", "Beta (5Y Monthly)": "N/A", "Yield": "N/A", "5y Average Return": "N/A", "Holdings Turnover": "N/A", "Last Dividend": "N/A", "Average for Category": "N/A", "Inception Date": "N/A"}}, "fin": {}, "bs": {}, "cf": {}}}, {"SMBC": {"quote": {"04/04/2021": {"value": "40.00", "Market Cap": "360.138M", "Beta (5Y Monthly)": "0.95", "PE Ratio (TTM)": "10.74", "EPS (TTM)": "3.72", "Earnings Date": "Jan 26, 2021", "Forward Dividend & Yield": "0.64 (1.60%)", "Ex-Dividend Date": "Feb 11, 2021", "1y Target Est": "42.00"}}, "fin": {"TTM": {"Duration": "TTM", "Total Revenue": "105,039", "Credit Losses Provision": "-7,150", "Non Interest Expense": "54,965", "Pretax Income": "42,924", "Tax Provision": "8,891", "Net Income Common Stockholders": "34,033", "Diluted NI Available to Com Stockholders": "34,033", "Basic EPS": "-", "Diluted EPS": "-", "Basic Average Shares": "-", "Diluted Average Shares": "-", "INTEREST_INCOME_AFTER_PROVISION_FOR_LOAN_LOSS": "79,640", "Net Income from Continuing & Discontinued Operation": "34,033", "Normalized Income": "34,033", "Reconciled Depreciation": "5,538", "Net Income from Continuing Operation Net Minority Interest": "34,033", "Tax Rate for Calcs": "0", "Tax Effect of Unusual Items": "0"}, "6/30/2020": {"Duration": "6/30/2020", "Total Revenue": "94,886", "Credit Losses Provision": "-6,650", "Non Interest Expense": "53,804", "Pretax Income": "34,432", "Tax Provision": "6,887", "Net Income Common Stockholders": "27,545", "Diluted NI Available to Com Stockholders": "27,545", "Basic EPS": "3.00", "Diluted EPS": "3.00", "Basic Average Shares": "9,190", "Diluted Average Shares": "9,198", "INTEREST_INCOME_AFTER_PROVISION_FOR_LOAN_LOSS": "73,486", "Net Income from Continuing & Discontinued Operation": "27,545", "Normalized Income": "27,545", "Reconciled Depreciation": "5,554", "Net Income from Continuing Operation Net Minority Interest": "27,545", "Tax Rate for Calcs": "0", "Tax Effect of Unusual Items": "0"}, "6/30/2019": {"Duration": "6/30/2019", "Total Revenue": "85,832", "Credit Losses Provision": "-2,032", "Non Interest Expense": "47,849", "Pretax Income": "35,951", "Tax Provision": "7,047", "Net Income Common Stockholders": "28,904", "Diluted NI Available to Com Stockholders": "28,904", "Basic EPS": "3.14", "Diluted EPS": "3.14", "Basic Average Shares": "9,193", "Diluted Average Shares": "9,204", "INTEREST_INCOME_AFTER_PROVISION_FOR_LOAN_LOSS": "70,750", "Net Income from Continuing & Discontinued Operation": "28,904", "Normalized Income": "28,904", "Reconciled Depreciation": "5,074", "Net Income from Continuing Operation Net Minority Interest": "28,904", "Tax Rate for Calcs": "0", "Tax Effect of Unusual Items": "0"}, "6/30/2018": {"Duration": "6/30/2018", "Total Revenue": "74,674", "Credit Losses Provision": "-3,047", "Non Interest Expense": "42,895", "Pretax Income": "28,732", "Tax Provision": "7,803", "Net Income Common Stockholders": "20,929", "Diluted NI Available to Com Stockholders": "20,929", "Basic EPS": "2.40", "Diluted EPS": "2.39", "Basic Average Shares": "8,734", "Diluted Average Shares": "8,755", "INTEREST_INCOME_AFTER_PROVISION_FOR_LOAN_LOSS": "59,336", "Net Income from Continuing & Discontinued Operation": "20,929", "Normalized Income": "20,929", "Reconciled Depreciation": "4,576", "Net Income from Continuing Operation Net Minority Interest": "20,929", "Tax Rate for Calcs": "0", "Tax Effect of Unusual Items": "0"}}, "bs": {"6/30/2020": {"Duration": "6/30/2020", "Total Assets": "2,542,157", "Total Liabilities Net Minority Interest": "2,283,810", "Total Equity Gross Minority Interest": "258,347", "Total Capitalization": "343,513", "Common Stock Equity": "258,347", "Net Tangible Assets": "236,558", "Invested Capital": "343,513", "Tangible Book Value": "236,558", "Total Debt": "85,166", "Net Debt": "29,947", "Share Issued": "9,345", "Ordinary Shares Number": "9,127", "Treasury Shares Number": "217.949"}, "6/30/2019": {"Duration": "6/30/2019", "Total Assets": "2,214,402", "Total Liabilities Net Minority Interest": "1,976,010", "Total Equity Gross Minority Interest": "238,392", "Total Capitalization": "301,343", "Common Stock Equity": "238,392", "Net Tangible Assets": "215,064", "Invested Capital": "301,343", "Tangible Book Value": "215,064", "Total Debt": "62,951", "Net Debt": "26,582", "Share Issued": "9,325", "Ordinary Shares Number": "9,289", "Treasury Shares Number": "35.351"}, "6/30/2018": {"Duration": "6/30/2018", "Total Assets": "1,886,115", "Total Liabilities Net Minority Interest": "1,685,421", "Total Equity Gross Minority Interest": "200,694", "Total Capitalization": "295,291", "Common Stock Equity": "200,694", "Net Tangible Assets": "180,698", "Invested Capital": "295,291", "Tangible Book Value": "180,698", "Total Debt": "94,597", "Net Debt": "66,318", "Share Issued": "8,997", "Ordinary Shares Number": "8,997", "Treasury Shares Number": "-"}}, "cf": {"TTM": {"Duration": "TTM", "Operating Cash Flow": "42,537", "Investing Cash Flow": "-172,394", "Financing Cash Flow": "238,334", "End Cash Position": "149,520", "Income Tax Paid Supplemental Data": "8,502", "Interest Paid Supplemental Data": "3,100", "Capital Expenditure": "-2,677", "Issuance of Capital Stock": "-", "Issuance of Debt": "437,150", "Repayment of Debt": "-491,597", "Repurchase of Capital Stock": "-5,595", "Free Cash Flow": "39,860"}, "6/30/2020": {"Duration": "6/30/2020", "Operating Cash Flow": "40,301", "Investing Cash Flow": "-272,360", "Financing Cash Flow": "250,904", "End Cash Position": "54,245", "Income Tax Paid Supplemental Data": "2,437", "Interest Paid Supplemental Data": "3,813", "Capital Expenditure": "-4,304", "Issuance of Capital Stock": "-", "Issuance of Debt": "640,900", "Repayment of Debt": "-618,897", "Repurchase of Capital Stock": "-5,771", "Free Cash Flow": "35,997"}, "6/30/2019": {"Duration": "6/30/2019", "Operating Cash Flow": "38,601", "Investing Cash Flow": "-112,992", "Financing Cash Flow": "83,465", "End Cash Position": "35,400", "Income Tax Paid Supplemental Data": "2,856", "Interest Paid Supplemental Data": "4,325", "Capital Expenditure": "-7,696", "Issuance of Capital Stock": "0", "Issuance of Debt": "591,500", "Repayment of Debt": "-646,430", "Repurchase of Capital Stock": "-1,166", "Free Cash Flow": "30,905"}, "6/30/2018": {"Duration": "6/30/2018", "Operating Cash Flow": "30,644", "Investing Cash Flow": "-108,479", "Financing Cash Flow": "73,375", "End Cash Position": "26,326", "Income Tax Paid Supplemental Data": "1,589", "Interest Paid Supplemental Data": "3,021", "Capital Expenditure": "-2,138", "Issuance of Capital Stock": "0", "Issuance of Debt": "1,518,930", "Repayment of Debt": "-1,491,130", "Repurchase of Capital Stock": "0", "Free Cash Flow": "28,506"}}}}, {"ICBK": {"quote": {"04/04/2021": {"value": "23.99", "Market Cap": "146.684M", "Beta (5Y Monthly)": "0.99", "PE Ratio (TTM)": "30.41", "EPS (TTM)": "0.79", "Earnings Date": "Apr 22, 2021", "Forward Dividend & Yield": "0.34 (1.42%)", "Ex-Dividend Date": "Mar 04, 2021", "1y Target Est": "25.42"}}, "fin": {"TTM": {"Duration": "TTM", "Total Revenue": "51,226", "Credit Losses Provision": "-2,984", "Non Interest Expense": "33,099", "Special Income Charges": "-6,546", "Pretax Income": "8,597", "Tax Provision": "3,118", "Net Income Common Stockholders": "5,111", "Diluted NI Available to Com Stockholders": "5,111", "Basic EPS": "-", "Diluted EPS": "-", "Basic Average Shares": "-", "Diluted Average Shares": "-", "INTEREST_INCOME_AFTER_PROVISION_FOR_LOAN_LOSS": "33,992", "Net Income from Continuing & Discontinued Operation": "5,479", "Normalized Income": "9,668", "Total Money Market Investments": "483", "Reconciled Depreciation": "1,506", "Net Income from Continuing Operation Net Minority Interest": "5,479", "Total Unusual Items Excluding Goodwill": "-6,546", "Total Unusual Items": "-6,546", "Tax Rate for Calcs": "0", "Tax Effect of Unusual Items": "-2,357"}, "12/31/2020": {"Duration": "12/31/2020", "Total Revenue": "51,226", "Credit Losses Provision": "-2,984", "Non Interest Expense": "33,099", "Special Income Charges": "-6,546", "Pretax Income": "8,597", "Tax Provision": "3,118", "Net Income Common Stockholders": "5,111", "Diluted NI Available to Com Stockholders": "5,111", "Basic EPS": "-", "Diluted EPS": "-", "Basic Average Shares": "-", "Diluted Average Shares": "-", "INTEREST_INCOME_AFTER_PROVISION_FOR_LOAN_LOSS": "33,992", "Net Income from Continuing & Discontinued Operation": "5,479", "Normalized Income": "9,668", "Total Money Market Investments": "483", "Reconciled Depreciation": "1,506", "Net Income from Continuing Operation Net Minority Interest": "5,479", "Total Unusual Items Excluding Goodwill": "-6,546", "Total Unusual Items": "-6,546", "Tax Rate for Calcs": "0", "Tax Effect of Unusual Items": "-2,357"}, "12/31/2019": {"Duration": "12/31/2019", "Total Revenue": "54,175", "Credit Losses Provision": "-423", "Non Interest Expense": "31,535", "Special Income Charges": "-1,149", "Pretax Income": "21,068", "Tax Provision": "4,616", "Net Income Common Stockholders": "15,980", "Diluted NI Available to Com Stockholders": "15,980", "Basic EPS": "2.37", "Diluted EPS": "2.36", "Basic Average Shares": "6,748", "Diluted Average Shares": "6,769", "INTEREST_INCOME_AFTER_PROVISION_FOR_LOAN_LOSS": "40,359", "Net Income from Continuing & Discontinued Operation": "16,452", "Normalized Income": "17,348", "Total Money Market Investments": "1,783", "Reconciled Depreciation": "1,679", "Net Income from Continuing Operation Net Minority Interest": "16,452", "Total Unusual Items Excluding Goodwill": "-1,149", "Total Unusual Items": "-1,149", "Tax Rate for Calcs": "0", "Tax Effect of Unusual Items": "-252.78"}, "12/31/2018": {"Duration": "12/31/2018", "Total Revenue": "50,788", "Credit Losses Provision": "-3,195", "Non Interest Expense": "27,410", "Special Income Charges": "-873", "Pretax Income": "19,310", "Tax Provision": "5,059", "Net Income Common Stockholders": "13,838", "Diluted NI Available to Com Stockholders": "13,838", "Basic EPS": "2.06", "Diluted EPS": "2.04", "Basic Average Shares": "6,704", "Diluted Average Shares": "6,773", "INTEREST_INCOME_AFTER_PROVISION_FOR_LOAN_LOSS": "38,760", "Net Income from Continuing & Discontinued Operation": "14,251", "Normalized Income": "14,897", "Total Money Market Investments": "1,086", "Reconciled Depreciation": "1,661", "Net Income from Continuing Operation Net Minority Interest": "14,251", "Total Unusual Items Excluding Goodwill": "-873", "Total Unusual Items": "-873", "Tax Rate for Calcs": "0", "Tax Effect of Unusual Items": "-226.98"}}, "bs": {"12/31/2020": {"Duration": "12/31/2020", "Total Assets": "1,472,358", "Total Liabilities Net Minority Interest": "1,300,582", "Total Equity Gross Minority Interest": "171,776", "Total Capitalization": "416,893", "Preferred Stock Equity": "8,000", "Common Stock Equity": "163,776", "Net Tangible Assets": "153,326", "Invested Capital": "408,893", "Tangible Book Value": "145,326", "Total Debt": "245,117", "Net Debt": "225,617", "Share Issued": "7,213", "Ordinary Shares Number": "6,198", "Treasury Shares Number": "1,015"}, "12/31/2019": {"Duration": "12/31/2019", "Total Assets": "1,378,779", "Total Liabilities Net Minority Interest": "1,206,750", "Total Equity Gross Minority Interest": "172,029", "Total Capitalization": "262,081", "Preferred Stock Equity": "8,000", "Common Stock Equity": "164,029", "Net Tangible Assets": "154,257", "Invested Capital": "254,081", "Tangible Book Value": "146,257", "Total Debt": "90,052", "Net Debt": "-", "Share Issued": "7,178", "Ordinary Shares Number": "6,734", "Treasury Shares Number": "443.92"}, "12/31/2018": {"Duration": "12/31/2018", "Total Assets": "1,521,027", "Total Liabilities Net Minority Interest": "1,368,743", "Total Equity Gross Minority Interest": "152,284", "Total Capitalization": "287,214", "Preferred Stock Equity": "8,000", "Common Stock Equity": "144,284", "Net Tangible Assets": "137,686", "Invested Capital": "279,214", "Tangible Book Value": "129,686", "Total Debt": "134,930", "Net Debt": "73,843", "Share Issued": "7,153", "Ordinary Shares Number": "6,709", "Treasury Shares Number": "443.694"}}, "cf": {"TTM": {"Duration": "TTM", "Operating Cash Flow": "-24,152", "Investing Cash Flow": "-164,779", "Financing Cash Flow": "79,420", "End Cash Position": "19,500", "Income Tax Paid Supplemental Data": "2,950", "Interest Paid Supplemental Data": "21,735", "Capital Expenditure": "-3,211", "Issuance of Capital Stock": "358", "Issuance of Debt": "750,520", "Repayment of Debt": "-595,308", "Repurchase of Capital Stock": "-12,576", "Free Cash Flow": "-27,363"}, "12/31/2020": {"Duration": "12/31/2020", "Operating Cash Flow": "-24,152", "Investing Cash Flow": "-164,779", "Financing Cash Flow": "79,420", "End Cash Position": "19,500", "Income Tax Paid Supplemental Data": "2,950", "Interest Paid Supplemental Data": "21,735", "Capital Expenditure": "-3,211", "Issuance of Capital Stock": "358", "Issuance of Debt": "750,520", "Repayment of Debt": "-595,308", "Repurchase of Capital Stock": "-12,576", "Free Cash Flow": "-27,363"}, "12/31/2019": {"Duration": "12/31/2019", "Operating Cash Flow": "21,953", "Investing Cash Flow": "214,460", "Financing Cash Flow": "-168,489", "End Cash Position": "129,011", "Income Tax Paid Supplemental Data": "1,725", "Interest Paid Supplemental Data": "23,833", "Capital Expenditure": "-659", "Issuance of Capital Stock": "265", "Issuance of Debt": "115,000", "Repayment of Debt": "-160,033", "Repurchase of Capital Stock": "-", "Free Cash Flow": "21,294"}, "12/31/2018": {"Duration": "12/31/2018", "Operating Cash Flow": "26,176", "Investing Cash Flow": "-139,788", "Financing Cash Flow": "107,928", "End Cash Position": "61,087", "Income Tax Paid Supplemental Data": "4,875", "Interest Paid Supplemental Data": "20,621", "Capital Expenditure": "-7,667", "Issuance of Capital Stock": "459", "Issuance of Debt": "179,058", "Repayment of Debt": "-182,572", "Repurchase of Capital Stock": "0", "Free Cash Flow": "18,509"}}}}, {"CARV": {"quote": {"04/04/2021": {"value": "9.54", "Market Cap": "31.799M", "Beta (5Y Monthly)": "1.41", "PE Ratio (TTM)": "N/A", "EPS (TTM)": "-1.34", "Earnings Date": "Feb 10, 2017 - Feb 13, 2017", "Forward Dividend & Yield": "N/A (N/A)", "Ex-Dividend Date": "Aug 25, 2010", "1y Target Est": "N/A"}}, "fin": {"TTM": {"Duration": "TTM", "Total Revenue": "20,889", "Credit Losses Provision": "96", "Non Interest Expense": "25,714", "Special Income Charges": "607", "Pretax Income": "-4,729", "Tax Provision": "0", "Net Income Common Stockholders": "-4,729", "Diluted NI Available to Com Stockholders": "-4,729", "Basic EPS": "-", "Diluted EPS": "-", "Basic Average Shares": "-", "Diluted Average Shares": "-", "INTEREST_INCOME_AFTER_PROVISION_FOR_LOAN_LOSS": "15,606", "Net Income from Continuing & Discontinued Operation": "-4,729", "Normalized Income": "-4,729", "Reconciled Depreciation": "1,036", "Net Income from Continuing Operation Net Minority Interest": "-4,729", "Total Unusual Items Excluding Goodwill": "607", "Total Unusual Items": "607", "Tax Rate for Calcs": "0", "Tax Effect of Unusual Items": "0"}, "3/31/2020": {"Duration": "3/31/2020", "Total Revenue": "19,735", "Credit Losses Provision": "-19", "Non Interest Expense": "25,139", "Special Income Charges": "0", "Pretax Income": "-5,423", "Tax Provision": "0", "Net Income Common Stockholders": "-5,423", "Diluted NI Available to Com Stockholders": "-5,423", "Basic EPS": "-1.47", "Diluted EPS": "-1.47", "Basic Average Shares": "3,699", "Diluted Average Shares": "3,699", "INTEREST_INCOME_AFTER_PROVISION_FOR_LOAN_LOSS": "15,977", "Net Income from Continuing & Discontinued Operation": "-5,423", "Normalized Income": "-5,423", "Reconciled Depreciation": "965", "Net Income from Continuing Operation Net Minority Interest": "-5,423", "Total Unusual Items Excluding Goodwill": "0", "Total Unusual Items": "0", "Tax Rate for Calcs": "0", "Tax Effect of Unusual Items": "0"}, "3/31/2019": {"Duration": "3/31/2019", "Total Revenue": "21,331", "Credit Losses Provision": "270", "Non Interest Expense": "28,020", "Special Income Charges": "616", "Pretax Income": "-5,803", "Tax Provision": "133", "Net Income Common Stockholders": "-5,936", "Diluted NI Available to Com Stockholders": "-5,936", "Basic EPS": "-1.60", "Diluted EPS": "-1.60", "Basic Average Shares": "3,699", "Diluted Average Shares": "3,699", "INTEREST_INCOME_AFTER_PROVISION_FOR_LOAN_LOSS": "17,359", "Net Income from Continuing & Discontinued Operation": "-5,936", "Normalized Income": "-6,386", "Reconciled Depreciation": "793", "Net Income from Continuing Operation Net Minority Interest": "-5,936", "Total Unusual Items Excluding Goodwill": "616", "Total Unusual Items": "616", "Tax Rate for Calcs": "0", "Tax Effect of Unusual Items": "166.32"}}, "bs": {"3/31/2020": {"Duration": "3/31/2020", "Total Assets": "578,770", "Total Liabilities Net Minority Interest": "529,876", "Total Equity Gross Minority Interest": "48,894", "Total Capitalization": "62,467", "Preferred Stock Equity": "45,118", "Common Stock Equity": "3,776", "Capital Lease Obligations": "18,153", "Net Tangible Assets": "48,894", "Invested Capital": "17,349", "Tangible Book Value": "3,776", "Total Debt": "31,726", "Share Issued": "3,701", "Ordinary Shares Number": "3,700", "Preferred Shares Number": "45.118", "Treasury Shares Number": "1.944"}, "3/31/2019": {"Duration": "3/31/2019", "Total Assets": "563,713", "Total Liabilities Net Minority Interest": "516,577", "Total Equity Gross Minority Interest": "47,136", "Total Capitalization": "68,539", "Preferred Stock Equity": "45,118", "Common Stock Equity": "2,018", "Capital Lease Obligations": "-", "Net Tangible Assets": "47,136", "Invested Capital": "23,421", "Tangible Book Value": "2,018", "Total Debt": "21,403", "Share Issued": "3,701", "Ordinary Shares Number": "3,699", "Preferred Shares Number": "45.118", "Treasury Shares Number": "1.944"}}, "cf": {"TTM": {"Duration": "TTM", "Operating Cash Flow": "-6,943", "Investing Cash Flow": "-73,700", "Financing Cash Flow": "122,461", "End Cash Position": "79,551", "Income Tax Paid Supplemental Data": "57", "Interest Paid Supplemental Data": "4,228", "Capital Expenditure": "-258", "Free Cash Flow": "-7,201"}, "3/31/2020": {"Duration": "3/31/2020", "Operating Cash Flow": "-31", "Investing Cash Flow": "15,724", "Financing Cash Flow": "619", "End Cash Position": "47,540", "Income Tax Paid Supplemental Data": "53", "Interest Paid Supplemental Data": "4,867", "Capital Expenditure": "-1,286", "Free Cash Flow": "-1,317"}, "3/31/2019": {"Duration": "3/31/2019", "Operating Cash Flow": "-8,765", "Investing Cash Flow": "29,122", "Financing Cash Flow": "-123,687", "End Cash Position": "31,228", "Income Tax Paid Supplemental Data": "123", "Interest Paid Supplemental Data": "5,296", "Capital Expenditure": "-2,880", "Free Cash Flow": "-11,645"}}}}, {"BYFC": {"quote": {"04/04/2021": {"value": "2.3200", "Market Cap": "65.049M", "Beta (5Y Monthly)": "0.99", "PE Ratio (TTM)": "N/A", "EPS (TTM)": "-0.0200", "Earnings Date": "Mar 02, 2021", "Forward Dividend & Yield": "N/A (N/A)", "Ex-Dividend Date": "Apr 08, 2010", "1y Target Est": "N/A"}}, "fin": {"TTM": {"Duration": "TTM", "Total Revenue": "12,829", "Credit Losses Provision": "-323", "Non Interest Expense": "13,019", "Special Income Charges": "-", "Pretax Income": "-513", "Tax Provision": "-383", "Net Income Common Stockholders": "-131", "Diluted NI Available to Com Stockholders": "-131", "Basic EPS": "-", "Diluted EPS": "-", "Basic Average Shares": "-", "Diluted Average Shares": "-", "INTEREST_INCOME_AFTER_PROVISION_FOR_LOAN_LOSS": "11,777", "Net Income from Continuing & Discontinued Operation": "-130", "Normalized Income": "-130", "Reconciled Depreciation": "226", "Net Income from Continuing Operation Net Minority Interest": "-130", "Total Unusual Items Excluding Goodwill": "-", "Total Unusual Items": "-", "Tax Rate for Calcs": "0", "Tax Effect of Unusual Items": "0"}, "12/31/2019": {"Duration": "12/31/2019", "Total Revenue": "11,350", "Credit Losses Provision": "7", "Non Interest Expense": "11,908", "Special Income Charges": "-", "Pretax Income": "-551", "Tax Provision": "-345", "Net Income Common Stockholders": "-206", "Diluted NI Available to Com Stockholders": "-206", "Basic EPS": "-0.01", "Diluted EPS": "-0.01", "Basic Average Shares": "26,834", "Diluted Average Shares": "26,834", "INTEREST_INCOME_AFTER_PROVISION_FOR_LOAN_LOSS": "10,468", "Net Income from Continuing & Discontinued Operation": "-206", "Normalized Income": "-206", "Reconciled Depreciation": "227", "Net Income from Continuing Operation Net Minority Interest": "-206", "Total Unusual Items Excluding Goodwill": "-", "Total Unusual Items": "-", "Tax Rate for Calcs": "0", "Tax Effect of Unusual Items": "0"}, "12/31/2018": {"Duration": "12/31/2018", "Total Revenue": "11,006", "Credit Losses Provision": "1,254", "Non Interest Expense": "11,389", "Special Income Charges": "0", "Pretax Income": "871", "Tax Provision": "56", "Net Income Common Stockholders": "812", "Diluted NI Available to Com Stockholders": "812", "Basic EPS": "0.03", "Diluted EPS": "0.03", "Basic Average Shares": "26,755", "Diluted Average Shares": "26,762", "INTEREST_INCOME_AFTER_PROVISION_FOR_LOAN_LOSS": "11,562", "Net Income from Continuing & Discontinued Operation": "815", "Normalized Income": "815", "Reconciled Depreciation": "241", "Net Income from Continuing Operation Net Minority Interest": "815", "Total Unusual Items Excluding Goodwill": "0", "Total Unusual Items": "0", "Tax Rate for Calcs": "0", "Tax Effect of Unusual Items": "0"}}, "bs": {"12/31/2019": {"Duration": "12/31/2019", "Total Assets": "440,369", "Total Liabilities Net Minority Interest": "391,521", "Total Equity Gross Minority Interest": "48,848", "Total Capitalization": "137,183", "Common Stock Equity": "48,848", "Net Tangible Assets": "48,848", "Invested Capital": "137,183", "Tangible Book Value": "48,848", "Total Debt": "88,335", "Net Debt": "72,769", "Share Issued": "30,486", "Ordinary Shares Number": "27,868", "Treasury Shares Number": "2,618"}, "12/31/2018": {"Duration": "12/31/2018", "Total Assets": "409,397", "Total Liabilities Net Minority Interest": "360,961", "Total Equity Gross Minority Interest": "48,436", "Total Capitalization": "123,536", "Common Stock Equity": "48,436", "Net Tangible Assets": "48,436", "Invested Capital": "123,536", "Tangible Book Value": "48,436", "Total Debt": "75,100", "Net Debt": "58,449", "Share Issued": "30,037", "Ordinary Shares Number": "27,419", "Treasury Shares Number": "2,618"}}, "cf": {"TTM": {"Duration": "TTM", "Operating Cash Flow": "-13,555", "Investing Cash Flow": "50,712", "Financing Cash Flow": "43,386", "End Cash Position": "96,109", "Income Tax Paid Supplemental Data": "8", "Interest Paid Supplemental Data": "5,771", "Capital Expenditure": "-415", "Issuance of Capital Stock": "-", "Issuance of Debt": "60,000", "Repayment of Debt": "-34,520", "Repurchase of Capital Stock": "-", "Free Cash Flow": "-13,970"}, "12/31/2020": {"Duration": "12/31/2020", "Operating Cash Flow": "-13,555", "Investing Cash Flow": "50,712", "Financing Cash Flow": "43,386", "End Cash Position": "96,109", "Income Tax Paid Supplemental Data": "8", "Interest Paid Supplemental Data": "5,771", "Capital Expenditure": "-415", "Issuance of Capital Stock": "-", "Issuance of Debt": "60,000", "Repayment of Debt": "-34,520", "Repurchase of Capital Stock": "-", "Free Cash Flow": "-13,970"}, "12/31/2019": {"Duration": "12/31/2019", "Operating Cash Flow": "8,533", "Investing Cash Flow": "-39,149", "Financing Cash Flow": "29,531", "End Cash Position": "15,566", "Income Tax Paid Supplemental Data": "13", "Interest Paid Supplemental Data": "6,336", "Capital Expenditure": "-41", "Issuance of Capital Stock": "-", "Issuance of Debt": "22,000", "Repayment of Debt": "-8,765", "Repurchase of Capital Stock": "-", "Free Cash Flow": "8,492"}, "12/31/2018": {"Duration": "12/31/2018", "Operating Cash Flow": "234", "Investing Cash Flow": "-818", "Financing Cash Flow": "-4,984", "End Cash Position": "16,651", "Income Tax Paid Supplemental Data": "0", "Interest Paid Supplemental Data": "4,898", "Capital Expenditure": "-77", "Issuance of Capital Stock": "-", "Issuance of Debt": "32,500", "Repayment of Debt": "-27,500", "Repurchase of Capital Stock": "-", "Free Cash Flow": "157"}}}}, {"BSF": {"quote": {"04/04/2021": {"value": "", "Net Assets": "N/A", "Beta (5Y Monthly)": "N/A", "Yield": "N/A", "5y Average Return": "N/A", "Holdings Turnover": "N/A", "Last Dividend": "N/A", "Average for Category": "N/A", "Inception Date": "N/A"}}, "fin": {}, "bs": {}, "cf": {}}}, {"TSBK": {"quote": {"04/04/2021": {"value": "28.87", "Market Cap": "240.181M", "Beta (5Y Monthly)": "1.38", "PE Ratio (TTM)": "9.72", "EPS (TTM)": "2.97", "Earnings Date": "Apr 26, 2021 - Apr 30, 2021", "Forward Dividend & Yield": "0.84 (2.91%)", "Ex-Dividend Date": "Feb 11, 2021", "1y Target Est": "N/A"}}, "fin": {"TTM": {"Duration": "TTM", "Total Revenue": "66,008", "Credit Losses Provision": "-3,500", "Non Interest Expense": "31,394", "Special Income Charges": "-1", "Pretax Income": "31,113", "Tax Provision": "6,206", "Net Income Common Stockholders": "24,907", "Diluted NI Available to Com Stockholders": "24,907", "Basic EPS": "-", "Diluted EPS": "-", "Basic Average Shares": "-", "Diluted Average Shares": "-", "INTEREST_INCOME_AFTER_PROVISION_FOR_LOAN_LOSS": "47,285", "Net Income from Continuing & Discontinued Operation": "24,907", "Normalized Income": "24,908", "Total Money Market Investments": "1,894", "Reconciled Depreciation": "2,892", "Net Income from Continuing Operation Net Minority Interest": "24,907", "Total Unusual Items Excluding Goodwill": "-1", "Total Unusual Items": "-1", "Tax Rate for Calcs": "0", "Tax Effect of Unusual Items": "-0.1995"}, "9/30/2020": {"Duration": "9/30/2020", "Total Revenue": "65,101", "Credit Losses Provision": "-3,700", "Non Interest Expense": "31,192", "Special Income Charges": "98", "Pretax Income": "30,307", "Tax Provision": "6,038", "Net Income Common Stockholders": "24,269", "Diluted NI Available to Com Stockholders": "24,269", "Basic EPS": "2.91", "Diluted EPS": "2.88", "Basic Average Shares": "8,327", "Diluted Average Shares": "8,422", "INTEREST_INCOME_AFTER_PROVISION_FOR_LOAN_LOSS": "47,054", "Net Income from Continuing & Discontinued Operation": "24,269", "Normalized Income": "24,191", "Total Money Market Investments": "2,535", "Reconciled Depreciation": "2,816", "Net Income from Continuing Operation Net Minority Interest": "24,269", "Total Unusual Items Excluding Goodwill": "98", "Total Unusual Items": "98", "Tax Rate for Calcs": "0", "Tax Effect of Unusual Items": "19.502"}, "9/30/2019": {"Duration": "9/30/2019", "Total Revenue": "62,178", "Credit Losses Provision": "0", "Non Interest Expense": "32,250", "Special Income Charges": "-7", "Pretax Income": "29,921", "Tax Provision": "5,901", "Net Income Common Stockholders": "24,020", "Diluted NI Available to Com Stockholders": "24,020", "Basic EPS": "2.89", "Diluted EPS": "2.84", "Basic Average Shares": "8,319", "Diluted Average Shares": "8,468", "INTEREST_INCOME_AFTER_PROVISION_FOR_LOAN_LOSS": "50,998", "Net Income from Continuing & Discontinued Operation": "24,020", "Normalized Income": "24,026", "Total Money Market Investments": "5,172", "Reconciled Depreciation": "2,702", "Net Income from Continuing Operation Net Minority Interest": "24,020", "Total Unusual Items Excluding Goodwill": "-7", "Total Unusual Items": "-7", "Tax Rate for Calcs": "0", "Tax Effect of Unusual Items": "-1.379"}, "9/30/2018": {"Duration": "9/30/2018", "Total Revenue": "48,775", "Credit Losses Provision": "0", "Non Interest Expense": "26,455", "Special Income Charges": "102", "Pretax Income": "22,422", "Tax Provision": "5,701", "Net Income Common Stockholders": "16,721", "Diluted NI Available to Com Stockholders": "16,721", "Basic EPS": "2.28", "Diluted EPS": "2.22", "Basic Average Shares": "7,335", "Diluted Average Shares": "7,526", "INTEREST_INCOME_AFTER_PROVISION_FOR_LOAN_LOSS": "38,935", "Net Income from Continuing & Discontinued Operation": "16,721", "Normalized Income": "16,645", "Total Money Market Investments": "3,198", "Reconciled Depreciation": "1,781", "Net Income from Continuing Operation Net Minority Interest": "16,721", "Total Unusual Items Excluding Goodwill": "102", "Total Unusual Items": "102", "Tax Rate for Calcs": "0", "Tax Effect of Unusual Items": "25.908"}}, "bs": {"9/30/2020": {"Duration": "9/30/2020", "Total Assets": "1,565,978", "Total Liabilities Net Minority Interest": "1,378,348", "Total Equity Gross Minority Interest": "187,630", "Total Capitalization": "197,630", "Common Stock Equity": "187,630", "Capital Lease Obligations": "2,630", "Net Tangible Assets": "167,779", "Invested Capital": "197,630", "Tangible Book Value": "167,779", "Total Debt": "12,630", "Share Issued": "8,311", "Ordinary Shares Number": "8,311"}, "9/30/2019": {"Duration": "9/30/2019", "Total Assets": "1,247,132", "Total Liabilities Net Minority Interest": "1,076,065", "Total Equity Gross Minority Interest": "171,067", "Total Capitalization": "-", "Common Stock Equity": "171,067", "Capital Lease Obligations": "-", "Net Tangible Assets": "151,497", "Invested Capital": "-", "Tangible Book Value": "151,497", "Total Debt": "-", "Share Issued": "8,329", "Ordinary Shares Number": "8,329"}, "9/30/2018": {"Duration": "9/30/2018", "Total Assets": "1,018,290", "Total Liabilities Net Minority Interest": "893,633", "Total Equity Gross Minority Interest": "124,657", "Total Capitalization": "-", "Common Stock Equity": "124,657", "Capital Lease Obligations": "-", "Net Tangible Assets": "116,979", "Invested Capital": "-", "Tangible Book Value": "116,979", "Total Debt": "-", "Share Issued": "7,401", "Ordinary Shares Number": "7,401"}}, "cf": {"TTM": {"Duration": "TTM", "Operating Cash Flow": "25,335", "Investing Cash Flow": "-86,974", "Financing Cash Flow": "293,001", "End Cash Position": "350,213", "Income Tax Paid Supplemental Data": "-", "Interest Paid Supplemental Data": "4,569", "Capital Expenditure": "-1,756", "Issuance of Debt": "-", "Repayment of Debt": "-", "Repurchase of Capital Stock": "-1,296", "Free Cash Flow": "23,579"}, "9/30/2020": {"Duration": "9/30/2020", "Operating Cash Flow": "33,856", "Investing Cash Flow": "-154,668", "Financing Cash Flow": "292,249", "End Cash Position": "314,452", "Income Tax Paid Supplemental Data": "5,522", "Interest Paid Supplemental Data": "4,760", "Capital Expenditure": "-1,986", "Issuance of Debt": "10,000", "Repayment of Debt": "-", "Repurchase of Capital Stock": "-1,238", "Free Cash Flow": "31,870"}, "9/30/2019": {"Duration": "9/30/2019", "Operating Cash Flow": "18,108", "Investing Cash Flow": "-44,547", "Financing Cash Flow": "20,590", "End Cash Position": "143,015", "Income Tax Paid Supplemental Data": "6,593", "Interest Paid Supplemental Data": "4,457", "Capital Expenditure": "-2,151", "Issuance of Debt": "-", "Repayment of Debt": "0", "Repurchase of Capital Stock": "-499", "Free Cash Flow": "15,957"}, "9/30/2018": {"Duration": "9/30/2018", "Operating Cash Flow": "21,450", "Investing Cash Flow": "-68,269", "Financing Cash Flow": "47,495", "End Cash Position": "148,864", "Income Tax Paid Supplemental Data": "4,462", "Interest Paid Supplemental Data": "2,714", "Capital Expenditure": "-2,186", "Issuance of Debt": "-", "Repayment of Debt": "0", "Repurchase of Capital Stock": "0", "Free Cash Flow": "19,264"}}}}, {"NECB": {"quote": {"04/04/2021": {"value": "16.50", "Market Cap": "123.46M", "Beta (5Y Monthly)": "0.75", "PE Ratio (TTM)": "16.18", "EPS (TTM)": "1.02", "Earnings Date": "Feb 03, 2021", "Forward Dividend & Yield": "0.12 (0.73%)", "Ex-Dividend Date": "Apr 08, 2021", "1y Target Est": "N/A"}}, "fin": {}, "bs": {}, "cf": {}}}, {"LSBK": {"quote": {"04/04/2021": {"value": "14.71", "Market Cap": "85.477M", "Beta (5Y Monthly)": "0.61", "PE Ratio (TTM)": "19.10", "EPS (TTM)": "0.77", "Earnings Date": "Jan 29, 2021", "Forward Dividend & Yield": "0.52 (3.47%)", "Ex-Dividend Date": "Feb 25, 2021", "1y Target Est": "N/A"}}, "fin": {"TTM": {"Duration": "TTM", "Total Revenue": "22,924", "Credit Losses Provision": "-1,625", "Non Interest Expense": "15,917", "Pretax Income": "5,382", "Tax Provision": "824", "Net Income Common Stockholders": "4,558", "Diluted NI Available to Com Stockholders": "4,558", "Basic EPS": "-", "Diluted EPS": "-", "Basic Average Shares": "-", "Diluted Average Shares": "-", "INTEREST_INCOME_AFTER_PROVISION_FOR_LOAN_LOSS": "18,307", "Net Income from Continuing & Discontinued Operation": "4,558", "Normalized Income": "4,558", "Reconciled Depreciation": "840", "Net Income from Continuing Operation Net Minority Interest": "4,558", "Tax Rate for Calcs": "0", "Tax Effect of Unusual Items": "0"}, "12/31/2020": {"Duration": "12/31/2020", "Total Revenue": "22,924", "Credit Losses Provision": "-1,625", "Non Interest Expense": "15,917", "Pretax Income": "5,382", "Tax Provision": "824", "Net Income Common Stockholders": "4,558", "Diluted NI Available to Com Stockholders": "4,558", "Basic EPS": "0.77", "Diluted EPS": "0.77", "Basic Average Shares": "5,955", "Diluted Average Shares": "5,955", "INTEREST_INCOME_AFTER_PROVISION_FOR_LOAN_LOSS": "18,307", "Net Income from Continuing & Discontinued Operation": "4,558", "Normalized Income": "4,558", "Reconciled Depreciation": "840", "Net Income from Continuing Operation Net Minority Interest": "4,558", "Tax Rate for Calcs": "0", "Tax Effect of Unusual Items": "0"}, "12/31/2019": {"Duration": "12/31/2019", "Total Revenue": "21,562", "Credit Losses Provision": "-900", "Non Interest Expense": "15,920", "Pretax Income": "4,742", "Tax Provision": "655", "Net Income Common Stockholders": "4,087", "Diluted NI Available to Com Stockholders": "4,087", "Basic EPS": "0.68", "Diluted EPS": "0.68", "Basic Average Shares": "6,010", "Diluted Average Shares": "6,010", "INTEREST_INCOME_AFTER_PROVISION_FOR_LOAN_LOSS": "18,170", "Net Income from Continuing & Discontinued Operation": "4,087", "Normalized Income": "4,087", "Reconciled Depreciation": "809", "Net Income from Continuing Operation Net Minority Interest": "4,087", "Tax Rate for Calcs": "0", "Tax Effect of Unusual Items": "0"}, "12/31/2018": {"Duration": "12/31/2018", "Total Revenue": "20,408", "Credit Losses Provision": "-390", "Non Interest Expense": "15,433", "Pretax Income": "4,585", "Tax Provision": "585", "Net Income Common Stockholders": "4,000", "Diluted NI Available to Com Stockholders": "4,000", "Basic EPS": "0.66", "Diluted EPS": "0.66", "Basic Average Shares": "6,061", "Diluted Average Shares": "6,061", "INTEREST_INCOME_AFTER_PROVISION_FOR_LOAN_LOSS": "17,544", "Net Income from Continuing & Discontinued Operation": "4,000", "Normalized Income": "4,000", "Reconciled Depreciation": "774", "Net Income from Continuing Operation Net Minority Interest": "4,000", "Tax Rate for Calcs": "0", "Tax Effect of Unusual Items": "0"}}, "bs": {"12/31/2020": {"Duration": "12/31/2020", "Total Assets": "686,200", "Total Liabilities Net Minority Interest": "600,276", "Total Equity Gross Minority Interest": "85,924", "Total Capitalization": "115,674", "Common Stock Equity": "85,924", "Net Tangible Assets": "85,924", "Invested Capital": "115,674", "Tangible Book Value": "85,924", "Total Debt": "29,750", "Net Debt": "-", "Share Issued": "6,837", "Ordinary Shares Number": "5,824", "Treasury Shares Number": "1,013"}, "12/31/2019": {"Duration": "12/31/2019", "Total Assets": "610,869", "Total Liabilities Net Minority Interest": "528,029", "Total Equity Gross Minority Interest": "82,840", "Total Capitalization": "117,490", "Common Stock Equity": "82,840", "Net Tangible Assets": "82,840", "Invested Capital": "117,490", "Tangible Book Value": "82,840", "Total Debt": "34,650", "Net Debt": "4,361", "Share Issued": "6,837", "Ordinary Shares Number": "5,924", "Treasury Shares Number": "912.175"}, "12/31/2018": {"Duration": "12/31/2018", "Total Assets": "545,708", "Total Liabilities Net Minority Interest": "465,904", "Total Equity Gross Minority Interest": "79,804", "Total Capitalization": "104,454", "Common Stock Equity": "79,804", "Net Tangible Assets": "79,804", "Invested Capital": "104,454", "Tangible Book Value": "79,804", "Total Debt": "24,650", "Net Debt": "12,526", "Share Issued": "6,828", "Ordinary Shares Number": "6,005", "Treasury Shares Number": "823.077"}}, "cf": {"TTM": {"Duration": "TTM", "Operating Cash Flow": "5,603", "Investing Cash Flow": "-62,137", "Financing Cash Flow": "69,220", "End Cash Position": "42,975", "Income Tax Paid Supplemental Data": "1,101", "Interest Paid Supplemental Data": "4,413", "Capital Expenditure": "-399", "Issuance of Debt": "1,200", "Repayment of Debt": "-6,100", "Repurchase of Capital Stock": "-1,593", "Free Cash Flow": "5,204"}, "12/31/2020": {"Duration": "12/31/2020", "Operating Cash Flow": "5,603", "Investing Cash Flow": "-62,137", "Financing Cash Flow": "69,220", "End Cash Position": "42,975", "Income Tax Paid Supplemental Data": "1,101", "Interest Paid Supplemental Data": "4,413", "Capital Expenditure": "-399", "Issuance of Debt": "1,200", "Repayment of Debt": "-6,100", "Repurchase of Capital Stock": "-1,593", "Free Cash Flow": "5,204"}, "12/31/2019": {"Duration": "12/31/2019", "Operating Cash Flow": "5,836", "Investing Cash Flow": "-64,730", "Financing Cash Flow": "58,432", "End Cash Position": "30,289", "Income Tax Paid Supplemental Data": "770", "Interest Paid Supplemental Data": "5,181", "Capital Expenditure": "-810", "Issuance of Debt": "16,250", "Repayment of Debt": "-6,250", "Repurchase of Capital Stock": "-1,419", "Free Cash Flow": "5,026"}, "12/31/2018": {"Duration": "12/31/2018", "Operating Cash Flow": "6,114", "Investing Cash Flow": "-39,087", "Financing Cash Flow": "22,811", "End Cash Position": "30,751", "Income Tax Paid Supplemental Data": "-", "Interest Paid Supplemental Data": "-", "Capital Expenditure": "-818", "Issuance of Debt": "1,500", "Repayment of Debt": "-3,800", "Repurchase of Capital Stock": "-1,448", "Free Cash Flow": "5,296"}}}}, {"GCBC": {"quote": {"04/04/2021": {"value": "25.23", "Market Cap": "214.793M", "Beta (5Y Monthly)": "0.51", "PE Ratio (TTM)": "10.84", "EPS (TTM)": "2.33", "Earnings Date": "Apr 22, 2021 - Apr 26, 2021", "Forward Dividend & Yield": "0.48 (1.90%)", "Ex-Dividend Date": "Feb 11, 2021", "1y Target Est": "N/A"}}, "fin": {"TTM": {"Duration": "TTM", "Total Revenue": "57,387", "Credit Losses Provision": "-5,169", "Non Interest Expense": "29,538", "Pretax Income": "22,680", "Tax Provision": "2,859", "Net Income Common Stockholders": "19,821", "Diluted NI Available to Com Stockholders": "19,821", "Basic EPS": "-", "Diluted EPS": "-", "Basic Average Shares": "-", "Diluted Average Shares": "-", "INTEREST_INCOME_AFTER_PROVISION_FOR_LOAN_LOSS": "43,678", "Net Income from Continuing & Discontinued Operation": "19,821", "Normalized Income": "19,821", "Total Money Market Investments": "245", "Reconciled Depreciation": "712", "Net Income from Continuing Operation Net Minority Interest": "19,821", "Tax Rate for Calcs": "0", "Tax Effect of Unusual Items": "0"}, "6/30/2020": {"Duration": "6/30/2020", "Total Revenue": "53,483", "Credit Losses Provision": "-3,905", "Non Interest Expense": "27,822", "Pretax Income": "21,756", "Tax Provision": "3,029", "Net Income Common Stockholders": "18,727", "Diluted NI Available to Com Stockholders": "18,727", "Basic EPS": "2.20", "Diluted EPS": "2.20", "Basic Average Shares": "8,530", "Diluted Average Shares": "8,530", "INTEREST_INCOME_AFTER_PROVISION_FOR_LOAN_LOSS": "40,928", "Net Income from Continuing & Discontinued Operation": "18,727", "Normalized Income": "18,727", "Total Money Market Investments": "622", "Reconciled Depreciation": "713", "Net Income from Continuing Operation Net Minority Interest": "18,727", "Tax Rate for Calcs": "0", "Tax Effect of Unusual Items": "0"}, "6/30/2019": {"Duration": "6/30/2019", "Total Revenue": "48,361", "Credit Losses Provision": "-1,659", "Non Interest Expense": "25,676", "Pretax Income": "21,026", "Tax Provision": "3,542", "Net Income Common Stockholders": "17,484", "Diluted NI Available to Com Stockholders": "17,484", "Basic EPS": "2.05", "Diluted EPS": "2.05", "Basic Average Shares": "8,538", "Diluted Average Shares": "8,538", "INTEREST_INCOME_AFTER_PROVISION_FOR_LOAN_LOSS": "38,341", "Net Income from Continuing & Discontinued Operation": "17,484", "Normalized Income": "17,484", "Total Money Market Investments": "452", "Reconciled Depreciation": "638", "Net Income from Continuing Operation Net Minority Interest": "17,484", "Tax Rate for Calcs": "0", "Tax Effect of Unusual Items": "0"}, "6/30/2018": {"Duration": "6/30/2018", "Total Revenue": "42,395", "Credit Losses Provision": "-1,530", "Non Interest Expense": "22,362", "Pretax Income": "18,503", "Tax Provision": "4,095", "Net Income Common Stockholders": "14,408", "Diluted NI Available to Com Stockholders": "14,408", "Basic EPS": "1.69", "Diluted EPS": "1.69", "Basic Average Shares": "8,514", "Diluted Average Shares": "8,535", "INTEREST_INCOME_AFTER_PROVISION_FOR_LOAN_LOSS": "33,384", "Net Income from Continuing & Discontinued Operation": "14,408", "Normalized Income": "14,408", "Total Money Market Investments": "352", "Reconciled Depreciation": "635", "Net Income from Continuing Operation Net Minority Interest": "14,408", "Tax Rate for Calcs": "0", "Tax Effect of Unusual Items": "0"}}, "bs": {"6/30/2020": {"Duration": "6/30/2020", "Total Assets": "1,676,803", "Total Liabilities Net Minority Interest": "1,547,998", "Total Equity Gross Minority Interest": "128,805", "Total Capitalization": "136,405", "Common Stock Equity": "128,805", "Net Tangible Assets": "128,805", "Invested Capital": "154,289", "Tangible Book Value": "128,805", "Total Debt": "25,484", "Net Debt": "-", "Share Issued": "8,611", "Ordinary Shares Number": "8,513", "Treasury Shares Number": "97.926"}, "6/30/2019": {"Duration": "6/30/2019", "Total Assets": "1,269,462", "Total Liabilities Net Minority Interest": "1,157,093", "Total Equity Gross Minority Interest": "112,369", "Total Capitalization": "125,969", "Common Stock Equity": "112,369", "Net Tangible Assets": "112,369", "Invested Capital": "133,969", "Tangible Book Value": "112,369", "Total Debt": "21,600", "Net Debt": "-", "Share Issued": "8,611", "Ordinary Shares Number": "8,538", "Treasury Shares Number": "73.526"}, "6/30/2018": {"Duration": "6/30/2018", "Total Assets": "1,151,478", "Total Liabilities Net Minority Interest": "1,055,287", "Total Equity Gross Minority Interest": "96,191", "Total Capitalization": "114,341", "Common Stock Equity": "96,191", "Net Tangible Assets": "96,191", "Invested Capital": "114,341", "Tangible Book Value": "96,191", "Total Debt": "18,150", "Net Debt": "-", "Share Issued": "8,611", "Ordinary Shares Number": "8,538", "Treasury Shares Number": "73.526"}}, "cf": {"TTM": {"Duration": "TTM", "Operating Cash Flow": "26,795", "Investing Cash Flow": "-401,178", "Financing Cash Flow": "396,865", "End Cash Position": "57,024", "Income Tax Paid Supplemental Data": "3,915", "Interest Paid Supplemental Data": "6,715", "Capital Expenditure": "-1,491", "Issuance of Debt": "-3,415", "Repayment of Debt": "-32,384", "Repurchase of Capital Stock": "-593", "Free Cash Flow": "25,304"}, "6/30/2020": {"Duration": "6/30/2020", "Operating Cash Flow": "26,723", "Investing Cash Flow": "-397,319", "Financing Cash Flow": "381,521", "End Cash Position": "40,463", "Income Tax Paid Supplemental Data": "3,119", "Interest Paid Supplemental Data": "8,472", "Capital Expenditure": "-1,116", "Issuance of Debt": "17,884", "Repayment of Debt": "-14,000", "Repurchase of Capital Stock": "-631", "Free Cash Flow": "25,607"}, "6/30/2019": {"Duration": "6/30/2019", "Operating Cash Flow": "21,625", "Investing Cash Flow": "-115,339", "Financing Cash Flow": "96,748", "End Cash Position": "29,538", "Income Tax Paid Supplemental Data": "4,400", "Interest Paid Supplemental Data": "6,286", "Capital Expenditure": "-589", "Issuance of Debt": "950", "Repayment of Debt": "-5,500", "Repurchase of Capital Stock": "-", "Free Cash Flow": "21,036"}, "6/30/2018": {"Duration": "6/30/2018", "Operating Cash Flow": "20,672", "Investing Cash Flow": "-163,378", "Financing Cash Flow": "152,933", "End Cash Position": "26,504", "Income Tax Paid Supplemental Data": "2,325", "Interest Paid Supplemental Data": "4,018", "Capital Expenditure": "-324", "Issuance of Debt": "0", "Repayment of Debt": "-4,500", "Repurchase of Capital Stock": "-", "Free Cash Flow": "20,348"}}}}, {"DCOM": {"quote": {"04/04/2021": {"value": "30.05", "Market Cap": "1.247B", "Beta (5Y Monthly)": "1.16", "PE Ratio (TTM)": "16.17", "EPS (TTM)": "1.86", "Earnings Date": "Apr 26, 2021 - Apr 30, 2021", "Forward Dividend & Yield": "0.96 (3.19%)", "Ex-Dividend Date": "Feb 04, 2021", "1y Target Est": "31.25"}}, "fin": {"TTM": {"Duration": "TTM", "Total Revenue": "180,484", "Credit Losses Provision": "-11,500", "Non Interest Expense": "108,805", "Special Income Charges": "-4,452", "Pretax Income": "55,727", "Tax Provision": "13,685", "Net Income Common Stockholders": "41,170", "Diluted NI Available to Com Stockholders": "41,170", "Basic EPS": "-", "Diluted EPS": "-", "Basic Average Shares": "-", "Diluted Average Shares": "-", "INTEREST_INCOME_AFTER_PROVISION_FOR_LOAN_LOSS": "149,281", "Net Income from Continuing & Discontinued Operation": "42,042", "Normalized Income": "45,399", "Total Money Market Investments": "673", "Reconciled Depreciation": "4,975", "Net Income from Continuing Operation Net Minority Interest": "42,042", "Total Unusual Items Excluding Goodwill": "-4,452", "Total Unusual Items": "-4,452", "Tax Rate for Calcs": "0", "Tax Effect of Unusual Items": "-1,095"}, "12/31/2020": {"Duration": "12/31/2020", "Total Revenue": "180,484", "Credit Losses Provision": "-11,500", "Non Interest Expense": "108,805", "Special Income Charges": "-4,452", "Pretax Income": "55,727", "Tax Provision": "13,685", "Net Income Common Stockholders": "41,170", "Diluted NI Available to Com Stockholders": "41,170", "Basic EPS": "-", "Diluted EPS": "-", "Basic Average Shares": "-", "Diluted Average Shares": "-", "INTEREST_INCOME_AFTER_PROVISION_FOR_LOAN_LOSS": "149,281", "Net Income from Continuing & Discontinued Operation": "42,042", "Normalized Income": "45,399", "Total Money Market Investments": "673", "Reconciled Depreciation": "4,975", "Net Income from Continuing Operation Net Minority Interest": "42,042", "Total Unusual Items Excluding Goodwill": "-4,452", "Total Unusual Items": "-4,452", "Tax Rate for Calcs": "0", "Tax Effect of Unusual Items": "-1,095"}, "12/31/2019": {"Duration": "12/31/2019", "Total Revenue": "159,589", "Credit Losses Provision": "-17,340", "Non Interest Expense": "91,607", "Special Income Charges": "-3,780", "Pretax Income": "46,862", "Tax Provision": "10,676", "Net Income Common Stockholders": "36,002", "Diluted NI Available to Com Stockholders": "36,002", "Basic EPS": "1.01", "Diluted EPS": "1.01", "Basic Average Shares": "35,828", "Diluted Average Shares": "35,828", "INTEREST_INCOME_AFTER_PROVISION_FOR_LOAN_LOSS": "130,081", "Net Income from Continuing & Discontinued Operation": "36,186", "Normalized Income": "39,105", "Total Money Market Investments": "-", "Reconciled Depreciation": "5,075", "Net Income from Continuing Operation Net Minority Interest": "36,186", "Total Unusual Items Excluding Goodwill": "-3,780", "Total Unusual Items": "-3,780", "Tax Rate for Calcs": "0", "Tax Effect of Unusual Items": "-861.084"}, "12/31/2018": {"Duration": "12/31/2018", "Total Revenue": "155,849", "Credit Losses Provision": "-2,244", "Non Interest Expense": "86,890", "Special Income Charges": "0", "Pretax Income": "66,715", "Tax Provision": "15,427", "Net Income Common Stockholders": "51,128", "Diluted NI Available to Com Stockholders": "51,128", "Basic EPS": "1.38", "Diluted EPS": "1.38", "Basic Average Shares": "37,088", "Diluted Average Shares": "37,088", "INTEREST_INCOME_AFTER_PROVISION_FOR_LOAN_LOSS": "144,082", "Net Income from Continuing & Discontinued Operation": "51,288", "Normalized Income": "51,288", "Total Money Market Investments": "-", "Reconciled Depreciation": "4,965", "Net Income from Continuing Operation Net Minority Interest": "51,288", "Total Unusual Items Excluding Goodwill": "0", "Total Unusual Items": "0", "Tax Rate for Calcs": "0", "Tax Effect of Unusual Items": "0"}}, "bs": {"12/31/2020": {"Duration": "12/31/2020", "Total Assets": "6,434,296", "Total Liabilities Net Minority Interest": "5,916,465", "Total Equity Gross Minority Interest": "517,831", "Total Capitalization": "811,890", "Common Stock Equity": "517,831", "Capital Lease Obligations": "46,713", "Net Tangible Assets": "408,503", "Invested Capital": "811,890", "Tangible Book Value": "408,503", "Total Debt": "340,772", "Net Debt": "-", "Share Issued": "19,952", "Ordinary Shares Number": "19,744", "Treasury Shares Number": "208.245"}, "12/31/2019": {"Duration": "12/31/2019", "Total Assets": "6,354,460", "Total Liabilities Net Minority Interest": "5,757,702", "Total Equity Gross Minority Interest": "596,758", "Total Capitalization": "1,912,914", "Common Stock Equity": "596,758", "Capital Lease Obligations": "44,098", "Net Tangible Assets": "541,120", "Invested Capital": "1,912,914", "Tangible Book Value": "541,120", "Total Debt": "1,360,254", "Net Debt": "1,160,668", "Share Issued": "53,721", "Ordinary Shares Number": "35,155", "Treasury Shares Number": "18,567"}, "12/31/2018": {"Duration": "12/31/2018", "Total Assets": "6,320,578", "Total Liabilities Net Minority Interest": "5,718,497", "Total Equity Gross Minority Interest": "602,081", "Total Capitalization": "1,841,190", "Common Stock Equity": "602,081", "Capital Lease Obligations": "-", "Net Tangible Assets": "546,443", "Invested Capital": "1,841,190", "Tangible Book Value": "546,443", "Total Debt": "1,239,109", "Net Debt": "1,091,853", "Share Issued": "53,691", "Ordinary Shares Number": "36,081", "Treasury Shares Number": "17,609"}}, "cf": {"TTM": {"Duration": "TTM", "Operating Cash Flow": "47,387", "Investing Cash Flow": "-716,840", "Financing Cash Flow": "1,429,087", "End Cash Position": "876,828", "Income Tax Paid Supplemental Data": "24,037", "Interest Paid Supplemental Data": "12,457", "Capital Expenditure": "-5,129", "Issuance of Capital Stock": "1,267", "Issuance of Debt": "7,404,520", "Repayment of Debt": "-7,555,420", "Repurchase of Capital Stock": "-4,633", "Free Cash Flow": "42,258"}, "12/31/2020": {"Duration": "12/31/2020", "Operating Cash Flow": "47,387", "Investing Cash Flow": "-716,840", "Financing Cash Flow": "1,429,087", "End Cash Position": "876,828", "Income Tax Paid Supplemental Data": "24,037", "Interest Paid Supplemental Data": "12,457", "Capital Expenditure": "-5,129", "Issuance of Capital Stock": "1,267", "Issuance of Debt": "-", "Repayment of Debt": "-", "Repurchase of Capital Stock": "-4,633", "Free Cash Flow": "42,258"}, "12/31/2019": {"Duration": "12/31/2019", "Operating Cash Flow": "68,491", "Investing Cash Flow": "-10,365", "Financing Cash Flow": "-49,894", "End Cash Position": "155,488", "Income Tax Paid Supplemental Data": "11,944", "Interest Paid Supplemental Data": "92,707", "Capital Expenditure": "-1,719", "Issuance of Capital Stock": "-", "Issuance of Debt": "4,594,450", "Repayment of Debt": "-4,517,550", "Repurchase of Capital Stock": "-24,191", "Free Cash Flow": "66,772"}, "12/31/2018": {"Duration": "12/31/2018", "Operating Cash Flow": "64,305", "Investing Cash Flow": "48,333", "Financing Cash Flow": "-134,837", "End Cash Position": "147,256", "Income Tax Paid Supplemental Data": "8,428", "Interest Paid Supplemental Data": "74,297", "Capital Expenditure": "-4,290", "Issuance of Capital Stock": "-", "Issuance of Debt": "3,606,950", "Repayment of Debt": "-3,651,600", "Repurchase of Capital Stock": "-25,881", "Free Cash Flow": "60,015"}}}}, {"HFBL": {"quote": {"04/04/2021": {"value": "16.49", "Market Cap": "55.736M", "Beta (5Y Monthly)": "0.60", "PE Ratio (TTM)": "12.15", "EPS (TTM)": "1.36", "Earnings Date": "Jan 28, 2021", "Forward Dividend & Yield": "0.33 (2.05%)", "Ex-Dividend Date": "Jan 29, 2021", "1y Target Est": "N/A"}}, "fin": {"TTM": {"Duration": "TTM", "Total Revenue": "20,762", "Credit Losses Provision": "-2,066", "Non Interest Expense": "12,787", "Pretax Income": "5,909", "Tax Provision": "1,244", "Net Income Common Stockholders": "4,665", "Diluted NI Available to Com Stockholders": "4,665", "Basic EPS": "-", "Diluted EPS": "-", "Basic Average Shares": "-", "Diluted Average Shares": "-", "INTEREST_INCOME_AFTER_PROVISION_FOR_LOAN_LOSS": "13,991", "Net Income from Continuing & Discontinued Operation": "4,665", "Normalized Income": "4,665", "Reconciled Depreciation": "663", "Net Income from Continuing Operation Net Minority Interest": "4,665", "Total Unusual Items Excluding Goodwill": "79", "Total Unusual Items": "79", "Tax Rate for Calcs": "0", "Tax Effect of Unusual Items": "0"}, "6/30/2020": {"Duration": "6/30/2020", "Total Revenue": "18,764", "Credit Losses Provision": "-1,891", "Non Interest Expense": "12,066", "Pretax Income": "4,807", "Tax Provision": "957", "Net Income Common Stockholders": "3,850", "Diluted NI Available to Com Stockholders": "3,850", "Basic EPS": "1.15", "Diluted EPS": "1.07", "Basic Average Shares": "3,364", "Diluted Average Shares": "3,595", "INTEREST_INCOME_AFTER_PROVISION_FOR_LOAN_LOSS": "13,291", "Net Income from Continuing & Discontinued Operation": "3,850", "Normalized Income": "3,850", "Reconciled Depreciation": "653", "Net Income from Continuing Operation Net Minority Interest": "3,850", "Total Unusual Items Excluding Goodwill": "-", "Total Unusual Items": "-", "Tax Rate for Calcs": "0", "Tax Effect of Unusual Items": "0"}, "6/30/2019": {"Duration": "6/30/2019", "Total Revenue": "17,409", "Credit Losses Provision": "-600", "Non Interest Expense": "10,783", "Pretax Income": "6,026", "Tax Provision": "1,283", "Net Income Common Stockholders": "4,743", "Diluted NI Available to Com Stockholders": "4,743", "Basic EPS": "1.34", "Diluted EPS": "1.25", "Basic Average Shares": "3,535", "Diluted Average Shares": "3,788", "INTEREST_INCOME_AFTER_PROVISION_FOR_LOAN_LOSS": "14,714", "Net Income from Continuing & Discontinued Operation": "4,743", "Normalized Income": "5,015", "Reconciled Depreciation": "536", "Net Income from Continuing Operation Net Minority Interest": "4,743", "Total Unusual Items Excluding Goodwill": "-345", "Total Unusual Items": "-345", "Tax Rate for Calcs": "0", "Tax Effect of Unusual Items": "-73.485"}, "6/30/2018": {"Duration": "6/30/2018", "Total Revenue": "17,647", "Credit Losses Provision": "-1,050", "Non Interest Expense": "10,777", "Pretax Income": "5,820", "Tax Provision": "2,252", "Net Income Common Stockholders": "3,568", "Diluted NI Available to Com Stockholders": "3,568", "Basic EPS": "1.03", "Diluted EPS": "0.96", "Basic Average Shares": "3,470", "Diluted Average Shares": "3,693", "INTEREST_INCOME_AFTER_PROVISION_FOR_LOAN_LOSS": "13,878", "Net Income from Continuing & Discontinued Operation": "3,568", "Normalized Income": "3,569", "Reconciled Depreciation": "503", "Net Income from Continuing Operation Net Minority Interest": "3,568", "Total Unusual Items Excluding Goodwill": "-1", "Total Unusual Items": "-1", "Tax Rate for Calcs": "0", "Tax Effect of Unusual Items": "-0.387"}}, "bs": {"6/30/2020": {"Duration": "6/30/2020", "Total Assets": "518,220", "Total Liabilities Net Minority Interest": "467,685", "Total Equity Gross Minority Interest": "50,535", "Total Capitalization": "51,402", "Common Stock Equity": "50,535", "Net Tangible Assets": "50,535", "Invested Capital": "53,895", "Tangible Book Value": "50,535", "Total Debt": "3,360", "Net Debt": "-", "Share Issued": "3,449", "Ordinary Shares Number": "3,449"}, "6/30/2019": {"Duration": "6/30/2019", "Total Assets": "442,453", "Total Liabilities Net Minority Interest": "392,111", "Total Equity Gross Minority Interest": "50,342", "Total Capitalization": "51,402", "Common Stock Equity": "50,342", "Net Tangible Assets": "50,342", "Invested Capital": "52,147", "Tangible Book Value": "50,342", "Total Debt": "1,805", "Net Debt": "-", "Share Issued": "3,691", "Ordinary Shares Number": "3,691"}, "6/30/2018": {"Duration": "6/30/2018", "Total Assets": "421,650", "Total Liabilities Net Minority Interest": "374,613", "Total Equity Gross Minority Interest": "47,037", "Total Capitalization": "53,392", "Common Stock Equity": "47,037", "Net Tangible Assets": "47,037", "Invested Capital": "58,974", "Tangible Book Value": "47,037", "Total Debt": "11,937", "Net Debt": "4,870", "Share Issued": "3,788", "Ordinary Shares Number": "3,788"}}, "cf": {"TTM": {"Duration": "TTM", "Operating Cash Flow": "-7,333", "Investing Cash Flow": "-995", "Financing Cash Flow": "73,227", "End Cash Position": "79,795", "Income Tax Paid Supplemental Data": "1,105", "Interest Paid Supplemental Data": "5,242", "Capital Expenditure": "-2,253", "Issuance of Debt": "2,800", "Repayment of Debt": "-1,802", "Repurchase of Capital Stock": "-3,530", "Free Cash Flow": "-9,586"}, "6/30/2020": {"Duration": "6/30/2020", "Operating Cash Flow": "200", "Investing Cash Flow": "-32,510", "Financing Cash Flow": "69,073", "End Cash Position": "54,871", "Income Tax Paid Supplemental Data": "760", "Interest Paid Supplemental Data": "5,161", "Capital Expenditure": "-970", "Issuance of Debt": "2,300", "Repayment of Debt": "-745", "Repurchase of Capital Stock": "-4,142", "Free Cash Flow": "-770"}, "6/30/2019": {"Duration": "6/30/2019", "Operating Cash Flow": "4,858", "Investing Cash Flow": "-17,491", "Financing Cash Flow": "14,874", "End Cash Position": "18,108", "Income Tax Paid Supplemental Data": "1,286", "Interest Paid Supplemental Data": "3,584", "Capital Expenditure": "-2,611", "Issuance of Debt": "900", "Repayment of Debt": "-11,032", "Repurchase of Capital Stock": "-2,447", "Free Cash Flow": "2,247"}, "6/30/2018": {"Duration": "6/30/2018", "Operating Cash Flow": "13,104", "Investing Cash Flow": "-761", "Financing Cash Flow": "-8,381", "End Cash Position": "15,867", "Income Tax Paid Supplemental Data": "1,576", "Interest Paid Supplemental Data": "3,485", "Capital Expenditure": "-516", "Issuance of Debt": "184,276", "Repayment of Debt": "-221,246", "Repurchase of Capital Stock": "-1,955", "Free Cash Flow": "12,588"}}}}, {"COLB": {"quote": {"04/04/2021": {"value": "43.16", "Market Cap": "3.092B", "Beta (5Y Monthly)": "0.95", "PE Ratio (TTM)": "19.92", "EPS (TTM)": "2.17", "Earnings Date": "Apr 28, 2021 - May 03, 2021", "Forward Dividend & Yield": "1.12 (2.59%)", "Ex-Dividend Date": "Feb 09, 2021", "1y Target Est": "43.20"}}, "fin": {"TTM": {"Duration": "TTM", "Total Revenue": "604,926", "Credit Losses Provision": "-77,700", "Non Interest Expense": "334,834", "Special Income Charges": "-", "Pretax Income": "192,392", "Tax Provision": "38,148", "Net Income Common Stockholders": "153,532", "Diluted NI Available to Com Stockholders": "153,532", "Basic EPS": "-", "Diluted EPS": "-", "Basic Average Shares": "-", "Diluted Average Shares": "-", "INTEREST_INCOME_AFTER_PROVISION_FOR_LOAN_LOSS": "422,411", "Net Income from Continuing & Discontinued Operation": "154,244", "Normalized Income": "153,991", "Total Money Market Investments": "661", "Reconciled Depreciation": "14,893", "Net Income from Continuing Operation Net Minority Interest": "154,244", "Total Unusual Items Excluding Goodwill": "315", "Total Unusual Items": "315", "Tax Rate for Calcs": "0", "Tax Effect of Unusual Items": "62.459"}, "12/31/2020": {"Duration": "12/31/2020", "Total Revenue": "604,926", "Credit Losses Provision": "-77,700", "Non Interest Expense": "334,834", "Special Income Charges": "-", "Pretax Income": "192,392", "Tax Provision": "38,148", "Net Income Common Stockholders": "153,532", "Diluted NI Available to Com Stockholders": "153,532", "Basic EPS": "-", "Diluted EPS": "-", "Basic Average Shares": "-", "Diluted Average Shares": "-", "INTEREST_INCOME_AFTER_PROVISION_FOR_LOAN_LOSS": "422,411", "Net Income from Continuing & Discontinued Operation": "154,244", "Normalized Income": "153,991", "Total Money Market Investments": "661", "Reconciled Depreciation": "14,893", "Net Income from Continuing Operation Net Minority Interest": "154,244", "Total Unusual Items Excluding Goodwill": "315", "Total Unusual Items": "315", "Tax Rate for Calcs": "0", "Tax Effect of Unusual Items": "62.459"}, "12/31/2019": {"Duration": "12/31/2019", "Total Revenue": "591,278", "Credit Losses Provision": "-3,493", "Non Interest Expense": "346,174", "Special Income Charges": "0", "Pretax Income": "241,611", "Tax Provision": "47,160", "Net Income Common Stockholders": "192,921", "Diluted NI Available to Com Stockholders": "192,921", "Basic EPS": "2.68", "Diluted EPS": "2.68", "Basic Average Shares": "71,999", "Diluted Average Shares": "72,032", "INTEREST_INCOME_AFTER_PROVISION_FOR_LOAN_LOSS": "489,912", "Net Income from Continuing & Discontinued Operation": "194,451", "Normalized Income": "193,897", "Total Money Market Investments": "1,312", "Reconciled Depreciation": "34,213", "Net Income from Continuing Operation Net Minority Interest": "194,451", "Total Unusual Items Excluding Goodwill": "692", "Total Unusual Items": "692", "Tax Rate for Calcs": "0", "Tax Effect of Unusual Items": "138.4"}, "12/31/2018": {"Duration": "12/31/2018", "Total Revenue": "565,877", "Credit Losses Provision": "-14,769", "Non Interest Expense": "339,272", "Special Income Charges": "0", "Pretax Income": "211,836", "Tax Provision": "38,954", "Net Income Common Stockholders": "172,882", "Diluted NI Available to Com Stockholders": "172,882", "Basic EPS": "2.36", "Diluted EPS": "2.36", "Basic Average Shares": "72,385", "Diluted Average Shares": "72,390", "INTEREST_INCOME_AFTER_PROVISION_FOR_LOAN_LOSS": "464,070", "Net Income from Continuing & Discontinued Operation": "172,882", "Normalized Income": "173,881", "Total Money Market Investments": "702", "Reconciled Depreciation": "32,971", "Net Income from Continuing Operation Net Minority Interest": "172,882", "Total Unusual Items Excluding Goodwill": "-1,218", "Total Unusual Items": "-1,218", "Tax Rate for Calcs": "0", "Tax Effect of Unusual Items": "-219.24"}}, "bs": {"12/31/2020": {"Duration": "12/31/2020", "Total Assets": "16,584,779", "Total Liabilities Net Minority Interest": "14,237,172", "Total Equity Gross Minority Interest": "2,347,607", "Total Capitalization": "2,390,113", "Common Stock Equity": "2,347,607", "Net Tangible Assets": "1,555,031", "Invested Capital": "2,390,113", "Tangible Book Value": "1,555,031", "Total Debt": "42,506", "Net Debt": "-", "Share Issued": "73,782", "Ordinary Shares Number": "71,598", "Treasury Shares Number": "2,184"}, "12/31/2019": {"Duration": "12/31/2019", "Total Assets": "14,079,524", "Total Liabilities Net Minority Interest": "11,919,562", "Total Equity Gross Minority Interest": "2,159,962", "Total Capitalization": "3,148,708", "Common Stock Equity": "2,159,962", "Net Tangible Assets": "1,358,662", "Invested Capital": "3,148,708", "Tangible Book Value": "1,358,662", "Total Debt": "988,746", "Net Debt": "741,073", "Share Issued": "73,577", "Ordinary Shares Number": "72,124", "Treasury Shares Number": "1,453"}, "12/31/2018": {"Duration": "12/31/2018", "Total Assets": "13,095,145", "Total Liabilities Net Minority Interest": "11,061,496", "Total Equity Gross Minority Interest": "2,033,649", "Total Capitalization": "2,468,634", "Common Stock Equity": "2,033,649", "Net Tangible Assets": "1,221,870", "Invested Capital": "2,468,634", "Tangible Book Value": "1,221,870", "Total Debt": "434,985", "Net Debt": "157,398", "Share Issued": "73,249", "Ordinary Shares Number": "73,249", "Treasury Shares Number": "-"}}, "cf": {"TTM": {"Duration": "TTM", "Operating Cash Flow": "192,292", "Investing Cash Flow": "-1,918,785", "Financing Cash Flow": "2,132,586", "End Cash Position": "653,766", "Income Tax Paid Supplemental Data": "43,287", "Interest Paid Supplemental Data": "18,631", "Capital Expenditure": "-8,720", "Issuance of Debt": "1,562,232", "Repayment of Debt": "-2,508,232", "Repurchase of Capital Stock": "-22,522", "Free Cash Flow": "183,572"}, "12/31/2020": {"Duration": "12/31/2020", "Operating Cash Flow": "192,292", "Investing Cash Flow": "-1,918,785", "Financing Cash Flow": "2,132,586", "End Cash Position": "653,766", "Income Tax Paid Supplemental Data": "43,287", "Interest Paid Supplemental Data": "18,631", "Capital Expenditure": "-8,720", "Issuance of Debt": "1,562,232", "Repayment of Debt": "-2,508,232", "Repurchase of Capital Stock": "-22,522", "Free Cash Flow": "183,572"}, "12/31/2019": {"Duration": "12/31/2019", "Operating Cash Flow": "204,747", "Investing Cash Flow": "-865,450", "Financing Cash Flow": "630,789", "End Cash Position": "247,673", "Income Tax Paid Supplemental Data": "47,375", "Interest Paid Supplemental Data": "35,916", "Capital Expenditure": "-8,447", "Issuance of Debt": "6,881,100", "Repayment of Debt": "-6,327,100", "Repurchase of Capital Stock": "-53,626", "Free Cash Flow": "196,300"}, "12/31/2018": {"Duration": "12/31/2018", "Operating Cash Flow": "237,201", "Investing Cash Flow": "-506,083", "Financing Cash Flow": "203,936", "End Cash Position": "277,587", "Income Tax Paid Supplemental Data": "24,067", "Interest Paid Supplemental Data": "18,066", "Capital Expenditure": "-11,328", "Issuance of Debt": "4,941,010", "Repayment of Debt": "-4,561,258", "Repurchase of Capital Stock": "-2,677", "Free Cash Flow": "225,873"}}}}, {"PBHC": {"quote": {"04/04/2021": {"value": "14.14", "Market Cap": "64.203M", "Beta (5Y Monthly)": "0.06", "PE Ratio (TTM)": "12.09", "EPS (TTM)": "1.17", "Earnings Date": "Feb 01, 2021", "Forward Dividend & Yield": "0.28 (1.93%)", "Ex-Dividend Date": "Apr 14, 2021", "1y Target Est": "N/A"}}, "fin": {"TTM": {"Duration": "TTM", "Total Revenue": "37,385", "Credit Losses Provision": "-4,707", "Non Interest Expense": "24,337", "Pretax Income": "8,341", "Tax Provision": "1,295", "Net Income Common Stockholders": "5,405", "Diluted NI Available to Com Stockholders": "5,405", "Basic EPS": "-", "Diluted EPS": "-", "Basic Average Shares": "-", "Diluted Average Shares": "-", "INTEREST_INCOME_AFTER_PROVISION_FOR_LOAN_LOSS": "26,612", "Net Income from Continuing & Discontinued Operation": "6,950", "Normalized Income": "6,950", "Total Money Market Investments": "226", "Reconciled Depreciation": "1,324", "Net Income from Continuing Operation Net Minority Interest": "6,950", "Tax Rate for Calcs": "0", "Tax Effect of Unusual Items": "0"}, "12/31/2020": {"Duration": "12/31/2020", "Total Revenue": "37,385", "Credit Losses Provision": "-4,707", "Non Interest Expense": "24,337", "Pretax Income": "8,341", "Tax Provision": "1,295", "Net Income Common Stockholders": "5,405", "Diluted NI Available to Com Stockholders": "5,405", "Basic EPS": "-", "Diluted EPS": "-", "Basic Average Shares": "-", "Diluted Average Shares": "-", "INTEREST_INCOME_AFTER_PROVISION_FOR_LOAN_LOSS": "26,612", "Net Income from Continuing & Discontinued Operation": "6,950", "Normalized Income": "6,950", "Total Money Market Investments": "79", "Reconciled Depreciation": "1,378", "Net Income from Continuing Operation Net Minority Interest": "6,950", "Tax Rate for Calcs": "0", "Tax Effect of Unusual Items": "0"}, "12/31/2019": {"Duration": "12/31/2019", "Total Revenue": "32,331", "Credit Losses Provision": "-1,966", "Non Interest Expense": "24,914", "Pretax Income": "5,451", "Tax Provision": "1,165", "Net Income Common Stockholders": "3,578", "Diluted NI Available to Com Stockholders": "3,578", "Basic EPS": "0.80", "Diluted EPS": "0.80", "Basic Average Shares": "4,464", "Diluted Average Shares": "4,464", "INTEREST_INCOME_AFTER_PROVISION_FOR_LOAN_LOSS": "25,985", "Net Income from Continuing & Discontinued Operation": "4,276", "Normalized Income": "4,276", "Total Money Market Investments": "304", "Reconciled Depreciation": "1,558", "Net Income from Continuing Operation Net Minority Interest": "4,276", "Tax Rate for Calcs": "0", "Tax Effect of Unusual Items": "0"}, "12/31/2018": {"Duration": "12/31/2018", "Total Revenue": "28,726", "Credit Losses Provision": "-1,497", "Non Interest Expense": "22,674", "Pretax Income": "4,555", "Tax Provision": "546", "Net Income Common Stockholders": "4,031", "Diluted NI Available to Com Stockholders": "4,031", "Basic EPS": "0.97", "Diluted EPS": "0.94", "Basic Average Shares": "4,171", "Diluted Average Shares": "4,266", "INTEREST_INCOME_AFTER_PROVISION_FOR_LOAN_LOSS": "24,010", "Net Income from Continuing & Discontinued Operation": "4,031", "Normalized Income": "4,031", "Total Money Market Investments": "246", "Reconciled Depreciation": "1,209", "Net Income from Continuing Operation Net Minority Interest": "4,031", "Tax Rate for Calcs": "0", "Tax Effect of Unusual Items": "0"}}, "bs": {"12/31/2020": {"Duration": "12/31/2020", "Total Assets": "1,227,443", "Total Liabilities Net Minority Interest": "1,129,721", "Total Equity Gross Minority Interest": "97,722", "Total Capitalization": "214,886", "Preferred Stock Equity": "14", "Common Stock Equity": "97,442", "Capital Lease Obligations": "2,525", "Net Tangible Assets": "92,787", "Invested Capital": "218,892", "Tangible Book Value": "92,773", "Total Debt": "123,975", "Net Debt": "77,986", "Share Issued": "4,531", "Ordinary Shares Number": "4,531"}, "12/31/2019": {"Duration": "12/31/2019", "Total Assets": "1,093,807", "Total Liabilities Net Minority Interest": "1,003,138", "Total Equity Gross Minority Interest": "90,669", "Total Capitalization": "173,549", "Preferred Stock Equity": "12", "Common Stock Equity": "90,422", "Capital Lease Obligations": "2,650", "Net Tangible Assets": "85,749", "Invested Capital": "198,675", "Tangible Book Value": "85,737", "Total Debt": "110,903", "Net Debt": "88,093", "Share Issued": "4,709", "Ordinary Shares Number": "4,709"}, "12/31/2018": {"Duration": "12/31/2018", "Total Assets": "933,115", "Total Liabilities Net Minority Interest": "868,656", "Total Equity Gross Minority Interest": "64,459", "Total Capitalization": "158,849", "Preferred Stock Equity": "-", "Common Stock Equity": "64,221", "Capital Lease Obligations": "-", "Net Tangible Assets": "59,520", "Invested Capital": "197,849", "Tangible Book Value": "59,520", "Total Debt": "133,628", "Net Debt": "107,312", "Share Issued": "4,362", "Ordinary Shares Number": "4,362"}}, "cf": {"TTM": {"Duration": "TTM", "Operating Cash Flow": "46,561", "Investing Cash Flow": "-149,223", "Financing Cash Flow": "125,966", "End Cash Position": "43,464", "Income Tax Paid Supplemental Data": "2,650", "Interest Paid Supplemental Data": "13,734", "Capital Expenditure": "-1,261", "Issuance of Capital Stock": "0", "Issuance of Debt": "65,236", "Repayment of Debt": "-16,127", "Repurchase of Capital Stock": "-", "Free Cash Flow": "45,300"}, "12/31/2020": {"Duration": "12/31/2020", "Operating Cash Flow": "46,561", "Investing Cash Flow": "-149,223", "Financing Cash Flow": "125,966", "End Cash Position": "43,464", "Income Tax Paid Supplemental Data": "2,650", "Interest Paid Supplemental Data": "11,067", "Capital Expenditure": "-1,261", "Issuance of Capital Stock": "0", "Issuance of Debt": "65,236", "Repayment of Debt": "-30,976", "Repurchase of Capital Stock": "-", "Free Cash Flow": "45,300"}, "12/31/2019": {"Duration": "12/31/2019", "Operating Cash Flow": "8,120", "Investing Cash Flow": "-162,811", "Financing Cash Flow": "148,535", "End Cash Position": "20,160", "Income Tax Paid Supplemental Data": "750", "Interest Paid Supplemental Data": "13,436", "Capital Expenditure": "-3,596", "Issuance of Capital Stock": "19,569", "Issuance of Debt": "20,252", "Repayment of Debt": "-31,227", "Repurchase of Capital Stock": "-", "Free Cash Flow": "4,524"}, "12/31/2018": {"Duration": "12/31/2018", "Operating Cash Flow": "8,982", "Investing Cash Flow": "-52,025", "Financing Cash Flow": "47,368", "End Cash Position": "26,316", "Income Tax Paid Supplemental Data": "662", "Interest Paid Supplemental Data": "8,925", "Capital Expenditure": "-5,692", "Issuance of Capital Stock": "-", "Issuance of Debt": "38,246", "Repayment of Debt": "-2,000", "Repurchase of Capital Stock": "-", "Free Cash Flow": "3,290"}}}}, {"ESSA": {"quote": {"04/04/2021": {"value": "16.44", "Market Cap": "177.894M", "Beta (5Y Monthly)": "0.53", "PE Ratio (TTM)": "11.19", "EPS (TTM)": "1.47", "Earnings Date": "Apr 27, 2021 - May 03, 2021", "Forward Dividend & Yield": "0.48 (2.92%)", "Ex-Dividend Date": "Mar 15, 2021", "1y Target Est": "14.00"}}, "fin": {"TTM": {"Duration": "TTM", "Total Revenue": "63,325", "Credit Losses Provision": "-3,800", "Non Interest Expense": "38,567", "Special Income Charges": "-", "Pretax Income": "18,454", "Tax Provision": "3,313", "Net Income Common Stockholders": "15,141", "Diluted NI Available to Com Stockholders": "15,141", "Basic EPS": "-", "Diluted EPS": "-", "Basic Average Shares": "-", "Diluted Average Shares": "-", "INTEREST_INCOME_AFTER_PROVISION_FOR_LOAN_LOSS": "45,493", "Net Income from Continuing & Discontinued Operation": "15,141", "Normalized Income": "15,085", "Reconciled Depreciation": "2,218", "Net Income from Continuing Operation Net Minority Interest": "15,141", "Total Unusual Items Excluding Goodwill": "68", "Total Unusual Items": "68", "Tax Rate for Calcs": "0", "Tax Effect of Unusual Items": "12.2079"}, "9/30/2020": {"Duration": "9/30/2020", "Total Revenue": "61,531", "Credit Losses Provision": "-3,275", "Non Interest Expense": "38,153", "Special Income Charges": "-2,504", "Pretax Income": "17,599", "Tax Provision": "3,183", "Net Income Common Stockholders": "14,416", "Diluted NI Available to Com Stockholders": "14,416", "Basic EPS": "1.39", "Diluted EPS": "1.39", "Basic Average Shares": "10,347", "Diluted Average Shares": "10,347", "INTEREST_INCOME_AFTER_PROVISION_FOR_LOAN_LOSS": "44,932", "Net Income from Continuing & Discontinued Operation": "14,416", "Normalized Income": "16,410", "Reconciled Depreciation": "2,211", "Net Income from Continuing Operation Net Minority Interest": "14,416", "Total Unusual Items Excluding Goodwill": "-2,435", "Total Unusual Items": "-2,435", "Tax Rate for Calcs": "0", "Tax Effect of Unusual Items": "-440.735"}, "9/30/2019": {"Duration": "9/30/2019", "Total Revenue": "55,248", "Credit Losses Provision": "-2,076", "Non Interest Expense": "38,134", "Special Income Charges": "-", "Pretax Income": "15,038", "Tax Provision": "2,415", "Net Income Common Stockholders": "12,623", "Diluted NI Available to Com Stockholders": "12,623", "Basic EPS": "1.18", "Diluted EPS": "1.18", "Basic Average Shares": "10,733", "Diluted Average Shares": "10,733", "INTEREST_INCOME_AFTER_PROVISION_FOR_LOAN_LOSS": "44,934", "Net Income from Continuing & Discontinued Operation": "12,623", "Normalized Income": "12,555", "Reconciled Depreciation": "1,393", "Net Income from Continuing Operation Net Minority Interest": "12,623", "Total Unusual Items Excluding Goodwill": "81", "Total Unusual Items": "81", "Tax Rate for Calcs": "0", "Tax Effect of Unusual Items": "13.041"}, "9/30/2018": {"Duration": "9/30/2018", "Total Revenue": "56,072", "Credit Losses Provision": "-4,000", "Non Interest Expense": "39,877", "Special Income Charges": "-", "Pretax Income": "12,195", "Tax Provision": "5,664", "Net Income Common Stockholders": "6,531", "Diluted NI Available to Com Stockholders": "6,531", "Basic EPS": "0.60", "Diluted EPS": "0.60", "Basic Average Shares": "10,834", "Diluted Average Shares": "10,834", "INTEREST_INCOME_AFTER_PROVISION_FOR_LOAN_LOSS": "44,235", "Net Income from Continuing & Discontinued Operation": "6,531", "Normalized Income": "6,513", "Reconciled Depreciation": "1,646", "Net Income from Continuing Operation Net Minority Interest": "6,531", "Total Unusual Items Excluding Goodwill": "24", "Total Unusual Items": "24", "Tax Rate for Calcs": "0", "Tax Effect of Unusual Items": "6.48"}}, "bs": {"9/30/2020": {"Duration": "9/30/2020", "Total Assets": "1,893,515", "Total Liabilities Net Minority Interest": "1,702,118", "Total Equity Gross Minority Interest": "191,397", "Total Capitalization": "205,561", "Common Stock Equity": "191,397", "Net Tangible Assets": "176,806", "Invested Capital": "317,274", "Tangible Book Value": "176,806", "Total Debt": "125,877", "Net Debt": "-", "Share Issued": "18,133", "Ordinary Shares Number": "10,877", "Treasury Shares Number": "7,256"}, "9/30/2019": {"Duration": "9/30/2019", "Total Assets": "1,799,427", "Total Liabilities Net Minority Interest": "1,609,919", "Total Equity Gross Minority Interest": "189,508", "Total Capitalization": "330,089", "Common Stock Equity": "189,508", "Net Tangible Assets": "174,641", "Invested Capital": "437,790", "Tangible Book Value": "174,641", "Total Debt": "248,282", "Net Debt": "196,040", "Share Issued": "18,133", "Ordinary Shares Number": "11,321", "Treasury Shares Number": "6,812"}, "9/30/2018": {"Duration": "9/30/2018", "Total Assets": "1,833,790", "Total Liabilities Net Minority Interest": "1,654,604", "Total Equity Gross Minority Interest": "179,186", "Total Capitalization": "297,909", "Common Stock Equity": "179,186", "Net Tangible Assets": "164,010", "Invested Capital": "477,682", "Tangible Book Value": "164,010", "Total Debt": "298,496", "Net Debt": "254,457", "Share Issued": "18,133", "Ordinary Shares Number": "11,783", "Treasury Shares Number": "6,350"}}, "cf": {"TTM": {"Duration": "TTM", "Operating Cash Flow": "18,774", "Investing Cash Flow": "115,917", "Financing Cash Flow": "39,971", "End Cash Position": "217,214", "Income Tax Paid Supplemental Data": "5", "Interest Paid Supplemental Data": "13,783", "Capital Expenditure": "-918", "Issuance of Debt": "41,733", "Repayment of Debt": "-165,529", "Repurchase of Capital Stock": "-6,933", "Free Cash Flow": "17,856"}, "9/30/2020": {"Duration": "9/30/2020", "Operating Cash Flow": "19,749", "Investing Cash Flow": "15,433", "Financing Cash Flow": "68,493", "End Cash Position": "155,917", "Income Tax Paid Supplemental Data": "8", "Interest Paid Supplemental Data": "16,512", "Capital Expenditure": "-1,056", "Issuance of Debt": "55,661", "Repayment of Debt": "-182,078", "Repurchase of Capital Stock": "-6,567", "Free Cash Flow": "18,693"}, "9/30/2019": {"Duration": "9/30/2019", "Operating Cash Flow": "18,190", "Investing Cash Flow": "46,941", "Financing Cash Flow": "-56,428", "End Cash Position": "52,242", "Income Tax Paid Supplemental Data": "0", "Interest Paid Supplemental Data": "20,734", "Capital Expenditure": "-830", "Issuance of Debt": "107,105", "Repayment of Debt": "-85,247", "Repurchase of Capital Stock": "-7,797", "Free Cash Flow": "17,360"}, "9/30/2018": {"Duration": "9/30/2018", "Operating Cash Flow": "23,386", "Investing Cash Flow": "-69,732", "Financing Cash Flow": "48,202", "End Cash Position": "43,539", "Income Tax Paid Supplemental Data": "-", "Interest Paid Supplemental Data": "15,942", "Capital Expenditure": "-", "Issuance of Debt": "43,630", "Repayment of Debt": "-99,075", "Repurchase of Capital Stock": "-", "Free Cash Flow": "23,386"}}}}, {"RVSB": {"quote": {"04/04/2021": {"value": "7.07", "Market Cap": "157.981M", "Beta (5Y Monthly)": "0.83", "PE Ratio (TTM)": "16.07", "EPS (TTM)": "0.44", "Earnings Date": "Jan 28, 2021", "Forward Dividend & Yield": "0.20 (2.83%)", "Ex-Dividend Date": "Apr 07, 2021", "1y Target Est": "7.50"}}, "fin": {"TTM": {"Duration": "TTM", "Total Revenue": "55,917", "Credit Losses Provision": "-7,550", "Non Interest Expense": "35,446", "Special Income Charges": "-", "Pretax Income": "12,921", "Tax Provision": "2,969", "Net Income Common Stockholders": "9,952", "Diluted NI Available to Com Stockholders": "9,952", "Basic EPS": "-", "Diluted EPS": "-", "Basic Average Shares": "-", "Diluted Average Shares": "-", "INTEREST_INCOME_AFTER_PROVISION_FOR_LOAN_LOSS": "37,221", "Net Income from Continuing & Discontinued Operation": "9,952", "Normalized Income": "9,952", "Reconciled Depreciation": "3,066", "Net Income from Continuing Operation Net Minority Interest": "9,952", "Total Unusual Items Excluding Goodwill": "-", "Total Unusual Items": "-", "Tax Rate for Calcs": "0", "Tax Effect of Unusual Items": "0"}, "3/31/2020": {"Duration": "3/31/2020", "Total Revenue": "58,091", "Credit Losses Provision": "-1,250", "Non Interest Expense": "36,263", "Special Income Charges": "-", "Pretax Income": "20,578", "Tax Provision": "4,830", "Net Income Common Stockholders": "15,748", "Diluted NI Available to Com Stockholders": "15,748", "Basic EPS": "0.70", "Diluted EPS": "0.69", "Basic Average Shares": "22,643", "Diluted Average Shares": "22,698", "INTEREST_INCOME_AFTER_PROVISION_FOR_LOAN_LOSS": "44,481", "Net Income from Continuing & Discontinued Operation": "15,748", "Normalized Income": "15,748", "Reconciled Depreciation": "2,963", "Net Income from Continuing Operation Net Minority Interest": "15,748", "Total Unusual Items Excluding Goodwill": "-", "Total Unusual Items": "-", "Tax Rate for Calcs": "0", "Tax Effect of Unusual Items": "0"}, "3/31/2019": {"Duration": "3/31/2019", "Total Revenue": "58,161", "Credit Losses Provision": "-50", "Non Interest Expense": "35,699", "Special Income Charges": "0", "Pretax Income": "22,412", "Tax Provision": "5,146", "Net Income Common Stockholders": "17,266", "Diluted NI Available to Com Stockholders": "17,266", "Basic EPS": "0.76", "Diluted EPS": "0.76", "Basic Average Shares": "22,588", "Diluted Average Shares": "22,660", "INTEREST_INCOME_AFTER_PROVISION_FOR_LOAN_LOSS": "46,253", "Net Income from Continuing & Discontinued Operation": "17,266", "Normalized Income": "17,266", "Reconciled Depreciation": "2,718", "Net Income from Continuing Operation Net Minority Interest": "17,266", "Total Unusual Items Excluding Goodwill": "0", "Total Unusual Items": "0", "Tax Rate for Calcs": "0", "Tax Effect of Unusual Items": "0"}}, "bs": {}, "cf": {"TTM": {"Duration": "TTM", "Operating Cash Flow": "14,349", "Investing Cash Flow": "-79,976", "Financing Cash Flow": "239,338", "End Cash Position": "235,834", "Income Tax Paid Supplemental Data": "4,928", "Interest Paid Supplemental Data": "3,816", "Capital Expenditure": "-4,872", "Issuance of Debt": "40,000", "Repayment of Debt": "-40,038", "Repurchase of Capital Stock": "-2,466", "Free Cash Flow": "9,477"}, "3/31/2020": {"Duration": "3/31/2020", "Operating Cash Flow": "15,917", "Investing Cash Flow": "-878", "Financing Cash Flow": "3,979", "End Cash Position": "41,968", "Income Tax Paid Supplemental Data": "4,438", "Interest Paid Supplemental Data": "4,576", "Capital Expenditure": "-2,953", "Issuance of Debt": "224,897", "Repayment of Debt": "-281,517", "Repurchase of Capital Stock": "-1,019", "Free Cash Flow": "12,964"}, "3/31/2019": {"Duration": "3/31/2019", "Operating Cash Flow": "20,154", "Investing Cash Flow": "-24,971", "Financing Cash Flow": "-17,000", "End Cash Position": "22,950", "Income Tax Paid Supplemental Data": "6,877", "Interest Paid Supplemental Data": "2,686", "Capital Expenditure": "-1,046", "Issuance of Debt": "326,956", "Repayment of Debt": "-270,398", "Repurchase of Capital Stock": "-", "Free Cash Flow": "19,108"}}}}, {"MLVF": {"quote": {"04/04/2021": {"value": "18.81", "Market Cap": "143.143M", "Beta (5Y Monthly)": "1.04", "PE Ratio (TTM)": "67.66", "EPS (TTM)": "0.28", "Earnings Date": "Mar 10, 2021", "Forward Dividend & Yield": "N/A (N/A)", "Ex-Dividend Date": "Dec 29, 2010", "1y Target Est": "20.00"}}, "fin": {"TTM": {"Duration": "TTM", "Total Revenue": "30,717", "Credit Losses Provision": "-5,060", "Non Interest Expense": "18,852", "Special Income Charges": "-", "Pretax Income": "6,805", "Tax Provision": "1,716", "Net Income Common Stockholders": "5,089", "Diluted NI Available to Com Stockholders": "5,089", "Basic EPS": "-", "Diluted EPS": "-", "Basic Average Shares": "-", "Diluted Average Shares": "-", "INTEREST_INCOME_AFTER_PROVISION_FOR_LOAN_LOSS": "21,804", "Net Income from Continuing & Discontinued Operation": "5,089", "Normalized Income": "5,089", "Reconciled Depreciation": "814", "Net Income from Continuing Operation Net Minority Interest": "5,089", "Total Unusual Items Excluding Goodwill": "-", "Total Unusual Items": "-", "Tax Rate for Calcs": "0", "Tax Effect of Unusual Items": "0"}, "9/30/2020": {"Duration": "9/30/2020", "Total Revenue": "29,520", "Credit Losses Provision": "-6,660", "Non Interest Expense": "18,302", "Special Income Charges": "-", "Pretax Income": "4,558", "Tax Provision": "957", "Net Income Common Stockholders": "3,601", "Diluted NI Available to Com Stockholders": "3,601", "Basic EPS": "-", "Diluted EPS": "-", "Basic Average Shares": "-", "Diluted Average Shares": "-", "INTEREST_INCOME_AFTER_PROVISION_FOR_LOAN_LOSS": "19,741", "Net Income from Continuing & Discontinued Operation": "3,601", "Normalized Income": "3,601", "Reconciled Depreciation": "812", "Net Income from Continuing Operation Net Minority Interest": "3,601", "Total Unusual Items Excluding Goodwill": "-", "Total Unusual Items": "-", "Tax Rate for Calcs": "0", "Tax Effect of Unusual Items": "0"}, "9/30/2019": {"Duration": "9/30/2019", "Total Revenue": "31,667", "Credit Losses Provision": "-2,379", "Non Interest Expense": "17,487", "Special Income Charges": "-", "Pretax Income": "11,801", "Tax Provision": "2,469", "Net Income Common Stockholders": "9,332", "Diluted NI Available to Com Stockholders": "9,332", "Basic EPS": "1.22", "Diluted EPS": "1.22", "Basic Average Shares": "7,639", "Diluted Average Shares": "7,639", "INTEREST_INCOME_AFTER_PROVISION_FOR_LOAN_LOSS": "26,069", "Net Income from Continuing & Discontinued Operation": "9,332", "Normalized Income": "9,332", "Reconciled Depreciation": "806", "Net Income from Continuing Operation Net Minority Interest": "9,332", "Total Unusual Items Excluding Goodwill": "0", "Total Unusual Items": "0", "Tax Rate for Calcs": "0", "Tax Effect of Unusual Items": "0"}, "9/30/2018": {"Duration": "9/30/2018", "Total Revenue": "30,339", "Credit Losses Provision": "-954", "Non Interest Expense": "17,803", "Special Income Charges": "-", "Pretax Income": "11,582", "Tax Provision": "4,276", "Net Income Common Stockholders": "7,306", "Diluted NI Available to Com Stockholders": "7,306", "Basic EPS": "1.13", "Diluted EPS": "1.13", "Basic Average Shares": "6,456", "Diluted Average Shares": "6,460", "INTEREST_INCOME_AFTER_PROVISION_FOR_LOAN_LOSS": "25,614", "Net Income from Continuing & Discontinued Operation": "7,306", "Normalized Income": "6,558", "Reconciled Depreciation": "803", "Net Income from Continuing Operation Net Minority Interest": "7,306", "Total Unusual Items Excluding Goodwill": "1,186", "Total Unusual Items": "1,186", "Tax Rate for Calcs": "0", "Tax Effect of Unusual Items": "437.634"}}, "bs": {}, "cf": {"TTM": {"Duration": "TTM", "Operating Cash Flow": "8,653", "Investing Cash Flow": "-10,637", "Financing Cash Flow": "-48,596", "End Cash Position": "109,222", "Income Tax Paid Supplemental Data": "-", "Interest Paid Supplemental Data": "15,675", "Capital Expenditure": "-247", "Issuance of Capital Stock": "-", "Issuance of Debt": "120,000", "Repayment of Debt": "-122,250", "Repurchase of Capital Stock": "-", "Free Cash Flow": "8,406"}, "9/30/2020": {"Duration": "9/30/2020", "Operating Cash Flow": "11,726", "Investing Cash Flow": "-35,326", "Financing Cash Flow": "-68,504", "End Cash Position": "61,439", "Income Tax Paid Supplemental Data": "1,477", "Interest Paid Supplemental Data": "17,347", "Capital Expenditure": "-300", "Issuance of Capital Stock": "0", "Issuance of Debt": "25,000", "Repayment of Debt": "-28,050", "Repurchase of Capital Stock": "-2,529", "Free Cash Flow": "11,426"}, "9/30/2019": {"Duration": "9/30/2019", "Operating Cash Flow": "10,241", "Investing Cash Flow": "-103,144", "Financing Cash Flow": "215,612", "End Cash Position": "153,543", "Income Tax Paid Supplemental Data": "1,367", "Interest Paid Supplemental Data": "18,386", "Capital Expenditure": "-258", "Issuance of Capital Stock": "23,344", "Issuance of Debt": "70,000", "Repayment of Debt": "-57,500", "Repurchase of Capital Stock": "-336", "Free Cash Flow": "9,983"}, "9/30/2018": {"Duration": "9/30/2018", "Operating Cash Flow": "9,058", "Investing Cash Flow": "-76,379", "Financing Cash Flow": "-18,981", "End Cash Position": "30,834", "Income Tax Paid Supplemental Data": "2,630", "Interest Paid Supplemental Data": "12,904", "Capital Expenditure": "-561", "Issuance of Capital Stock": "-", "Issuance of Debt": "140,000", "Repayment of Debt": "-142,500", "Repurchase of Capital Stock": "-", "Free Cash Flow": "8,497"}}}}, {"HBCP": {"quote": {"04/04/2021": {"value": "36.94", "Market Cap": "321.641M", "Beta (5Y Monthly)": "0.77", "PE Ratio (TTM)": "12.96", "EPS (TTM)": "2.85", "Earnings Date": "Apr 26, 2021 - Apr 30, 2021", "Forward Dividend & Yield": "0.88 (2.38%)", "Ex-Dividend Date": "Feb 05, 2021", "1y Target Est": "36.50"}}, "fin": {"TTM": {"Duration": "TTM", "Total Revenue": "106,527", "Credit Losses Provision": "-12,728", "Non Interest Expense": "62,981", "Special Income Charges": "-11", "Pretax Income": "30,807", "Tax Provision": "6,042", "Net Income Common Stockholders": "24,765", "Diluted NI Available to Com Stockholders": "24,765", "Basic EPS": "-", "Diluted EPS": "-", "Basic Average Shares": "-", "Diluted Average Shares": "-", "INTEREST_INCOME_AFTER_PROVISION_FOR_LOAN_LOSS": "79,483", "Net Income from Continuing & Discontinued Operation": "24,765", "Normalized Income": "24,774", "Reconciled Depreciation": "3,224", "Net Income from Continuing Operation Net Minority Interest": "24,765", "Total Unusual Items Excluding Goodwill": "-11", "Total Unusual Items": "-11", "Tax Rate for Calcs": "0", "Tax Effect of Unusual Items": "-2.156"}, "12/31/2020": {"Duration": "12/31/2020", "Total Revenue": "106,527", "Credit Losses Provision": "-12,728", "Non Interest Expense": "62,981", "Special Income Charges": "-11", "Pretax Income": "30,807", "Tax Provision": "6,042", "Net Income Common Stockholders": "24,765", "Diluted NI Available to Com Stockholders": "24,765", "Basic EPS": "-", "Diluted EPS": "-", "Basic Average Shares": "-", "Diluted Average Shares": "-", "INTEREST_INCOME_AFTER_PROVISION_FOR_LOAN_LOSS": "79,483", "Net Income from Continuing & Discontinued Operation": "24,765", "Normalized Income": "24,774", "Reconciled Depreciation": "3,224", "Net Income from Continuing Operation Net Minority Interest": "24,765", "Total Unusual Items Excluding Goodwill": "-11", "Total Unusual Items": "-11", "Tax Rate for Calcs": "0", "Tax Effect of Unusual Items": "-2.156"}, "12/31/2019": {"Duration": "12/31/2019", "Total Revenue": "100,746", "Credit Losses Provision": "-3,014", "Non Interest Expense": "63,605", "Special Income Charges": "-335", "Pretax Income": "33,792", "Tax Provision": "5,860", "Net Income Common Stockholders": "27,932", "Diluted NI Available to Com Stockholders": "27,932", "Basic EPS": "3.08", "Diluted EPS": "3.05", "Basic Average Shares": "9,069", "Diluted Average Shares": "9,158", "INTEREST_INCOME_AFTER_PROVISION_FOR_LOAN_LOSS": "82,982", "Net Income from Continuing & Discontinued Operation": "27,932", "Normalized Income": "28,209", "Reconciled Depreciation": "2,986", "Net Income from Continuing Operation Net Minority Interest": "27,932", "Total Unusual Items Excluding Goodwill": "-335", "Total Unusual Items": "-335", "Tax Rate for Calcs": "0", "Tax Effect of Unusual Items": "-57.955"}, "12/31/2018": {"Duration": "12/31/2018", "Total Revenue": "105,505", "Credit Losses Provision": "-3,943", "Non Interest Expense": "63,225", "Special Income Charges": "-52", "Pretax Income": "38,285", "Tax Provision": "6,695", "Net Income Common Stockholders": "31,590", "Diluted NI Available to Com Stockholders": "31,590", "Basic EPS": "3.48", "Diluted EPS": "3.40", "Basic Average Shares": "9,078", "Diluted Average Shares": "9,291", "INTEREST_INCOME_AFTER_PROVISION_FOR_LOAN_LOSS": "88,063", "Net Income from Continuing & Discontinued Operation": "31,590", "Normalized Income": "31,633", "Reconciled Depreciation": "2,655", "Net Income from Continuing Operation Net Minority Interest": "31,590", "Total Unusual Items Excluding Goodwill": "-52", "Total Unusual Items": "-52", "Tax Rate for Calcs": "0", "Tax Effect of Unusual Items": "-9.1"}}, "bs": {}, "cf": {"TTM": {"Duration": "TTM", "Operating Cash Flow": "49,030", "Investing Cash Flow": "-260,036", "Financing Cash Flow": "359,111", "End Cash Position": "187,952", "Income Tax Paid Supplemental Data": "5,430", "Interest Paid Supplemental Data": "11,933", "Capital Expenditure": "-2,147", "Issuance of Debt": "119,700", "Repayment of Debt": "-131,526", "Repurchase of Capital Stock": "-14,013", "Free Cash Flow": "46,883"}, "12/31/2020": {"Duration": "12/31/2020", "Operating Cash Flow": "49,030", "Investing Cash Flow": "-260,036", "Financing Cash Flow": "359,111", "End Cash Position": "187,952", "Income Tax Paid Supplemental Data": "5,430", "Interest Paid Supplemental Data": "11,933", "Capital Expenditure": "-2,147", "Issuance of Debt": "119,700", "Repayment of Debt": "-131,526", "Repurchase of Capital Stock": "-14,013", "Free Cash Flow": "46,883"}, "12/31/2019": {"Duration": "12/31/2019", "Operating Cash Flow": "43,938", "Investing Cash Flow": "-72,329", "Financing Cash Flow": "8,620", "End Cash Position": "39,847", "Income Tax Paid Supplemental Data": "3,174", "Interest Paid Supplemental Data": "16,072", "Capital Expenditure": "-3,840", "Issuance of Debt": "6,010", "Repayment of Debt": "-24,150", "Repurchase of Capital Stock": "-15,445", "Free Cash Flow": "40,098"}, "12/31/2018": {"Duration": "12/31/2018", "Operating Cash Flow": "47,128", "Investing Cash Flow": "-24,685", "Financing Cash Flow": "-113,243", "End Cash Position": "59,618", "Income Tax Paid Supplemental Data": "5,075", "Interest Paid Supplemental Data": "10,391", "Capital Expenditure": "-5,010", "Issuance of Debt": "3,000", "Repayment of Debt": "-16,221", "Repurchase of Capital Stock": "-1,194", "Free Cash Flow": "42,118"}}}}, {"EBTC": {"quote": {"04/04/2021": {"value": "32.80", "Market Cap": "392.219M", "Beta (5Y Monthly)": "0.50", "PE Ratio (TTM)": "12.42", "EPS (TTM)": "2.64", "Earnings Date": "Apr 26, 2021 - Apr 30, 2021", "Forward Dividend & Yield": "0.74 (2.26%)", "Ex-Dividend Date": "Feb 05, 2021", "1y Target Est": "N/A"}}, "fin": {"TTM": {"Duration": "TTM", "Total Revenue": "147,381", "Credit Losses Provision": "-12,499", "Non Interest Expense": "93,254", "Pretax Income": "41,628", "Tax Provision": "10,172", "Net Income Common Stockholders": "31,456", "Diluted NI Available to Com Stockholders": "31,456", "Basic EPS": "-", "Diluted EPS": "-", "Basic Average Shares": "-", "Diluted Average Shares": "-", "INTEREST_INCOME_AFTER_PROVISION_FOR_LOAN_LOSS": "117,635", "Net Income from Continuing & Discontinued Operation": "31,456", "Normalized Income": "31,456", "Reconciled Depreciation": "6,784", "Net Income from Continuing Operation Net Minority Interest": "31,456", "Tax Rate for Calcs": "0", "Tax Effect of Unusual Items": "0"}, "12/31/2020": {"Duration": "12/31/2020", "Total Revenue": "147,381", "Credit Losses Provision": "-12,499", "Non Interest Expense": "93,254", "Pretax Income": "41,628", "Tax Provision": "10,172", "Net Income Common Stockholders": "31,456", "Diluted NI Available to Com Stockholders": "31,456", "Basic EPS": "-", "Diluted EPS": "-", "Basic Average Shares": "-", "Diluted Average Shares": "-", "INTEREST_INCOME_AFTER_PROVISION_FOR_LOAN_LOSS": "117,635", "Net Income from Continuing & Discontinued Operation": "31,456", "Normalized Income": "31,456", "Reconciled Depreciation": "6,784", "Net Income from Continuing Operation Net Minority Interest": "31,456", "Tax Rate for Calcs": "0", "Tax Effect of Unusual Items": "0"}, "12/31/2019": {"Duration": "12/31/2019", "Total Revenue": "132,176", "Credit Losses Provision": "-1,180", "Non Interest Expense": "86,415", "Pretax Income": "44,581", "Tax Provision": "10,381", "Net Income Common Stockholders": "34,200", "Diluted NI Available to Com Stockholders": "34,200", "Basic EPS": "2.90", "Diluted EPS": "2.89", "Basic Average Shares": "11,790", "Diluted Average Shares": "11,830", "INTEREST_INCOME_AFTER_PROVISION_FOR_LOAN_LOSS": "114,677", "Net Income from Continuing & Discontinued Operation": "34,200", "Normalized Income": "34,200", "Reconciled Depreciation": "6,142", "Net Income from Continuing Operation Net Minority Interest": "34,200", "Tax Rate for Calcs": "0", "Tax Effect of Unusual Items": "0"}, "12/31/2018": {"Duration": "12/31/2018", "Total Revenue": "120,825", "Credit Losses Provision": "-2,250", "Non Interest Expense": "80,878", "Pretax Income": "37,697", "Tax Provision": "8,816", "Net Income Common Stockholders": "28,881", "Diluted NI Available to Com Stockholders": "28,881", "Basic EPS": "2.47", "Diluted EPS": "2.46", "Basic Average Shares": "11,680", "Diluted Average Shares": "11,750", "INTEREST_INCOME_AFTER_PROVISION_FOR_LOAN_LOSS": "106,585", "Net Income from Continuing & Discontinued Operation": "28,881", "Normalized Income": "28,881", "Reconciled Depreciation": "6,836", "Net Income from Continuing Operation Net Minority Interest": "28,881", "Tax Rate for Calcs": "0", "Tax Effect of Unusual Items": "0"}}, "bs": {}, "cf": {"TTM": {"Duration": "TTM", "Operating Cash Flow": "40,335", "Investing Cash Flow": "-576,255", "Financing Cash Flow": "725,908", "End Cash Position": "253,782", "Income Tax Paid Supplemental Data": "17,672", "Interest Paid Supplemental Data": "13,612", "Capital Expenditure": "-6,679", "Issuance of Capital Stock": "91", "Issuance of Debt": "60,000", "Repayment of Debt": "-91,399", "Free Cash Flow": "33,656"}, "12/31/2020": {"Duration": "12/31/2020", "Operating Cash Flow": "40,335", "Investing Cash Flow": "-576,255", "Financing Cash Flow": "725,908", "End Cash Position": "253,782", "Income Tax Paid Supplemental Data": "17,672", "Interest Paid Supplemental Data": "13,612", "Capital Expenditure": "-6,679", "Issuance of Capital Stock": "91", "Issuance of Debt": "60,000", "Repayment of Debt": "-91,399", "Free Cash Flow": "33,656"}, "12/31/2019": {"Duration": "12/31/2019", "Operating Cash Flow": "43,619", "Investing Cash Flow": "-254,055", "Financing Cash Flow": "211,110", "End Cash Position": "63,794", "Income Tax Paid Supplemental Data": "10,557", "Interest Paid Supplemental Data": "21,384", "Capital Expenditure": "-12,498", "Issuance of Capital Stock": "69", "Issuance of Debt": "-", "Repayment of Debt": "-", "Free Cash Flow": "31,121"}, "12/31/2018": {"Duration": "12/31/2018", "Operating Cash Flow": "41,801", "Investing Cash Flow": "-162,826", "Financing Cash Flow": "129,339", "End Cash Position": "63,120", "Income Tax Paid Supplemental Data": "8,694", "Interest Paid Supplemental Data": "13,567", "Capital Expenditure": "-5,297", "Issuance of Capital Stock": "1,449", "Issuance of Debt": "-", "Repayment of Debt": "-", "Free Cash Flow": "36,504"}}}}, {"BFIN": {"quote": {"04/04/2021": {"value": "10.52", "Market Cap": "154.989M", "Beta (5Y Monthly)": "0.61", "PE Ratio (TTM)": "17.25", "EPS (TTM)": "0.61", "Earnings Date": "Apr 19, 2021 - Apr 23, 2021", "Forward Dividend & Yield": "0.40 (3.80%)", "Ex-Dividend Date": "Feb 09, 2021", "1y Target Est": "9.75"}}, "fin": {"TTM": {"Duration": "TTM", "Total Revenue": "51,258", "Credit Losses Provision": "-55", "Non Interest Expense": "38,438", "Special Income Charges": "-5", "Other Non Operating Income Expenses": "-", "Pretax Income": "12,760", "Tax Provision": "3,597", "Net Income Common Stockholders": "9,163", "Diluted NI Available to Com Stockholders": "9,163", "Basic EPS": "-", "Diluted EPS": "-", "Basic Average Shares": "-", "Diluted Average Shares": "-", "INTEREST_INCOME_AFTER_PROVISION_FOR_LOAN_LOSS": "45,832", "Net Income from Continuing & Discontinued Operation": "9,163", "Normalized Income": "9,167", "Reconciled Depreciation": "1,785", "Net Income from Continuing Operation Net Minority Interest": "9,163", "Total Unusual Items Excluding Goodwill": "-5", "Total Unusual Items": "-5", "Tax Rate for Calcs": "0", "Tax Effect of Unusual Items": "-1.409"}, "12/31/2020": {"Duration": "12/31/2020", "Total Revenue": "51,258", "Credit Losses Provision": "-55", "Non Interest Expense": "38,438", "Special Income Charges": "-5", "Other Non Operating Income Expenses": "-", "Pretax Income": "12,760", "Tax Provision": "3,597", "Net Income Common Stockholders": "9,163", "Diluted NI Available to Com Stockholders": "9,163", "Basic EPS": "-", "Diluted EPS": "-", "Basic Average Shares": "-", "Diluted Average Shares": "-", "INTEREST_INCOME_AFTER_PROVISION_FOR_LOAN_LOSS": "45,832", "Net Income from Continuing & Discontinued Operation": "9,163", "Normalized Income": "9,167", "Reconciled Depreciation": "1,785", "Net Income from Continuing Operation Net Minority Interest": "9,163", "Total Unusual Items Excluding Goodwill": "-5", "Total Unusual Items": "-5", "Tax Rate for Calcs": "0", "Tax Effect of Unusual Items": "-1.409"}, "12/31/2019": {"Duration": "12/31/2019", "Total Revenue": "58,407", "Credit Losses Provision": "-3,825", "Non Interest Expense": "38,641", "Special Income Charges": "-44", "Other Non Operating Income Expenses": "-", "Pretax Income": "15,897", "Tax Provision": "4,225", "Net Income Common Stockholders": "11,672", "Diluted NI Available to Com Stockholders": "11,672", "Basic EPS": "0.75", "Diluted EPS": "0.75", "Basic Average Shares": "15,563", "Diluted Average Shares": "15,563", "INTEREST_INCOME_AFTER_PROVISION_FOR_LOAN_LOSS": "48,366", "Net Income from Continuing & Discontinued Operation": "11,672", "Normalized Income": "11,704", "Reconciled Depreciation": "1,759", "Net Income from Continuing Operation Net Minority Interest": "11,672", "Total Unusual Items Excluding Goodwill": "-44", "Total Unusual Items": "-44", "Tax Rate for Calcs": "0", "Tax Effect of Unusual Items": "-11.6908"}, "12/31/2018": {"Duration": "12/31/2018", "Total Revenue": "66,854", "Credit Losses Provision": "-145", "Non Interest Expense": "40,754", "Special Income Charges": "93", "Other Non Operating Income Expenses": "-", "Pretax Income": "26,048", "Tax Provision": "6,706", "Net Income Common Stockholders": "19,342", "Diluted NI Available to Com Stockholders": "19,342", "Basic EPS": "1.11", "Diluted EPS": "1.11", "Basic Average Shares": "17,425", "Diluted Average Shares": "17,425", "INTEREST_INCOME_AFTER_PROVISION_FOR_LOAN_LOSS": "51,925", "Net Income from Continuing & Discontinued Operation": "19,342", "Normalized Income": "19,273", "Reconciled Depreciation": "3,601", "Net Income from Continuing Operation Net Minority Interest": "19,342", "Total Unusual Items Excluding Goodwill": "93", "Total Unusual Items": "93", "Tax Rate for Calcs": "0", "Tax Effect of Unusual Items": "23.9382"}}, "bs": {}, "cf": {"TTM": {"Duration": "TTM", "Operating Cash Flow": "-", "Investing Cash Flow": "-", "Financing Cash Flow": "-", "End Cash Position": "-", "Income Tax Paid Supplemental Data": "-", "Interest Paid Supplemental Data": "-", "Capital Expenditure": "-", "Repurchase of Capital Stock": "-", "Free Cash Flow": "-"}, "12/31/2020": {"Duration": "12/31/2020", "Operating Cash Flow": "13,517", "Investing Cash Flow": "199,072", "Financing Cash Flow": "100,582", "End Cash Position": "503,496", "Income Tax Paid Supplemental Data": "191", "Interest Paid Supplemental Data": "7,035", "Capital Expenditure": "-2,007", "Repurchase of Capital Stock": "-4,610", "Free Cash Flow": "11,510"}, "12/31/2019": {"Duration": "12/31/2019", "Operating Cash Flow": "21,374", "Investing Cash Flow": "184,176", "Financing Cash Flow": "-113,429", "End Cash Position": "190,325", "Income Tax Paid Supplemental Data": "412", "Interest Paid Supplemental Data": "13,446", "Capital Expenditure": "-798", "Repurchase of Capital Stock": "-18,139", "Free Cash Flow": "20,576"}, "12/31/2018": {"Duration": "12/31/2018", "Operating Cash Flow": "20,685", "Investing Cash Flow": "8,060", "Financing Cash Flow": "-58,133", "End Cash Position": "98,204", "Income Tax Paid Supplemental Data": "342", "Interest Paid Supplemental Data": "9,073", "Capital Expenditure": "-1,609", "Repurchase of Capital Stock": "-23,284", "Free Cash Flow": "19,076"}}}}, {"FSBK": {"quote": {"04/04/2021": {"value": "", "Net Assets": "N/A", "Beta (5Y Monthly)": "N/A", "Yield": "N/A", "5y Average Return": "N/A", "Holdings Turnover": "N/A", "Last Dividend": "N/A", "Average for Category": "N/A", "Inception Date": "N/A"}}, "fin": {}, "bs": {}, "cf": {}}}, {"PBSK": {"quote": {"04/04/2021": {"value": "", "Net Assets": "N/A", "Beta (5Y Monthly)": "N/A", "Yield": "N/A", "5y Average Return": "N/A", "Holdings Turnover": "N/A", "Last Dividend": "N/A", "Average for Category": "N/A", "Inception Date": "N/A"}}, "fin": {}, "bs": {}, "cf": {}}}, {"IROQ": {"quote": {"04/04/2021": {"value": "21.60", "Market Cap": "69.992M", "Beta (5Y Monthly)": "0.82", "PE Ratio (TTM)": "13.32", "EPS (TTM)": "1.62", "Earnings Date": "Jan 29, 2021", "Forward Dividend & Yield": "0.30 (1.42%)", "Ex-Dividend Date": "Mar 25, 2021", "1y Target Est": "N/A"}}, "fin": {"TTM": {"Duration": "TTM", "Total Revenue": "25,017", "Credit Losses Provision": "-478", "Non Interest Expense": "17,629", "Pretax Income": "6,910", "Tax Provision": "1,935", "Net Income Common Stockholders": "4,975", "Diluted NI Available to Com Stockholders": "4,975", "Basic EPS": "-", "Diluted EPS": "-", "Basic Average Shares": "-", "Diluted Average Shares": "-", "INTEREST_INCOME_AFTER_PROVISION_FOR_LOAN_LOSS": "18,714", "Net Income from Continuing & Discontinued Operation": "4,975", "Normalized Income": "4,986", "Total Money Market Investments": "129", "Reconciled Depreciation": "682", "Net Income from Continuing Operation Net Minority Interest": "4,975", "Total Unusual Items Excluding Goodwill": "-15", "Total Unusual Items": "-15", "Tax Rate for Calcs": "0", "Tax Effect of Unusual Items": "-4.2004"}, "6/30/2020": {"Duration": "6/30/2020", "Total Revenue": "23,071", "Credit Losses Provision": "-128", "Non Interest Expense": "17,059", "Pretax Income": "5,884", "Tax Provision": "1,639", "Net Income Common Stockholders": "4,245", "Diluted NI Available to Com Stockholders": "4,245", "Basic EPS": "1.37", "Diluted EPS": "1.35", "Basic Average Shares": "3,103", "Diluted Average Shares": "3,148", "INTEREST_INCOME_AFTER_PROVISION_FOR_LOAN_LOSS": "18,089", "Net Income from Continuing & Discontinued Operation": "4,245", "Normalized Income": "4,264", "Total Money Market Investments": "267", "Reconciled Depreciation": "671", "Net Income from Continuing Operation Net Minority Interest": "4,245", "Total Unusual Items Excluding Goodwill": "-27", "Total Unusual Items": "-27", "Tax Rate for Calcs": "0", "Tax Effect of Unusual Items": "-7.533"}, "6/30/2019": {"Duration": "6/30/2019", "Total Revenue": "22,033", "Credit Losses Provision": "-407", "Non Interest Expense": "16,775", "Pretax Income": "4,851", "Tax Provision": "1,293", "Net Income Common Stockholders": "3,558", "Diluted NI Available to Com Stockholders": "3,558", "Basic EPS": "1.02", "Diluted EPS": "1.01", "Basic Average Shares": "3,476", "Diluted Average Shares": "3,530", "INTEREST_INCOME_AFTER_PROVISION_FOR_LOAN_LOSS": "17,314", "Net Income from Continuing & Discontinued Operation": "3,558", "Normalized Income": "3,556", "Total Money Market Investments": "279", "Reconciled Depreciation": "628", "Net Income from Continuing Operation Net Minority Interest": "3,558", "Total Unusual Items Excluding Goodwill": "3", "Total Unusual Items": "3", "Tax Rate for Calcs": "0", "Tax Effect of Unusual Items": "0.801"}, "6/30/2018": {"Duration": "6/30/2018", "Total Revenue": "21,596", "Credit Losses Provision": "-777", "Non Interest Expense": "16,356", "Pretax Income": "4,463", "Tax Provision": "2,725", "Net Income Common Stockholders": "1,738", "Diluted NI Available to Com Stockholders": "1,738", "Basic EPS": "0.47", "Diluted EPS": "0.47", "Basic Average Shares": "3,659", "Diluted Average Shares": "3,699", "INTEREST_INCOME_AFTER_PROVISION_FOR_LOAN_LOSS": "16,632", "Net Income from Continuing & Discontinued Operation": "1,738", "Normalized Income": "1,756", "Total Money Market Investments": "129", "Reconciled Depreciation": "468", "Net Income from Continuing Operation Net Minority Interest": "1,738", "Total Unusual Items Excluding Goodwill": "-24", "Total Unusual Items": "-24", "Tax Rate for Calcs": "0", "Tax Effect of Unusual Items": "-6.48"}}, "bs": {}, "cf": {"TTM": {"Duration": "TTM", "Operating Cash Flow": "5,839", "Investing Cash Flow": "-35,814", "Financing Cash Flow": "26,796", "End Cash Position": "7,665", "Income Tax Paid Supplemental Data": "2,321", "Interest Paid Supplemental Data": "7,761", "Capital Expenditure": "-258", "Issuance of Debt": "142,000", "Repayment of Debt": "-153,500", "Repurchase of Capital Stock": "-443", "Free Cash Flow": "5,581"}, "6/30/2020": {"Duration": "6/30/2020", "Operating Cash Flow": "6,896", "Investing Cash Flow": "-34,303", "Financing Cash Flow": "1,274", "End Cash Position": "33,467", "Income Tax Paid Supplemental Data": "1,145", "Interest Paid Supplemental Data": "8,958", "Capital Expenditure": "-158", "Issuance of Debt": "106,500", "Repayment of Debt": "-93,000", "Repurchase of Capital Stock": "-7,459", "Free Cash Flow": "6,738"}, "6/30/2019": {"Duration": "6/30/2019", "Operating Cash Flow": "5,797", "Investing Cash Flow": "-27,135", "Financing Cash Flow": "76,184", "End Cash Position": "59,600", "Income Tax Paid Supplemental Data": "365", "Interest Paid Supplemental Data": "8,241", "Capital Expenditure": "-1,108", "Issuance of Debt": "111,500", "Repayment of Debt": "-155,000", "Repurchase of Capital Stock": "-6,222", "Free Cash Flow": "4,689"}, "6/30/2018": {"Duration": "6/30/2018", "Operating Cash Flow": "4,838", "Investing Cash Flow": "-60,668", "Financing Cash Flow": "52,818", "End Cash Position": "4,754", "Income Tax Paid Supplemental Data": "2,094", "Interest Paid Supplemental Data": "5,156", "Capital Expenditure": "-4,854", "Issuance of Debt": "140,000", "Repayment of Debt": "-126,000", "Repurchase of Capital Stock": "-1,380", "Free Cash Flow": "-16"}}}}, {"NIDB": {"quote": {"04/04/2021": {"value": "40.00", "Market Cap": "48.413M", "Beta (5Y Monthly)": "0.48", "PE Ratio (TTM)": "8.62", "EPS (TTM)": "4.64", "Earnings Date": "Feb 05, 2021", "Forward Dividend & Yield": "1.12 (2.80%)", "Ex-Dividend Date": "Feb 10, 2021", "1y Target Est": "N/A"}}, "fin": {"TTM": {"Duration": "TTM", "Total Revenue": "16,926", "Credit Losses Provision": "-580", "Non Interest Expense": "9,587", "Pretax Income": "6,759", "Tax Provision": "1,160", "Net Income Common Stockholders": "5,600", "Diluted NI Available to Com Stockholders": "5,600", "Basic EPS": "-", "Diluted EPS": "-", "Basic Average Shares": "-", "Diluted Average Shares": "-", "INTEREST_INCOME_AFTER_PROVISION_FOR_LOAN_LOSS": "11,828", "Net Income from Continuing & Discontinued Operation": "5,600", "Normalized Income": "5,613", "Total Money Market Investments": "123.41", "Reconciled Depreciation": "1,743", "Net Income from Continuing Operation Net Minority Interest": "5,600", "Total Unusual Items Excluding Goodwill": "-16.535", "Total Unusual Items": "-16.535", "Tax Rate for Calcs": "0", "Tax Effect of Unusual Items": "-2.8368"}, "12/31/2020": {"Duration": "12/31/2020", "Total Revenue": "16,926", "Credit Losses Provision": "-580", "Non Interest Expense": "9,587", "Pretax Income": "6,759", "Tax Provision": "1,160", "Net Income Common Stockholders": "5,600", "Diluted NI Available to Com Stockholders": "5,600", "Basic EPS": "-", "Diluted EPS": "-", "Basic Average Shares": "-", "Diluted Average Shares": "-", "INTEREST_INCOME_AFTER_PROVISION_FOR_LOAN_LOSS": "11,828", "Net Income from Continuing & Discontinued Operation": "5,600", "Normalized Income": "5,613", "Total Money Market Investments": "123.41", "Reconciled Depreciation": "1,743", "Net Income from Continuing Operation Net Minority Interest": "5,600", "Total Unusual Items Excluding Goodwill": "-16.535", "Total Unusual Items": "-16.535", "Tax Rate for Calcs": "0", "Tax Effect of Unusual Items": "-2.8368"}, "12/31/2019": {"Duration": "12/31/2019", "Total Revenue": "14,935", "Credit Losses Provision": "-425", "Non Interest Expense": "9,031", "Pretax Income": "5,478", "Tax Provision": "792.964", "Net Income Common Stockholders": "4,685", "Diluted NI Available to Com Stockholders": "4,685", "Basic EPS": "-", "Diluted EPS": "-", "Basic Average Shares": "-", "Diluted Average Shares": "-", "INTEREST_INCOME_AFTER_PROVISION_FOR_LOAN_LOSS": "11,235", "Net Income from Continuing & Discontinued Operation": "4,685", "Normalized Income": "4,689", "Total Money Market Investments": "219.822", "Reconciled Depreciation": "1,300", "Net Income from Continuing Operation Net Minority Interest": "4,685", "Total Unusual Items Excluding Goodwill": "-4.439", "Total Unusual Items": "-4.439", "Tax Rate for Calcs": "0", "Tax Effect of Unusual Items": "-0.6425"}, "12/31/2018": {"Duration": "12/31/2018", "Total Revenue": "13,893", "Credit Losses Provision": "-175", "Non Interest Expense": "8,875", "Pretax Income": "4,843", "Tax Provision": "676.278", "Net Income Common Stockholders": "4,167", "Diluted NI Available to Com Stockholders": "4,167", "Basic EPS": "3.49", "Diluted EPS": "3.48", "Basic Average Shares": "1,194", "Diluted Average Shares": "1,196", "INTEREST_INCOME_AFTER_PROVISION_FOR_LOAN_LOSS": "10,762", "Net Income from Continuing & Discontinued Operation": "4,167", "Normalized Income": "4,174", "Total Money Market Investments": "146.436", "Reconciled Depreciation": "1,003", "Net Income from Continuing Operation Net Minority Interest": "4,167", "Total Unusual Items Excluding Goodwill": "-8.153", "Total Unusual Items": "-8.153", "Tax Rate for Calcs": "0", "Tax Effect of Unusual Items": "-1.1385"}}, "bs": {}, "cf": {"TTM": {"Duration": "TTM", "Operating Cash Flow": "6,472", "Investing Cash Flow": "-33,679", "Financing Cash Flow": "30,700", "End Cash Position": "14,709", "Income Tax Paid Supplemental Data": "1,630", "Interest Paid Supplemental Data": "3,110", "Capital Expenditure": "-685.092", "Issuance of Debt": "17,500", "Repayment of Debt": "-28,932", "Repurchase of Capital Stock": "-", "Free Cash Flow": "5,787"}, "12/31/2020": {"Duration": "12/31/2020", "Operating Cash Flow": "6,472", "Investing Cash Flow": "-33,679", "Financing Cash Flow": "30,700", "End Cash Position": "14,709", "Income Tax Paid Supplemental Data": "1,630", "Interest Paid Supplemental Data": "3,110", "Capital Expenditure": "-685.092", "Issuance of Debt": "17,500", "Repayment of Debt": "-28,932", "Repurchase of Capital Stock": "-", "Free Cash Flow": "5,787"}, "12/31/2019": {"Duration": "12/31/2019", "Operating Cash Flow": "5,748", "Investing Cash Flow": "-15,060", "Financing Cash Flow": "14,236", "End Cash Position": "11,216", "Income Tax Paid Supplemental Data": "770", "Interest Paid Supplemental Data": "4,353", "Capital Expenditure": "-1,322", "Issuance of Debt": "33,000", "Repayment of Debt": "-35,527", "Repurchase of Capital Stock": "0", "Free Cash Flow": "4,426"}, "12/31/2018": {"Duration": "12/31/2018", "Operating Cash Flow": "4,163", "Investing Cash Flow": "-22,770", "Financing Cash Flow": "17,384", "End Cash Position": "6,291", "Income Tax Paid Supplemental Data": "615", "Interest Paid Supplemental Data": "3,135", "Capital Expenditure": "-132.519", "Issuance of Debt": "41,065", "Repayment of Debt": "-42,500", "Repurchase of Capital Stock": "-304.023", "Free Cash Flow": "4,030"}}}}, {"KSBI": {"quote": {"04/04/2021": {"value": "29.33", "Market Cap": "10.489M", "Beta (5Y Monthly)": "0.07", "PE Ratio (TTM)": "7.43", "EPS (TTM)": "3.95", "Earnings Date": "Apr 24, 2020", "Forward Dividend & Yield": "0.48 (1.64%)", "Ex-Dividend Date": "Jan 29, 2021", "1y Target Est": "N/A"}}, "fin": {}, "bs": {}, "cf": {}}}, {"TDCB": {"quote": {"04/04/2021": {"value": "14.60", "Market Cap": "7.186M", "Beta (5Y Monthly)": "0.48", "PE Ratio (TTM)": "9.80", "EPS (TTM)": "1.49", "Earnings Date": "N/A", "Forward Dividend & Yield": "0.32 (2.19%)", "Ex-Dividend Date": "Mar 12, 2021", "1y Target Est": "N/A"}}, "fin": {}, "bs": {}, "cf": {}}}, {"SNNY": {"quote": {"04/04/2021": {"value": "14.80", "Market Cap": "11.744M", "Beta (5Y Monthly)": "N/A", "PE Ratio (TTM)": "N/A", "EPS (TTM)": "-0.31", "Earnings Date": "N/A", "Forward Dividend & Yield": "N/A (N/A)", "Ex-Dividend Date": "N/A", "1y Target Est": "N/A"}}, "fin": {"TTM": {"Duration": "TTM", "Total Revenue": "1,994", "Credit Losses Provision": "-98.38", "Non Interest Expense": "2,373", "Special Income Charges": "-", "Pretax Income": "-476.641", "Tax Provision": "-111.063", "Net Income Common Stockholders": "-365.578", "Diluted NI Available to Com Stockholders": "-365.578", "Basic EPS": "-", "Diluted EPS": "-", "Basic Average Shares": "-", "Diluted Average Shares": "-", "INTEREST_INCOME_AFTER_PROVISION_FOR_LOAN_LOSS": "1,753", "Net Income from Continuing & Discontinued Operation": "-365.578", "Normalized Income": "-365.578", "Total Money Market Investments": "41.419", "Reconciled Depreciation": "109.9", "Net Income from Continuing Operation Net Minority Interest": "-365.578", "Total Unusual Items Excluding Goodwill": "-", "Total Unusual Items": "-", "Tax Rate for Calcs": "0", "Tax Effect of Unusual Items": "0"}, "12/31/2019": {"Duration": "12/31/2019", "Total Revenue": "2,225", "Credit Losses Provision": "-93.998", "Non Interest Expense": "2,578", "Special Income Charges": "-", "Pretax Income": "-446.114", "Tax Provision": "-107.958", "Net Income Common Stockholders": "-338.156", "Diluted NI Available to Com Stockholders": "-338.156", "Basic EPS": "-0.45", "Diluted EPS": "-0.45", "Basic Average Shares": "752.179", "Diluted Average Shares": "752.179", "INTEREST_INCOME_AFTER_PROVISION_FOR_LOAN_LOSS": "1,956", "Net Income from Continuing & Discontinued Operation": "-338.156", "Normalized Income": "-338.156", "Total Money Market Investments": "37.612", "Reconciled Depreciation": "108.664", "Net Income from Continuing Operation Net Minority Interest": "-338.156", "Total Unusual Items Excluding Goodwill": "-", "Total Unusual Items": "-", "Tax Rate for Calcs": "0", "Tax Effect of Unusual Items": "0"}, "12/31/2018": {"Duration": "12/31/2018", "Total Revenue": "2,536", "Credit Losses Provision": "-3.8", "Non Interest Expense": "2,467", "Special Income Charges": "-", "Pretax Income": "65.894", "Tax Provision": "13.788", "Net Income Common Stockholders": "52.106", "Diluted NI Available to Com Stockholders": "52.106", "Basic EPS": "0.07", "Diluted EPS": "0.07", "Basic Average Shares": "750.014", "Diluted Average Shares": "750.014", "INTEREST_INCOME_AFTER_PROVISION_FOR_LOAN_LOSS": "2,360", "Net Income from Continuing & Discontinued Operation": "52.106", "Normalized Income": "52.106", "Total Money Market Investments": "13.293", "Reconciled Depreciation": "135.016", "Net Income from Continuing Operation Net Minority Interest": "52.106", "Total Unusual Items Excluding Goodwill": "-", "Total Unusual Items": "-", "Tax Rate for Calcs": "0", "Tax Effect of Unusual Items": "0"}}, "bs": {}, "cf": {"TTM": {"Duration": "TTM", "Operating Cash Flow": "-95.155", "Investing Cash Flow": "-10,671", "Financing Cash Flow": "11,093", "End Cash Position": "2,147", "Income Tax Paid Supplemental Data": "9.8", "Interest Paid Supplemental Data": "660.868", "Capital Expenditure": "-49.201", "Issuance of Debt": "0", "Repayment of Debt": "-366.826", "Repurchase of Capital Stock": "-0.48", "Free Cash Flow": "-144.356"}, "12/31/2020": {"Duration": "12/31/2020", "Operating Cash Flow": "-95.155", "Investing Cash Flow": "-10,671", "Financing Cash Flow": "11,093", "End Cash Position": "2,147", "Income Tax Paid Supplemental Data": "9.8", "Interest Paid Supplemental Data": "660.868", "Capital Expenditure": "-49.201", "Issuance of Debt": "0", "Repayment of Debt": "-366.826", "Repurchase of Capital Stock": "-0.48", "Free Cash Flow": "-144.356"}, "12/31/2019": {"Duration": "12/31/2019", "Operating Cash Flow": "-48.161", "Investing Cash Flow": "-5,598", "Financing Cash Flow": "6,249", "End Cash Position": "1,820", "Income Tax Paid Supplemental Data": "3.369", "Interest Paid Supplemental Data": "620.55", "Capital Expenditure": "-52.303", "Issuance of Debt": "1,900", "Repayment of Debt": "-150.48", "Repurchase of Capital Stock": "-3.282", "Free Cash Flow": "-100.464"}, "12/31/2018": {"Duration": "12/31/2018", "Operating Cash Flow": "384.532", "Investing Cash Flow": "4,715", "Financing Cash Flow": "-5,111", "End Cash Position": "1,218", "Income Tax Paid Supplemental Data": "15.3", "Interest Paid Supplemental Data": "299.398", "Capital Expenditure": "-14.432", "Issuance of Debt": "-", "Repayment of Debt": "-", "Repurchase of Capital Stock": "-15.488", "Free Cash Flow": "370.1"}}}}, {"NWIN": {"quote": {"04/04/2021": {"value": "42.20", "Market Cap": "146.81M", "Beta (5Y Monthly)": "0.50", "PE Ratio (TTM)": "8.80", "EPS (TTM)": "4.80", "Earnings Date": "Jan 27, 2021", "Forward Dividend & Yield": "1.24 (2.94%)", "Ex-Dividend Date": "Mar 25, 2021", "1y Target Est": "N/A"}}, "fin": {"TTM": {"Duration": "TTM", "Total Revenue": "64,029", "Credit Losses Provision": "-3,687", "Non Interest Expense": "40,846", "Pretax Income": "19,496", "Tax Provision": "2,892", "Net Income Common Stockholders": "16,604", "Diluted NI Available to Com Stockholders": "16,604", "Basic EPS": "-", "Diluted EPS": "-", "Basic Average Shares": "-", "Diluted Average Shares": "-", "INTEREST_INCOME_AFTER_PROVISION_FOR_LOAN_LOSS": "42,194", "Net Income from Continuing & Discontinued Operation": "16,604", "Normalized Income": "16,538", "Reconciled Depreciation": "3,201", "Net Income from Continuing Operation Net Minority Interest": "16,604", "Total Unusual Items Excluding Goodwill": "78", "Total Unusual Items": "78", "Tax Rate for Calcs": "0", "Tax Effect of Unusual Items": "11.544"}, "12/31/2020": {"Duration": "12/31/2020", "Total Revenue": "64,029", "Credit Losses Provision": "-3,687", "Non Interest Expense": "40,846", "Pretax Income": "19,496", "Tax Provision": "2,892", "Net Income Common Stockholders": "16,604", "Diluted NI Available to Com Stockholders": "16,604", "Basic EPS": "-", "Diluted EPS": "-", "Basic Average Shares": "-", "Diluted Average Shares": "-", "INTEREST_INCOME_AFTER_PROVISION_FOR_LOAN_LOSS": "42,194", "Net Income from Continuing & Discontinued Operation": "16,604", "Normalized Income": "16,538", "Reconciled Depreciation": "3,201", "Net Income from Continuing Operation Net Minority Interest": "16,604", "Total Unusual Items Excluding Goodwill": "78", "Total Unusual Items": "78", "Tax Rate for Calcs": "0", "Tax Effect of Unusual Items": "11.544"}, "12/31/2019": {"Duration": "12/31/2019", "Total Revenue": "53,828", "Credit Losses Provision": "-2,584", "Non Interest Expense": "37,388", "Pretax Income": "13,856", "Tax Provision": "1,759", "Net Income Common Stockholders": "12,097", "Diluted NI Available to Com Stockholders": "12,097", "Basic EPS": "3.53", "Diluted EPS": "3.53", "Basic Average Shares": "3,425", "Diluted Average Shares": "3,425", "INTEREST_INCOME_AFTER_PROVISION_FOR_LOAN_LOSS": "40,574", "Net Income from Continuing & Discontinued Operation": "12,097", "Normalized Income": "12,029", "Reconciled Depreciation": "1,948", "Net Income from Continuing Operation Net Minority Interest": "12,097", "Total Unusual Items Excluding Goodwill": "78", "Total Unusual Items": "78", "Tax Rate for Calcs": "0", "Tax Effect of Unusual Items": "9.906"}, "12/31/2018": {"Duration": "12/31/2018", "Total Revenue": "43,458", "Credit Losses Provision": "-1,308", "Non Interest Expense": "31,383", "Pretax Income": "10,767", "Tax Provision": "1,430", "Net Income Common Stockholders": "9,337", "Diluted NI Available to Com Stockholders": "9,337", "Basic EPS": "3.17", "Diluted EPS": "3.17", "Basic Average Shares": "2,945", "Diluted Average Shares": "2,945", "INTEREST_INCOME_AFTER_PROVISION_FOR_LOAN_LOSS": "33,051", "Net Income from Continuing & Discontinued Operation": "9,337", "Normalized Income": "9,290", "Reconciled Depreciation": "2,659", "Net Income from Continuing Operation Net Minority Interest": "9,337", "Total Unusual Items Excluding Goodwill": "54", "Total Unusual Items": "54", "Tax Rate for Calcs": "0", "Tax Effect of Unusual Items": "7.182"}}, "bs": {}, "cf": {"TTM": {"Duration": "TTM", "Operating Cash Flow": "21,149", "Investing Cash Flow": "-186,558", "Financing Cash Flow": "138,073", "End Cash Position": "19,922", "Income Tax Paid Supplemental Data": "1,025", "Interest Paid Supplemental Data": "5,865", "Capital Expenditure": "-3,735", "Issuance of Debt": "2,361", "Repayment of Debt": "-8,000", "Free Cash Flow": "17,414"}, "12/31/2020": {"Duration": "12/31/2020", "Operating Cash Flow": "21,149", "Investing Cash Flow": "-186,558", "Financing Cash Flow": "138,073", "End Cash Position": "19,922", "Income Tax Paid Supplemental Data": "1,025", "Interest Paid Supplemental Data": "5,865", "Capital Expenditure": "-3,735", "Issuance of Debt": "2,361", "Repayment of Debt": "-8,000", "Free Cash Flow": "17,414"}, "12/31/2019": {"Duration": "12/31/2019", "Operating Cash Flow": "10,957", "Investing Cash Flow": "-28,174", "Financing Cash Flow": "47,336", "End Cash Position": "47,258", "Income Tax Paid Supplemental Data": "1,605", "Interest Paid Supplemental Data": "9,099", "Capital Expenditure": "-3,041", "Issuance of Debt": "0", "Repayment of Debt": "-29,129", "Free Cash Flow": "7,916"}, "12/31/2018": {"Duration": "12/31/2018", "Operating Cash Flow": "10,540", "Investing Cash Flow": "-31,167", "Financing Cash Flow": "26,741", "End Cash Position": "17,139", "Income Tax Paid Supplemental Data": "1,130", "Interest Paid Supplemental Data": "4,947", "Capital Expenditure": "-1,011", "Issuance of Debt": "77,000", "Repayment of Debt": "-54,553", "Free Cash Flow": "9,529"}}}}, {"LPBC": {"quote": {"04/04/2021": {"value": "8.45", "Market Cap": "8.998M", "Beta (5Y Monthly)": "0.57", "PE Ratio (TTM)": "N/A", "EPS (TTM)": "-0.97", "Earnings Date": "Jan 31, 2020 - Feb 03, 2020", "Forward Dividend & Yield": "0.08 (0.64%)", "Ex-Dividend Date": "Mar 24, 2017", "1y Target Est": "N/A"}}, "fin": {}, "bs": {}, "cf": {}}}, {"FNWB": {"quote": {"04/04/2021": {"value": "16.86", "Market Cap": "171.984M", "Beta (5Y Monthly)": "1.01", "PE Ratio (TTM)": "15.33", "EPS (TTM)": "1.10", "Earnings Date": "Apr 27, 2021 - May 03, 2021", "Forward Dividend & Yield": "0.24 (1.44%)", "Ex-Dividend Date": "Feb 11, 2021", "1y Target Est": "N/A"}}, "fin": {"TTM": {"Duration": "TTM", "Total Revenue": "59,804", "Credit Losses Provision": "-5,046", "Non Interest Expense": "41,254", "Income from Associates & Other Participating Interests": "-", "Special Income Charges": "-210", "Pretax Income": "13,294", "Tax Provision": "2,954", "Net Income Common Stockholders": "10,340", "Diluted NI Available to Com Stockholders": "10,340", "Basic EPS": "-", "Diluted EPS": "-", "Basic Average Shares": "-", "Diluted Average Shares": "-", "INTEREST_INCOME_AFTER_PROVISION_FOR_LOAN_LOSS": "38,657", "Net Income from Continuing & Discontinued Operation": "10,340", "Normalized Income": "10,503", "Total Money Market Investments": "94", "Reconciled Depreciation": "1,653", "Net Income from Continuing Operation Net Minority Interest": "10,340", "Total Unusual Items Excluding Goodwill": "-210", "Total Unusual Items": "-210", "Tax Rate for Calcs": "0", "Tax Effect of Unusual Items": "-46.6632"}, "12/31/2020": {"Duration": "12/31/2020", "Total Revenue": "59,804", "Credit Losses Provision": "-5,046", "Non Interest Expense": "41,254", "Income from Associates & Other Participating Interests": "-", "Special Income Charges": "-210", "Pretax Income": "13,294", "Tax Provision": "2,954", "Net Income Common Stockholders": "10,340", "Diluted NI Available to Com Stockholders": "10,340", "Basic EPS": "-", "Diluted EPS": "-", "Basic Average Shares": "-", "Diluted Average Shares": "-", "INTEREST_INCOME_AFTER_PROVISION_FOR_LOAN_LOSS": "38,657", "Net Income from Continuing & Discontinued Operation": "10,340", "Normalized Income": "10,503", "Total Money Market Investments": "94", "Reconciled Depreciation": "1,653", "Net Income from Continuing Operation Net Minority Interest": "10,340", "Total Unusual Items Excluding Goodwill": "-210", "Total Unusual Items": "-210", "Tax Rate for Calcs": "0", "Tax Effect of Unusual Items": "-46.6632"}, "12/31/2019": {"Duration": "12/31/2019", "Total Revenue": "44,809", "Credit Losses Provision": "-669", "Non Interest Expense": "32,773", "Income from Associates & Other Participating Interests": "68", "Special Income Charges": "-344", "Pretax Income": "11,091", "Tax Provision": "2,077", "Net Income Common Stockholders": "9,014", "Diluted NI Available to Com Stockholders": "9,014", "Basic EPS": "0.92", "Diluted EPS": "0.91", "Basic Average Shares": "9,798", "Diluted Average Shares": "9,905", "INTEREST_INCOME_AFTER_PROVISION_FOR_LOAN_LOSS": "36,864", "Net Income from Continuing & Discontinued Operation": "9,014", "Normalized Income": "9,294", "Total Money Market Investments": "244", "Reconciled Depreciation": "1,590", "Net Income from Continuing Operation Net Minority Interest": "9,014", "Total Unusual Items Excluding Goodwill": "-344", "Total Unusual Items": "-344", "Tax Rate for Calcs": "0", "Tax Effect of Unusual Items": "-64.4205"}, "12/31/2018": {"Duration": "12/31/2018", "Total Revenue": "42,711", "Credit Losses Provision": "-1,174", "Non Interest Expense": "32,857", "Income from Associates & Other Participating Interests": "-", "Special Income Charges": "0", "Pretax Income": "8,680", "Tax Provision": "1,575", "Net Income Common Stockholders": "7,105", "Diluted NI Available to Com Stockholders": "7,105", "Basic EPS": "0.69", "Diluted EPS": "0.68", "Basic Average Shares": "10,297", "Diluted Average Shares": "10,449", "INTEREST_INCOME_AFTER_PROVISION_FOR_LOAN_LOSS": "35,307", "Net Income from Continuing & Discontinued Operation": "7,105", "Normalized Income": "7,105", "Total Money Market Investments": "186", "Reconciled Depreciation": "1,581", "Net Income from Continuing Operation Net Minority Interest": "7,105", "Total Unusual Items Excluding Goodwill": "0", "Total Unusual Items": "0", "Tax Rate for Calcs": "0", "Tax Effect of Unusual Items": "0"}, "12/31/2017": {"Duration": "12/31/2017", "Total Revenue": "-", "Credit Losses Provision": "-", "Non Interest Expense": "-", "Income from Associates & Other Participating Interests": "-", "Special Income Charges": "-", "Pretax Income": "-", "Tax Provision": "-", "Net Income Common Stockholders": "-", "Diluted NI Available to Com Stockholders": "-", "Basic EPS": "0.00", "Diluted EPS": "0.00", "Basic Average Shares": "-", "Diluted Average Shares": "-", "INTEREST_INCOME_AFTER_PROVISION_FOR_LOAN_LOSS": "-", "Net Income from Continuing & Discontinued Operation": "-", "Normalized Income": "-", "Total Money Market Investments": "-", "Reconciled Depreciation": "-", "Net Income from Continuing Operation Net Minority Interest": "-", "Total Unusual Items Excluding Goodwill": "-", "Total Unusual Items": "-", "Tax Rate for Calcs": "-", "Tax Effect of Unusual Items": "-"}}, "bs": {}, "cf": {"TTM": {"Duration": "TTM", "Operating Cash Flow": "11,840", "Investing Cash Flow": "-314,538", "Financing Cash Flow": "319,114", "End Cash Position": "65,155", "Income Tax Paid Supplemental Data": "2,900", "Interest Paid Supplemental Data": "8,043", "Capital Expenditure": "-1,818", "Issuance of Capital Stock": "-", "Issuance of Debt": "30,000", "Repayment of Debt": "-32,953", "Repurchase of Capital Stock": "-7,413", "Free Cash Flow": "10,022"}, "12/31/2020": {"Duration": "12/31/2020", "Operating Cash Flow": "11,840", "Investing Cash Flow": "-314,538", "Financing Cash Flow": "319,114", "End Cash Position": "65,155", "Income Tax Paid Supplemental Data": "2,900", "Interest Paid Supplemental Data": "8,043", "Capital Expenditure": "-1,818", "Issuance of Capital Stock": "-", "Issuance of Debt": "30,000", "Repayment of Debt": "-32,953", "Repurchase of Capital Stock": "-7,413", "Free Cash Flow": "10,022"}, "12/31/2019": {"Duration": "12/31/2019", "Operating Cash Flow": "14,097", "Investing Cash Flow": "-19,950", "Financing Cash Flow": "28,269", "End Cash Position": "48,739", "Income Tax Paid Supplemental Data": "1,700", "Interest Paid Supplemental Data": "11,596", "Capital Expenditure": "-426", "Issuance of Capital Stock": "-", "Issuance of Debt": "20,000", "Repayment of Debt": "-43,622", "Repurchase of Capital Stock": "-7,830", "Free Cash Flow": "13,671"}, "12/31/2018": {"Duration": "12/31/2018", "Operating Cash Flow": "13,337", "Investing Cash Flow": "-60,725", "Financing Cash Flow": "36,910", "End Cash Position": "26,323", "Income Tax Paid Supplemental Data": "1,020", "Interest Paid Supplemental Data": "8,817", "Capital Expenditure": "-2,841", "Issuance of Capital Stock": "-", "Issuance of Debt": "689,711", "Repayment of Debt": "-697,259", "Repurchase of Capital Stock": "-10,003", "Free Cash Flow": "10,496"}}}}, {"FBSI": {"quote": {"04/04/2021": {"value": "14.75", "Market Cap": "17.819M", "Beta (5Y Monthly)": "0.32", "PE Ratio (TTM)": "9.90", "EPS (TTM)": "1.49", "Earnings Date": "Jan 22, 2021", "Forward Dividend & Yield": "0.25 (1.69%)", "Ex-Dividend Date": "Mar 12, 2021", "1y Target Est": "N/A"}}, "fin": {}, "bs": {}, "cf": {}}}, {"BHWB": {"quote": {"04/04/2021": {"value": "29.99", "Market Cap": "101.137M", "Beta (5Y Monthly)": "0.43", "PE Ratio (TTM)": "9.23", "EPS (TTM)": "3.25", "Earnings Date": "N/A", "Forward Dividend & Yield": "0.44 (1.47%)", "Ex-Dividend Date": "Mar 04, 2021", "1y Target Est": "N/A"}}, "fin": {"TTM": {"Duration": "TTM", "Total Revenue": "55,949", "Credit Losses Provision": "-7,600", "Non Interest Expense": "34,469", "Pretax Income": "13,880", "Tax Provision": "3,033", "Net Income Common Stockholders": "10,847", "Diluted NI Available to Com Stockholders": "10,847", "Basic EPS": "-", "Diluted EPS": "-", "Basic Average Shares": "-", "Diluted Average Shares": "-", "INTEREST_INCOME_AFTER_PROVISION_FOR_LOAN_LOSS": "30,249", "Net Income from Continuing & Discontinued Operation": "10,847", "Normalized Income": "10,847", "Total Money Market Investments": "-", "Reconciled Depreciation": "2,153", "Net Income from Continuing Operation Net Minority Interest": "10,847", "Tax Rate for Calcs": "0", "Tax Effect of Unusual Items": "0"}, "12/31/2020": {"Duration": "12/31/2020", "Total Revenue": "55,949", "Credit Losses Provision": "-7,600", "Non Interest Expense": "34,469", "Pretax Income": "13,880", "Tax Provision": "3,033", "Net Income Common Stockholders": "10,847", "Diluted NI Available to Com Stockholders": "10,847", "Basic EPS": "-", "Diluted EPS": "-", "Basic Average Shares": "-", "Diluted Average Shares": "-", "INTEREST_INCOME_AFTER_PROVISION_FOR_LOAN_LOSS": "30,249", "Net Income from Continuing & Discontinued Operation": "10,847", "Normalized Income": "10,847", "Total Money Market Investments": "-", "Reconciled Depreciation": "2,153", "Net Income from Continuing Operation Net Minority Interest": "10,847", "Tax Rate for Calcs": "0", "Tax Effect of Unusual Items": "0"}, "12/31/2019": {"Duration": "12/31/2019", "Total Revenue": "47,238", "Credit Losses Provision": "-2,010", "Non Interest Expense": "33,039", "Pretax Income": "12,189", "Tax Provision": "2,585", "Net Income Common Stockholders": "9,604", "Diluted NI Available to Com Stockholders": "9,604", "Basic EPS": "2.90", "Diluted EPS": "2.90", "Basic Average Shares": "3,306", "Diluted Average Shares": "3,306", "INTEREST_INCOME_AFTER_PROVISION_FOR_LOAN_LOSS": "31,674", "Net Income from Continuing & Discontinued Operation": "9,604", "Normalized Income": "9,604", "Total Money Market Investments": "-", "Reconciled Depreciation": "2,065", "Net Income from Continuing Operation Net Minority Interest": "9,604", "Tax Rate for Calcs": "0", "Tax Effect of Unusual Items": "0"}, "12/31/2018": {"Duration": "12/31/2018", "Total Revenue": "37,711", "Credit Losses Provision": "-1,180", "Non Interest Expense": "26,429", "Pretax Income": "10,102", "Tax Provision": "1,960", "Net Income Common Stockholders": "8,142", "Diluted NI Available to Com Stockholders": "8,142", "Basic EPS": "2.47", "Diluted EPS": "2.47", "Basic Average Shares": "3,291", "Diluted Average Shares": "3,292", "INTEREST_INCOME_AFTER_PROVISION_FOR_LOAN_LOSS": "26,291", "Net Income from Continuing & Discontinued Operation": "8,142", "Normalized Income": "8,142", "Total Money Market Investments": "-", "Reconciled Depreciation": "1,278", "Net Income from Continuing Operation Net Minority Interest": "8,142", "Tax Rate for Calcs": "0", "Tax Effect of Unusual Items": "0"}}, "bs": {}, "cf": {"TTM": {"Duration": "TTM", "Operating Cash Flow": "18,458", "Investing Cash Flow": "-157,260", "Financing Cash Flow": "159,852", "End Cash Position": "54,131", "Income Tax Paid Supplemental Data": "1,290", "Interest Paid Supplemental Data": "3,971", "Capital Expenditure": "-972", "Issuance of Capital Stock": "1,599", "Issuance of Debt": "4,000", "Repayment of Debt": "-1,167", "Repurchase of Capital Stock": "-737", "Free Cash Flow": "17,486"}, "12/31/2020": {"Duration": "12/31/2020", "Operating Cash Flow": "18,458", "Investing Cash Flow": "-157,260", "Financing Cash Flow": "159,852", "End Cash Position": "54,131", "Income Tax Paid Supplemental Data": "1,290", "Interest Paid Supplemental Data": "3,971", "Capital Expenditure": "-972", "Issuance of Capital Stock": "1,599", "Issuance of Debt": "4,000", "Repayment of Debt": "-1,167", "Repurchase of Capital Stock": "-737", "Free Cash Flow": "17,486"}, "12/31/2019": {"Duration": "12/31/2019", "Operating Cash Flow": "12,356", "Investing Cash Flow": "23,799", "Financing Cash Flow": "-21,041", "End Cash Position": "33,081", "Income Tax Paid Supplemental Data": "2,175", "Interest Paid Supplemental Data": "6,821", "Capital Expenditure": "-2,751", "Issuance of Capital Stock": "0", "Issuance of Debt": "24,000", "Repayment of Debt": "-", "Repurchase of Capital Stock": "-204", "Free Cash Flow": "9,605"}, "12/31/2018": {"Duration": "12/31/2018", "Operating Cash Flow": "4,105", "Investing Cash Flow": "-93,800", "Financing Cash Flow": "87,591", "End Cash Position": "19,437", "Income Tax Paid Supplemental Data": "1,740", "Interest Paid Supplemental Data": "4,403", "Capital Expenditure": "-5,032", "Issuance of Capital Stock": "131", "Issuance of Debt": "-", "Repayment of Debt": "0", "Repurchase of Capital Stock": "-211", "Free Cash Flow": "-927"}}}}, {"CASH": {"quote": {"04/04/2021": {"value": "46.35", "Market Cap": "1.495B", "Beta (5Y Monthly)": "0.95", "PE Ratio (TTM)": "14.41", "EPS (TTM)": "3.22", "Earnings Date": "Jan 27, 2021", "Forward Dividend & Yield": "0.20 (0.43%)", "Ex-Dividend Date": "Mar 09, 2021", "1y Target Est": "48.25"}}, "fin": {"TTM": {"Duration": "TTM", "Total Revenue": "452,918", "Credit Losses Provision": "-67,458", "Non Interest Expense": "276,970", "Special Income Charges": "16,376", "Pretax Income": "124,866", "Tax Provision": "8,514", "Net Income Common Stockholders": "111,595", "Diluted NI Available to Com Stockholders": "111,595", "Basic EPS": "-", "Diluted EPS": "-", "Basic Average Shares": "-", "Diluted Average Shares": "-", "INTEREST_INCOME_AFTER_PROVISION_FOR_LOAN_LOSS": "192,928", "Net Income from Continuing & Discontinued Operation": "111,689", "Normalized Income": "87,261", "Reconciled Depreciation": "59,511", "Net Income from Continuing Operation Net Minority Interest": "111,689", "Total Unusual Items Excluding Goodwill": "26,216", "Total Unusual Items": "26,216", "Tax Rate for Calcs": "0", "Tax Effect of Unusual Items": "1,788"}, "9/30/2020": {"Duration": "9/30/2020", "Total Revenue": "443,234", "Credit Losses Provision": "-64,776", "Non Interest Expense": "280,746", "Special Income Charges": "17,293", "Pretax Income": "115,005", "Tax Provision": "5,661", "Net Income Common Stockholders": "104,720", "Diluted NI Available to Com Stockholders": "104,720", "Basic EPS": "2.94", "Diluted EPS": "2.94", "Basic Average Shares": "35,652", "Diluted Average Shares": "35,652", "INTEREST_INCOME_AFTER_PROVISION_FOR_LOAN_LOSS": "194,262", "Net Income from Continuing & Discontinued Operation": "104,720", "Normalized Income": "84,066", "Reconciled Depreciation": "60,745", "Net Income from Continuing Operation Net Minority Interest": "104,720", "Total Unusual Items Excluding Goodwill": "21,718", "Total Unusual Items": "21,718", "Tax Rate for Calcs": "0", "Tax Effect of Unusual Items": "1,064"}, "9/30/2019": {"Duration": "9/30/2019", "Total Revenue": "452,447", "Credit Losses Provision": "-55,650", "Non Interest Expense": "289,195", "Special Income Charges": "-9,660", "Pretax Income": "97,942", "Tax Provision": "-3,374", "Net Income Common Stockholders": "97,004", "Diluted NI Available to Com Stockholders": "97,004", "Basic EPS": "2.49", "Diluted EPS": "2.49", "Basic Average Shares": "38,881", "Diluted Average Shares": "38,922", "INTEREST_INCOME_AFTER_PROVISION_FOR_LOAN_LOSS": "208,557", "Net Income from Continuing & Discontinued Operation": "97,004", "Normalized Income": "104,259", "Reconciled Depreciation": "55,149", "Net Income from Continuing Operation Net Minority Interest": "97,004", "Total Unusual Items Excluding Goodwill": "-9,938", "Total Unusual Items": "-9,938", "Tax Rate for Calcs": "0", "Tax Effect of Unusual Items": "-2,683"}, "9/30/2018": {"Duration": "9/30/2018", "Total Revenue": "275,224", "Credit Losses Provision": "-29,432", "Non Interest Expense": "188,364", "Special Income Charges": "-18", "Pretax Income": "57,410", "Tax Provision": "5,117", "Net Income Common Stockholders": "51,620", "Diluted NI Available to Com Stockholders": "51,620", "Basic EPS": "1.68", "Diluted EPS": "1.67", "Basic Average Shares": "30,737", "Diluted Average Shares": "30,853", "INTEREST_INCOME_AFTER_PROVISION_FOR_LOAN_LOSS": "101,117", "Net Income from Continuing & Discontinued Operation": "51,620", "Normalized Income": "51,654", "Reconciled Depreciation": "143", "Net Income from Continuing Operation Net Minority Interest": "51,620", "Total Unusual Items Excluding Goodwill": "-37", "Total Unusual Items": "-37", "Tax Rate for Calcs": "0", "Tax Effect of Unusual Items": "-3.33"}}, "bs": {}, "cf": {"TTM": {"Duration": "TTM", "Operating Cash Flow": "501,831", "Investing Cash Flow": "-294,221", "Financing Cash Flow": "1,226,424", "End Cash Position": "1,586,223", "Income Tax Paid Supplemental Data": "6,292", "Interest Paid Supplemental Data": "33,116", "Capital Expenditure": "-59,567", "Issuance of Capital Stock": "0", "Issuance of Debt": "-", "Repayment of Debt": "-254,927", "Repurchase of Capital Stock": "-144,753", "Free Cash Flow": "442,264"}, "9/30/2020": {"Duration": "9/30/2020", "Operating Cash Flow": "467,220", "Investing Cash Flow": "-206,316", "Financing Cash Flow": "40,019", "End Cash Position": "427,367", "Income Tax Paid Supplemental Data": "6,223", "Interest Paid Supplemental Data": "41,294", "Capital Expenditure": "-65,903", "Issuance of Capital Stock": "2", "Issuance of Debt": "-", "Repayment of Debt": "-276,737", "Repurchase of Capital Stock": "-118,738", "Free Cash Flow": "401,317"}, "9/30/2019": {"Duration": "9/30/2019", "Operating Cash Flow": "191,012", "Investing Cash Flow": "-339,198", "Financing Cash Flow": "174,876", "End Cash Position": "126,545", "Income Tax Paid Supplemental Data": "-", "Interest Paid Supplemental Data": "59,902", "Capital Expenditure": "-158,403", "Issuance of Capital Stock": "3", "Issuance of Debt": "275,000", "Repayment of Debt": "-88", "Repurchase of Capital Stock": "-49,912", "Free Cash Flow": "32,609"}, "9/30/2018": {"Duration": "9/30/2018", "Operating Cash Flow": "51,733", "Investing Cash Flow": "-20,314", "Financing Cash Flow": "-17,779", "End Cash Position": "28,209", "Income Tax Paid Supplemental Data": "-", "Interest Paid Supplemental Data": "-", "Capital Expenditure": "-", "Issuance of Capital Stock": "295,771", "Issuance of Debt": "-", "Repayment of Debt": "-11,900", "Repurchase of Capital Stock": "-2,598", "Free Cash Flow": "51,733"}}}}, {"OCFC": {"quote": {"04/04/2021": {"value": "23.79", "Market Cap": "1.425B", "Beta (5Y Monthly)": "0.96", "PE Ratio (TTM)": "23.32", "EPS (TTM)": "1.02", "Earnings Date": "Apr 29, 2021", "Forward Dividend & Yield": "0.68 (2.86%)", "Ex-Dividend Date": "Feb 05, 2021", "1y Target Est": "24.88"}}, "fin": {"TTM": {"Duration": "TTM", "Total Revenue": "365,663", "Credit Losses Provision": "-59,404", "Non Interest Expense": "222,861", "Income from Associates & Other Participating Interests": "21,214", "Special Income Charges": "-23,570", "Pretax Income": "81,042", "Tax Provision": "17,733", "Net Income Common Stockholders": "61,212", "Diluted NI Available to Com Stockholders": "61,212", "Basic EPS": "-", "Diluted EPS": "-", "Basic Average Shares": "-", "Diluted Average Shares": "-", "INTEREST_INCOME_AFTER_PROVISION_FOR_LOAN_LOSS": "253,547", "Net Income from Continuing & Discontinued Operation": "63,309", "Normalized Income": "81,690", "Reconciled Depreciation": "6,186", "Net Income from Continuing Operation Net Minority Interest": "63,309", "Total Unusual Items Excluding Goodwill": "-23,535", "Total Unusual Items": "-23,535", "Tax Rate for Calcs": "0", "Tax Effect of Unusual Items": "-5,154"}, "12/31/2020": {"Duration": "12/31/2020", "Total Revenue": "365,663", "Credit Losses Provision": "-59,404", "Non Interest Expense": "222,861", "Income from Associates & Other Participating Interests": "21,214", "Special Income Charges": "-23,570", "Pretax Income": "81,042", "Tax Provision": "17,733", "Net Income Common Stockholders": "61,212", "Diluted NI Available to Com Stockholders": "61,212", "Basic EPS": "-", "Diluted EPS": "-", "Basic Average Shares": "-", "Diluted Average Shares": "-", "INTEREST_INCOME_AFTER_PROVISION_FOR_LOAN_LOSS": "253,547", "Net Income from Continuing & Discontinued Operation": "63,309", "Normalized Income": "81,690", "Reconciled Depreciation": "14,639", "Net Income from Continuing Operation Net Minority Interest": "63,309", "Total Unusual Items Excluding Goodwill": "-23,535", "Total Unusual Items": "-23,535", "Tax Rate for Calcs": "0", "Tax Effect of Unusual Items": "-5,154"}, "12/31/2019": {"Duration": "12/31/2019", "Total Revenue": "298,136", "Credit Losses Provision": "-1,636", "Non Interest Expense": "169,589", "Income from Associates & Other Participating Interests": "-", "Special Income Charges": "-19,553", "Pretax Income": "107,358", "Tax Provision": "18,784", "Net Income Common Stockholders": "88,574", "Diluted NI Available to Com Stockholders": "88,574", "Basic EPS": "1.77", "Diluted EPS": "1.75", "Basic Average Shares": "50,166", "Diluted Average Shares": "50,746", "INTEREST_INCOME_AFTER_PROVISION_FOR_LOAN_LOSS": "254,335", "Net Income from Continuing & Discontinued Operation": "88,574", "Normalized Income": "104,977", "Reconciled Depreciation": "12,390", "Net Income from Continuing Operation Net Minority Interest": "88,574", "Total Unusual Items Excluding Goodwill": "-19,883", "Total Unusual Items": "-19,883", "Tax Rate for Calcs": "0", "Tax Effect of Unusual Items": "-3,480"}, "12/31/2018": {"Duration": "12/31/2018", "Total Revenue": "275,329", "Credit Losses Provision": "-3,490", "Non Interest Expense": "156,275", "Income from Associates & Other Participating Interests": "-", "Special Income Charges": "-30,062", "Pretax Income": "85,502", "Tax Provision": "13,570", "Net Income Common Stockholders": "71,932", "Diluted NI Available to Com Stockholders": "71,932", "Basic EPS": "1.54", "Diluted EPS": "1.51", "Basic Average Shares": "46,773", "Diluted Average Shares": "47,657", "INTEREST_INCOME_AFTER_PROVISION_FOR_LOAN_LOSS": "237,012", "Net Income from Continuing & Discontinued Operation": "71,932", "Normalized Income": "100,420", "Reconciled Depreciation": "12,517", "Net Income from Continuing Operation Net Minority Interest": "71,932", "Total Unusual Items Excluding Goodwill": "-33,874", "Total Unusual Items": "-33,874", "Tax Rate for Calcs": "0", "Tax Effect of Unusual Items": "-5,386"}}, "bs": {}, "cf": {"TTM": {"Duration": "TTM", "Operating Cash Flow": "132,656", "Investing Cash Flow": "-22,169", "Financing Cash Flow": "1,074,948", "End Cash Position": "1,318,661", "Income Tax Paid Supplemental Data": "5,742", "Interest Paid Supplemental Data": "66,454", "Capital Expenditure": "-14,728", "Issuance of Capital Stock": "55,529", "Issuance of Debt": "700,958", "Repayment of Debt": "-902,087", "Repurchase of Capital Stock": "-14,814", "Free Cash Flow": "117,928"}, "12/31/2020": {"Duration": "12/31/2020", "Operating Cash Flow": "132,656", "Investing Cash Flow": "-22,169", "Financing Cash Flow": "1,074,948", "End Cash Position": "1,318,661", "Income Tax Paid Supplemental Data": "5,742", "Interest Paid Supplemental Data": "66,454", "Capital Expenditure": "-14,728", "Issuance of Capital Stock": "55,529", "Issuance of Debt": "700,958", "Repayment of Debt": "-902,087", "Repurchase of Capital Stock": "-14,814", "Free Cash Flow": "117,928"}, "12/31/2019": {"Duration": "12/31/2019", "Operating Cash Flow": "100,247", "Investing Cash Flow": "-172,122", "Financing Cash Flow": "82,773", "End Cash Position": "133,226", "Income Tax Paid Supplemental Data": "20,006", "Interest Paid Supplemental Data": "52,315", "Capital Expenditure": "-5,075", "Issuance of Capital Stock": "-", "Issuance of Debt": "80,000", "Repayment of Debt": "-106,881", "Repurchase of Capital Stock": "-26,066", "Free Cash Flow": "95,172"}, "12/31/2018": {"Duration": "12/31/2018", "Operating Cash Flow": "92,551", "Investing Cash Flow": "48,553", "Financing Cash Flow": "-128,389", "End Cash Position": "120,792", "Income Tax Paid Supplemental Data": "2,317", "Interest Paid Supplemental Data": "36,447", "Capital Expenditure": "-11,487", "Issuance of Capital Stock": "-", "Issuance of Debt": "0", "Repayment of Debt": "-67,594", "Repurchase of Capital Stock": "-10,837", "Free Cash Flow": "81,064"}}}}, {"CFFN": {"quote": {"04/04/2021": {"value": "13.38", "Market Cap": "1.857B", "Beta (5Y Monthly)": "0.32", "PE Ratio (TTM)": "30.14", "EPS (TTM)": "0.44", "Earnings Date": "Apr 29, 2021", "Forward Dividend & Yield": "0.34 (2.54%)", "Ex-Dividend Date": "Feb 04, 2021", "1y Target Est": "13.50"}}, "fin": {"TTM": {"Duration": "TTM", "Total Revenue": "200,671", "Credit Losses Provision": "-20,543", "Non Interest Expense": "103,626", "Pretax Income": "76,502", "Tax Provision": "15,575", "Net Income Common Stockholders": "60,881", "Diluted NI Available to Com Stockholders": "60,881", "Basic EPS": "-", "Diluted EPS": "-", "Basic Average Shares": "-", "Diluted Average Shares": "-", "INTEREST_INCOME_AFTER_PROVISION_FOR_LOAN_LOSS": "163,908", "Net Income from Continuing & Discontinued Operation": "60,927", "Normalized Income": "60,927", "Reconciled Depreciation": "11,037", "Net Income from Continuing Operation Net Minority Interest": "60,927", "Tax Rate for Calcs": "0", "Tax Effect of Unusual Items": "0"}, "9/30/2020": {"Duration": "9/30/2020", "Total Revenue": "206,044", "Credit Losses Provision": "-22,300", "Non Interest Expense": "103,114", "Pretax Income": "80,630", "Tax Provision": "16,090", "Net Income Common Stockholders": "64,488", "Diluted NI Available to Com Stockholders": "64,488", "Basic EPS": "0.47", "Diluted EPS": "0.47", "Basic Average Shares": "137,897", "Diluted Average Shares": "137,901", "INTEREST_INCOME_AFTER_PROVISION_FOR_LOAN_LOSS": "167,035", "Net Income from Continuing & Discontinued Operation": "64,540", "Normalized Income": "64,540", "Reconciled Depreciation": "11,097", "Net Income from Continuing Operation Net Minority Interest": "64,540", "Tax Rate for Calcs": "0", "Tax Effect of Unusual Items": "0"}, "9/30/2019": {"Duration": "9/30/2019", "Total Revenue": "225,870", "Credit Losses Provision": "-750", "Non Interest Expense": "104,466", "Pretax Income": "120,654", "Tax Provision": "26,411", "Net Income Common Stockholders": "94,188", "Diluted NI Available to Com Stockholders": "94,188", "Basic EPS": "0.68", "Diluted EPS": "0.68", "Basic Average Shares": "137,677", "Diluted Average Shares": "137,735", "INTEREST_INCOME_AFTER_PROVISION_FOR_LOAN_LOSS": "205,640", "Net Income from Continuing & Discontinued Operation": "94,243", "Normalized Income": "94,243", "Reconciled Depreciation": "11,459", "Net Income from Continuing Operation Net Minority Interest": "94,243", "Tax Rate for Calcs": "0", "Tax Effect of Unusual Items": "0"}, "9/30/2018": {"Duration": "9/30/2018", "Total Revenue": "215,187", "Credit Losses Provision": "0", "Non Interest Expense": "91,281", "Pretax Income": "123,906", "Tax Provision": "24,979", "Net Income Common Stockholders": "98,887", "Diluted NI Available to Com Stockholders": "98,887", "Basic EPS": "0.73", "Diluted EPS": "0.73", "Basic Average Shares": "134,698", "Diluted Average Shares": "134,759", "INTEREST_INCOME_AFTER_PROVISION_FOR_LOAN_LOSS": "198,773", "Net Income from Continuing & Discontinued Operation": "98,927", "Normalized Income": "98,927", "Reconciled Depreciation": "8,692", "Net Income from Continuing Operation Net Minority Interest": "98,927", "Tax Rate for Calcs": "0", "Tax Effect of Unusual Items": "0"}}, "bs": {}, "cf": {"TTM": {"Duration": "TTM", "Operating Cash Flow": "85,321", "Investing Cash Flow": "-250,521", "Financing Cash Flow": "284,779", "End Cash Position": "216,842", "Income Tax Paid Supplemental Data": "13,045", "Interest Paid Supplemental Data": "118,610", "Capital Expenditure": "-12,918", "Issuance of Debt": "1,608,200", "Repayment of Debt": "-2,058,200", "Repurchase of Capital Stock": "-25,335", "Free Cash Flow": "72,403"}, "9/30/2020": {"Duration": "9/30/2020", "Operating Cash Flow": "92,928", "Investing Cash Flow": "-151,290", "Financing Cash Flow": "44,370", "End Cash Position": "239,708", "Income Tax Paid Supplemental Data": "13,045", "Interest Paid Supplemental Data": "118,610", "Capital Expenditure": "-14,742", "Issuance of Debt": "1,665,600", "Repayment of Debt": "-2,112,600", "Repurchase of Capital Stock": "-20,767", "Free Cash Flow": "78,186"}, "9/30/2019": {"Duration": "9/30/2019", "Operating Cash Flow": "80,947", "Investing Cash Flow": "233,259", "Financing Cash Flow": "-199,561", "End Cash Position": "253,700", "Income Tax Paid Supplemental Data": "17,779", "Interest Paid Supplemental Data": "123,508", "Capital Expenditure": "-11,732", "Issuance of Debt": "5,518,700", "Repayment of Debt": "-5,563,752", "Repurchase of Capital Stock": "-", "Free Cash Flow": "69,215"}, "9/30/2018": {"Duration": "9/30/2018", "Operating Cash Flow": "124,163", "Investing Cash Flow": "-21,567", "Financing Cash Flow": "-315,200", "End Cash Position": "139,055", "Income Tax Paid Supplemental Data": "24,785", "Interest Paid Supplemental Data": "119,699", "Capital Expenditure": "-11,761", "Issuance of Debt": "17,275,100", "Repayment of Debt": "-17,414,200", "Repurchase of Capital Stock": "-", "Free Cash Flow": "112,402"}}}}, {"OFED": {"quote": {"04/04/2021": {"value": "26.90", "Market Cap": "150.756M", "Beta (5Y Monthly)": "0.71", "PE Ratio (TTM)": "36.40", "EPS (TTM)": "0.74", "Earnings Date": "Aug 14, 2020", "Forward Dividend & Yield": "0.40 (1.49%)", "Ex-Dividend Date": "Feb 10, 2021", "1y Target Est": "N/A"}}, "fin": {"TTM": {"Duration": "TTM", "Total Revenue": "17,104", "Credit Losses Provision": "-50", "Non Interest Expense": "11,718", "Pretax Income": "5,336", "Tax Provision": "1,152", "Net Income Common Stockholders": "4,181", "Diluted NI Available to Com Stockholders": "4,181", "Basic EPS": "-", "Diluted EPS": "-", "Basic Average Shares": "-", "Diluted Average Shares": "-", "INTEREST_INCOME_AFTER_PROVISION_FOR_LOAN_LOSS": "15,075", "Net Income from Continuing & Discontinued Operation": "4,184", "Normalized Income": "4,184", "Total Money Market Investments": "-", "Reconciled Depreciation": "1,562", "Net Income from Continuing Operation Net Minority Interest": "4,184", "Tax Rate for Calcs": "0", "Tax Effect of Unusual Items": "0"}, "6/30/2020": {"Duration": "6/30/2020", "Total Revenue": "16,614", "Credit Losses Provision": "-50", "Non Interest Expense": "11,800", "Pretax Income": "4,764", "Tax Provision": "900", "Net Income Common Stockholders": "3,860", "Diluted NI Available to Com Stockholders": "3,860", "Basic EPS": "0.68", "Diluted EPS": "0.67", "Basic Average Shares": "5,654", "Diluted Average Shares": "5,719", "INTEREST_INCOME_AFTER_PROVISION_FOR_LOAN_LOSS": "14,766", "Net Income from Continuing & Discontinued Operation": "3,864", "Normalized Income": "3,864", "Total Money Market Investments": "-", "Reconciled Depreciation": "1,305", "Net Income from Continuing Operation Net Minority Interest": "3,864", "Tax Rate for Calcs": "0", "Tax Effect of Unusual Items": "0"}, "6/30/2019": {"Duration": "6/30/2019", "Total Revenue": "16,729", "Credit Losses Provision": "-218", "Non Interest Expense": "11,917", "Pretax Income": "4,594", "Tax Provision": "874", "Net Income Common Stockholders": "3,714", "Diluted NI Available to Com Stockholders": "3,714", "Basic EPS": "0.65", "Diluted EPS": "0.64", "Basic Average Shares": "5,686", "Diluted Average Shares": "5,760", "INTEREST_INCOME_AFTER_PROVISION_FOR_LOAN_LOSS": "15,035", "Net Income from Continuing & Discontinued Operation": "3,720", "Normalized Income": "3,720", "Total Money Market Investments": "-", "Reconciled Depreciation": "1,148", "Net Income from Continuing Operation Net Minority Interest": "3,720", "Tax Rate for Calcs": "0", "Tax Effect of Unusual Items": "0"}, "6/30/2018": {"Duration": "6/30/2018", "Total Revenue": "16,605", "Credit Losses Provision": "-108", "Non Interest Expense": "11,757", "Pretax Income": "4,740", "Tax Provision": "1,705", "Net Income Common Stockholders": "3,027", "Diluted NI Available to Com Stockholders": "3,027", "Basic EPS": "0.53", "Diluted EPS": "0.52", "Basic Average Shares": "5,661", "Diluted Average Shares": "5,790", "INTEREST_INCOME_AFTER_PROVISION_FOR_LOAN_LOSS": "15,128", "Net Income from Continuing & Discontinued Operation": "3,035", "Normalized Income": "3,035", "Total Money Market Investments": "164", "Reconciled Depreciation": "1,317", "Net Income from Continuing Operation Net Minority Interest": "3,035", "Tax Rate for Calcs": "0", "Tax Effect of Unusual Items": "0"}}, "bs": {}, "cf": {"TTM": {"Duration": "TTM", "Operating Cash Flow": "3,524", "Investing Cash Flow": "-5,347", "Financing Cash Flow": "16,668", "End Cash Position": "36,466", "Capital Expenditure": "-343", "Issuance of Capital Stock": "6", "Issuance of Debt": "-", "Repayment of Debt": "0", "Repurchase of Capital Stock": "-3,259", "Free Cash Flow": "3,181"}, "6/30/2020": {"Duration": "6/30/2020", "Operating Cash Flow": "5,093", "Investing Cash Flow": "10,979", "Financing Cash Flow": "-18,180", "End Cash Position": "34,582", "Capital Expenditure": "-1,848", "Issuance of Capital Stock": "0", "Issuance of Debt": "5,000", "Repayment of Debt": "-19,000", "Repurchase of Capital Stock": "-3,937", "Free Cash Flow": "3,245"}, "6/30/2019": {"Duration": "6/30/2019", "Operating Cash Flow": "5,518", "Investing Cash Flow": "-11,135", "Financing Cash Flow": "32,397", "End Cash Position": "36,690", "Capital Expenditure": "-1,811", "Issuance of Capital Stock": "180", "Issuance of Debt": "54,100", "Repayment of Debt": "-49,600", "Repurchase of Capital Stock": "-1,587", "Free Cash Flow": "3,707"}, "6/30/2018": {"Duration": "6/30/2018", "Operating Cash Flow": "6,379", "Investing Cash Flow": "-22,158", "Financing Cash Flow": "4,944", "End Cash Position": "9,910", "Capital Expenditure": "-669", "Issuance of Capital Stock": "-", "Issuance of Debt": "43,000", "Repayment of Debt": "-28,500", "Repurchase of Capital Stock": "-428", "Free Cash Flow": "5,710"}}}}, {"KRNY": {"quote": {"04/04/2021": {"value": "12.27", "Market Cap": "1.033B", "Beta (5Y Monthly)": "0.78", "PE Ratio (TTM)": "19.92", "EPS (TTM)": "0.62", "Earnings Date": "Apr 27, 2021 - May 03, 2021", "Forward Dividend & Yield": "0.36 (2.93%)", "Ex-Dividend Date": "Mar 02, 2021", "1y Target Est": "12.83"}}, "fin": {"TTM": {"Duration": "TTM", "Total Revenue": "189,812", "Credit Losses Provision": "-9,138", "Non Interest Expense": "111,003", "Special Income Charges": "-4,980", "Pretax Income": "64,691", "Tax Provision": "13,421", "Net Income Common Stockholders": "51,270", "Diluted NI Available to Com Stockholders": "51,270", "Basic EPS": "-", "Diluted EPS": "-", "Basic Average Shares": "-", "Diluted Average Shares": "-", "INTEREST_INCOME_AFTER_PROVISION_FOR_LOAN_LOSS": "157,637", "Net Income from Continuing & Discontinued Operation": "51,270", "Normalized Income": "55,217", "Reconciled Depreciation": "6,351", "Net Income from Continuing Operation Net Minority Interest": "51,270", "Total Unusual Items Excluding Goodwill": "-4,980", "Total Unusual Items": "-4,980", "Tax Rate for Calcs": "0", "Tax Effect of Unusual Items": "-1,033"}, "6/30/2020": {"Duration": "6/30/2020", "Total Revenue": "169,073", "Credit Losses Provision": "-4,197", "Non Interest Expense": "104,517", "Special Income Charges": "-3,107", "Pretax Income": "57,252", "Tax Provision": "12,287", "Net Income Common Stockholders": "44,965", "Diluted NI Available to Com Stockholders": "44,965", "Basic EPS": "0.55", "Diluted EPS": "0.55", "Basic Average Shares": "83,663", "Diluted Average Shares": "83,663", "INTEREST_INCOME_AFTER_PROVISION_FOR_LOAN_LOSS": "145,157", "Net Income from Continuing & Discontinued Operation": "44,965", "Normalized Income": "47,427", "Reconciled Depreciation": "5,812", "Net Income from Continuing Operation Net Minority Interest": "44,965", "Total Unusual Items Excluding Goodwill": "-3,135", "Total Unusual Items": "-3,135", "Tax Rate for Calcs": "0", "Tax Effect of Unusual Items": "-672.771"}, "6/30/2019": {"Duration": "6/30/2019", "Total Revenue": "168,868", "Credit Losses Provision": "-3,556", "Non Interest Expense": "109,243", "Special Income Charges": "0", "Pretax Income": "56,069", "Tax Provision": "13,927", "Net Income Common Stockholders": "42,142", "Diluted NI Available to Com Stockholders": "42,142", "Basic EPS": "0.46", "Diluted EPS": "0.46", "Basic Average Shares": "91,054", "Diluted Average Shares": "91,100", "INTEREST_INCOME_AFTER_PROVISION_FOR_LOAN_LOSS": "151,757", "Net Income from Continuing & Discontinued Operation": "42,142", "Normalized Income": "42,150", "Reconciled Depreciation": "5,457", "Net Income from Continuing Operation Net Minority Interest": "42,142", "Total Unusual Items Excluding Goodwill": "-11", "Total Unusual Items": "-11", "Tax Rate for Calcs": "0", "Tax Effect of Unusual Items": "-2.7324"}, "6/30/2018": {"Duration": "6/30/2018", "Total Revenue": "134,556", "Credit Losses Provision": "-2,706", "Non Interest Expense": "91,107", "Special Income Charges": "-6,743", "Pretax Income": "34,000", "Tax Provision": "14,404", "Net Income Common Stockholders": "19,596", "Diluted NI Available to Com Stockholders": "19,596", "Basic EPS": "0.24", "Diluted EPS": "0.24", "Basic Average Shares": "82,587", "Diluted Average Shares": "82,643", "INTEREST_INCOME_AFTER_PROVISION_FOR_LOAN_LOSS": "118,587", "Net Income from Continuing & Discontinued Operation": "19,596", "Normalized Income": "24,532", "Reconciled Depreciation": "3,588", "Net Income from Continuing Operation Net Minority Interest": "19,596", "Total Unusual Items Excluding Goodwill": "-6,762", "Total Unusual Items": "-6,762", "Tax Rate for Calcs": "0", "Tax Effect of Unusual Items": "-1,826"}}, "bs": {}, "cf": {"TTM": {"Duration": "TTM", "Operating Cash Flow": "25,902", "Investing Cash Flow": "-36,248", "Financing Cash Flow": "98,244", "End Cash Position": "129,694", "Income Tax Paid Supplemental Data": "14,622", "Interest Paid Supplemental Data": "70,657", "Capital Expenditure": "-5,496", "Issuance of Capital Stock": "-", "Issuance of Debt": "3,105,000", "Repayment of Debt": "-3,546,838", "Repurchase of Capital Stock": "-64,067", "Free Cash Flow": "20,406"}, "6/30/2020": {"Duration": "6/30/2020", "Operating Cash Flow": "19,821", "Investing Cash Flow": "84,970", "Financing Cash Flow": "37,241", "End Cash Position": "180,967", "Income Tax Paid Supplemental Data": "11,812", "Interest Paid Supplemental Data": "88,740", "Capital Expenditure": "-5,960", "Issuance of Capital Stock": "-", "Issuance of Debt": "3,390,000", "Repayment of Debt": "-3,508,146", "Repurchase of Capital Stock": "-70,865", "Free Cash Flow": "13,861"}, "6/30/2019": {"Duration": "6/30/2019", "Operating Cash Flow": "39,923", "Investing Cash Flow": "-148,867", "Financing Cash Flow": "19,015", "End Cash Position": "38,935", "Income Tax Paid Supplemental Data": "6,698", "Interest Paid Supplemental Data": "78,117", "Capital Expenditure": "-6,137", "Issuance of Capital Stock": "-", "Issuance of Debt": "3,252,000", "Repayment of Debt": "-3,141,114", "Repurchase of Capital Stock": "-142,697", "Free Cash Flow": "33,786"}, "6/30/2018": {"Duration": "6/30/2018", "Operating Cash Flow": "45,095", "Investing Cash Flow": "-1,447", "Financing Cash Flow": "6,979", "End Cash Position": "128,864", "Income Tax Paid Supplemental Data": "9,333", "Interest Paid Supplemental Data": "49,581", "Capital Expenditure": "-8,268", "Issuance of Capital Stock": "-", "Issuance of Debt": "2,500,000", "Repayment of Debt": "-2,520,334", "Repurchase of Capital Stock": "-143,972", "Free Cash Flow": "36,827"}}}}, {"FFIC": {"quote": {"04/04/2021": {"value": "20.97", "Market Cap": "649.11M", "Beta (5Y Monthly)": "0.90", "PE Ratio (TTM)": "17.77", "EPS (TTM)": "1.18", "Earnings Date": "Apr 27, 2021", "Forward Dividend & Yield": "0.84 (4.01%)", "Ex-Dividend Date": "Mar 11, 2021", "1y Target Est": "23.63"}}, "fin": {"TTM": {"Duration": "TTM", "Total Revenue": "206,206", "Credit Losses Provision": "-23,129", "Non Interest Expense": "130,061", "Special Income Charges": "-7,834", "Pretax Income": "45,182", "Tax Provision": "10,508", "Net Income Common Stockholders": "34,674", "Diluted NI Available to Com Stockholders": "34,674", "Basic EPS": "-", "Diluted EPS": "-", "Basic Average Shares": "-", "Diluted Average Shares": "-", "INTEREST_INCOME_AFTER_PROVISION_FOR_LOAN_LOSS": "172,027", "Net Income from Continuing & Discontinued Operation": "34,674", "Normalized Income": "40,710", "Reconciled Depreciation": "6,320", "Net Income from Continuing Operation Net Minority Interest": "34,674", "Total Unusual Items Excluding Goodwill": "-7,870", "Total Unusual Items": "-7,870", "Tax Rate for Calcs": "0", "Tax Effect of Unusual Items": "-1,834"}, "12/31/2020": {"Duration": "12/31/2020", "Total Revenue": "206,206", "Credit Losses Provision": "-23,129", "Non Interest Expense": "130,061", "Special Income Charges": "-7,834", "Pretax Income": "45,182", "Tax Provision": "10,508", "Net Income Common Stockholders": "34,674", "Diluted NI Available to Com Stockholders": "34,674", "Basic EPS": "-", "Diluted EPS": "-", "Basic Average Shares": "-", "Diluted Average Shares": "-", "INTEREST_INCOME_AFTER_PROVISION_FOR_LOAN_LOSS": "172,027", "Net Income from Continuing & Discontinued Operation": "34,674", "Normalized Income": "40,710", "Reconciled Depreciation": "6,320", "Net Income from Continuing Operation Net Minority Interest": "34,674", "Total Unusual Items Excluding Goodwill": "-7,870", "Total Unusual Items": "-7,870", "Tax Rate for Calcs": "0", "Tax Effect of Unusual Items": "-1,834"}, "12/31/2019": {"Duration": "12/31/2019", "Total Revenue": "171,411", "Credit Losses Provision": "-2,811", "Non Interest Expense": "115,269", "Special Income Charges": "770", "Pretax Income": "53,331", "Tax Provision": "12,052", "Net Income Common Stockholders": "41,279", "Diluted NI Available to Com Stockholders": "41,279", "Basic EPS": "1.44", "Diluted EPS": "1.44", "Basic Average Shares": "28,709", "Diluted Average Shares": "28,709", "INTEREST_INCOME_AFTER_PROVISION_FOR_LOAN_LOSS": "159,056", "Net Income from Continuing & Discontinued Operation": "41,279", "Normalized Income": "40,684", "Reconciled Depreciation": "5,930", "Net Income from Continuing Operation Net Minority Interest": "41,279", "Total Unusual Items Excluding Goodwill": "770", "Total Unusual Items": "770", "Tax Rate for Calcs": "0", "Tax Effect of Unusual Items": "174.79"}, "12/31/2018": {"Duration": "12/31/2018", "Total Revenue": "177,770", "Credit Losses Provision": "-575", "Non Interest Expense": "111,710", "Special Income Charges": "0", "Pretax Income": "65,485", "Tax Provision": "10,395", "Net Income Common Stockholders": "55,090", "Diluted NI Available to Com Stockholders": "55,090", "Basic EPS": "1.92", "Diluted EPS": "1.92", "Basic Average Shares": "28,709", "Diluted Average Shares": "28,710", "INTEREST_INCOME_AFTER_PROVISION_FOR_LOAN_LOSS": "166,764", "Net Income from Continuing & Discontinued Operation": "55,090", "Normalized Income": "54,108", "Reconciled Depreciation": "5,792", "Net Income from Continuing Operation Net Minority Interest": "55,090", "Total Unusual Items Excluding Goodwill": "1,168", "Total Unusual Items": "1,168", "Tax Rate for Calcs": "0", "Tax Effect of Unusual Items": "185.712"}}, "bs": {}, "cf": {"TTM": {"Duration": "TTM", "Operating Cash Flow": "71,278", "Investing Cash Flow": "93,098", "Financing Cash Flow": "-56,775", "End Cash Position": "157,388", "Income Tax Paid Supplemental Data": "17,919", "Interest Paid Supplemental Data": "71,380", "Capital Expenditure": "-2,512", "Issuance of Debt": "215,378", "Repayment of Debt": "-451,999", "Repurchase of Capital Stock": "-3,877", "Free Cash Flow": "68,766"}, "12/31/2020": {"Duration": "12/31/2020", "Operating Cash Flow": "71,278", "Investing Cash Flow": "93,098", "Financing Cash Flow": "-56,775", "End Cash Position": "157,388", "Income Tax Paid Supplemental Data": "17,919", "Interest Paid Supplemental Data": "71,380", "Capital Expenditure": "-2,512", "Issuance of Debt": "215,378", "Repayment of Debt": "-451,999", "Repurchase of Capital Stock": "-3,877", "Free Cash Flow": "68,766"}, "12/31/2019": {"Duration": "12/31/2019", "Operating Cash Flow": "63,770", "Investing Cash Flow": "-194,769", "Financing Cash Flow": "62,225", "End Cash Position": "49,787", "Income Tax Paid Supplemental Data": "15,369", "Interest Paid Supplemental Data": "115,616", "Capital Expenditure": "-4,213", "Issuance of Debt": "240,750", "Repayment of Debt": "-257,102", "Repurchase of Capital Stock": "-2,656", "Free Cash Flow": "59,557"}, "12/31/2018": {"Duration": "12/31/2018", "Operating Cash Flow": "77,303", "Investing Cash Flow": "-477,995", "Financing Cash Flow": "467,707", "End Cash Position": "118,561", "Income Tax Paid Supplemental Data": "6,616", "Interest Paid Supplemental Data": "85,112", "Capital Expenditure": "-5,409", "Issuance of Debt": "206,246", "Repayment of Debt": "-270,088", "Repurchase of Capital Stock": "-22,585", "Free Cash Flow": "71,894"}}}}, {"FCAP": {"quote": {"04/04/2021": {"value": "51.14", "Market Cap": "172.602M", "Beta (5Y Monthly)": "0.00", "PE Ratio (TTM)": "16.93", "EPS (TTM)": "3.02", "Earnings Date": "Jan 25, 2021", "Forward Dividend & Yield": "1.04 (2.03%)", "Ex-Dividend Date": "Mar 15, 2021", "1y Target Est": "N/A"}}, "fin": {"TTM": {"Duration": "TTM", "Total Revenue": "36,672", "Credit Losses Provision": "-1,801", "Non Interest Expense": "23,035", "Special Income Charges": "-", "Pretax Income": "11,836", "Tax Provision": "1,692", "Net Income Common Stockholders": "10,131", "Diluted NI Available to Com Stockholders": "10,131", "Basic EPS": "-", "Diluted EPS": "-", "Basic Average Shares": "-", "Diluted Average Shares": "-", "INTEREST_INCOME_AFTER_PROVISION_FOR_LOAN_LOSS": "26,222", "Net Income from Continuing & Discontinued Operation": "10,131", "Normalized Income": "10,142", "Reconciled Depreciation": "1,200", "Net Income from Continuing Operation Net Minority Interest": "10,131", "Total Unusual Items Excluding Goodwill": "-13", "Total Unusual Items": "-13", "Tax Rate for Calcs": "0", "Tax Effect of Unusual Items": "-1.859"}, "12/31/2020": {"Duration": "12/31/2020", "Total Revenue": "36,672", "Credit Losses Provision": "-1,801", "Non Interest Expense": "23,035", "Special Income Charges": "-", "Pretax Income": "11,836", "Tax Provision": "1,692", "Net Income Common Stockholders": "10,131", "Diluted NI Available to Com Stockholders": "10,131", "Basic EPS": "-", "Diluted EPS": "-", "Basic Average Shares": "-", "Diluted Average Shares": "-", "INTEREST_INCOME_AFTER_PROVISION_FOR_LOAN_LOSS": "26,222", "Net Income from Continuing & Discontinued Operation": "10,131", "Normalized Income": "10,142", "Reconciled Depreciation": "1,200", "Net Income from Continuing Operation Net Minority Interest": "10,131", "Total Unusual Items Excluding Goodwill": "-13", "Total Unusual Items": "-13", "Tax Rate for Calcs": "0", "Tax Effect of Unusual Items": "-1.859"}, "12/31/2019": {"Duration": "12/31/2019", "Total Revenue": "36,721", "Credit Losses Provision": "-1,425", "Non Interest Expense": "22,971", "Special Income Charges": "-", "Pretax Income": "12,325", "Tax Provision": "1,987", "Net Income Common Stockholders": "10,325", "Diluted NI Available to Com Stockholders": "10,325", "Basic EPS": "3.10", "Diluted EPS": "3.09", "Basic Average Shares": "3,333", "Diluted Average Shares": "3,344", "INTEREST_INCOME_AFTER_PROVISION_FOR_LOAN_LOSS": "28,566", "Net Income from Continuing & Discontinued Operation": "10,325", "Normalized Income": "10,576", "Reconciled Depreciation": "1,070", "Net Income from Continuing Operation Net Minority Interest": "10,325", "Total Unusual Items Excluding Goodwill": "-299", "Total Unusual Items": "-299", "Tax Rate for Calcs": "0", "Tax Effect of Unusual Items": "-48.139"}, "12/31/2018": {"Duration": "12/31/2018", "Total Revenue": "32,967", "Credit Losses Provision": "-1,168", "Non Interest Expense": "21,139", "Special Income Charges": "-", "Pretax Income": "10,660", "Tax Provision": "1,394", "Net Income Common Stockholders": "9,253", "Diluted NI Available to Com Stockholders": "9,253", "Basic EPS": "2.78", "Diluted EPS": "2.77", "Basic Average Shares": "3,328", "Diluted Average Shares": "3,335", "INTEREST_INCOME_AFTER_PROVISION_FOR_LOAN_LOSS": "26,010", "Net Income from Continuing & Discontinued Operation": "9,253", "Normalized Income": "9,667", "Reconciled Depreciation": "1,215", "Net Income from Continuing Operation Net Minority Interest": "9,253", "Total Unusual Items Excluding Goodwill": "-476", "Total Unusual Items": "-476", "Tax Rate for Calcs": "0", "Tax Effect of Unusual Items": "-62.356"}}, "bs": {}, "cf": {"TTM": {"Duration": "TTM", "Operating Cash Flow": "12,060", "Investing Cash Flow": "-62,414", "Financing Cash Flow": "174,882", "End Cash Position": "175,888", "Capital Expenditure": "-602", "Issuance of Debt": "-", "Repayment of Debt": "0", "Repurchase of Capital Stock": "-13", "Free Cash Flow": "11,458"}, "12/31/2020": {"Duration": "12/31/2020", "Operating Cash Flow": "12,060", "Investing Cash Flow": "-62,414", "Financing Cash Flow": "174,882", "End Cash Position": "175,888", "Capital Expenditure": "-602", "Issuance of Debt": "-", "Repayment of Debt": "0", "Repurchase of Capital Stock": "-13", "Free Cash Flow": "11,458"}, "12/31/2019": {"Duration": "12/31/2019", "Operating Cash Flow": "14,077", "Investing Cash Flow": "-21,107", "Financing Cash Flow": "17,278", "End Cash Position": "51,360", "Capital Expenditure": "-2,973", "Issuance of Debt": "-", "Repayment of Debt": "-", "Repurchase of Capital Stock": "-2", "Free Cash Flow": "11,104"}, "12/31/2018": {"Duration": "12/31/2018", "Operating Cash Flow": "13,348", "Investing Cash Flow": "-22,100", "Financing Cash Flow": "23,949", "End Cash Position": "41,112", "Capital Expenditure": "-402", "Issuance of Debt": "-", "Repayment of Debt": "-", "Repurchase of Capital Stock": "-34", "Free Cash Flow": "12,946"}}}}, {"EQFN": {"quote": {"04/04/2021": {"value": "12.10", "Market Cap": "34.942M", "Beta (5Y Monthly)": "0.65", "PE Ratio (TTM)": "20.13", "EPS (TTM)": "0.60", "Earnings Date": "N/A", "Forward Dividend & Yield": "N/A (N/A)", "Ex-Dividend Date": "N/A", "1y Target Est": "N/A"}}, "fin": {"TTM": {"Duration": "TTM", "Total Revenue": "18,521", "Credit Losses Provision": "-462.555", "Non Interest Expense": "13,900", "Pretax Income": "4,158", "Tax Provision": "959.098", "Net Income Common Stockholders": "3,199", "Diluted NI Available to Com Stockholders": "3,199", "Basic EPS": "-", "Diluted EPS": "-", "Basic Average Shares": "-", "Diluted Average Shares": "-", "INTEREST_INCOME_AFTER_PROVISION_FOR_LOAN_LOSS": "11,301", "Net Income from Continuing & Discontinued Operation": "3,199", "Normalized Income": "3,199", "Reconciled Depreciation": "-", "Net Income from Continuing Operation Net Minority Interest": "3,199", "Tax Rate for Calcs": "0", "Tax Effect of Unusual Items": "0"}, "6/30/2020": {"Duration": "6/30/2020", "Total Revenue": "16,788", "Credit Losses Provision": "-532.18", "Non Interest Expense": "12,811", "Pretax Income": "3,446", "Tax Provision": "815.416", "Net Income Common Stockholders": "2,630", "Diluted NI Available to Com Stockholders": "2,630", "Basic EPS": "0.85", "Diluted EPS": "0.85", "Basic Average Shares": "3,091", "Diluted Average Shares": "3,102", "INTEREST_INCOME_AFTER_PROVISION_FOR_LOAN_LOSS": "10,575", "Net Income from Continuing & Discontinued Operation": "2,630", "Normalized Income": "2,630", "Reconciled Depreciation": "730.556", "Net Income from Continuing Operation Net Minority Interest": "2,630", "Tax Rate for Calcs": "0", "Tax Effect of Unusual Items": "0"}, "6/30/2019": {"Duration": "6/30/2019", "Total Revenue": "13,943", "Credit Losses Provision": "-539.144", "Non Interest Expense": "11,285", "Pretax Income": "2,119", "Tax Provision": "537.099", "Net Income Common Stockholders": "1,582", "Diluted NI Available to Com Stockholders": "1,582", "Basic EPS": "0.47", "Diluted EPS": "0.47", "Basic Average Shares": "3,342", "Diluted Average Shares": "3,364", "INTEREST_INCOME_AFTER_PROVISION_FOR_LOAN_LOSS": "9,965", "Net Income from Continuing & Discontinued Operation": "1,582", "Normalized Income": "1,582", "Reconciled Depreciation": "631.214", "Net Income from Continuing Operation Net Minority Interest": "1,582", "Tax Rate for Calcs": "0", "Tax Effect of Unusual Items": "0"}, "6/30/2018": {"Duration": "6/30/2018", "Total Revenue": "12,188", "Credit Losses Provision": "-699.773", "Non Interest Expense": "8,936", "Pretax Income": "2,552", "Tax Provision": "1,143", "Net Income Common Stockholders": "1,409", "Diluted NI Available to Com Stockholders": "1,409", "Basic EPS": "0.45", "Diluted EPS": "0.44", "Basic Average Shares": "3,321", "Diluted Average Shares": "3,342", "INTEREST_INCOME_AFTER_PROVISION_FOR_LOAN_LOSS": "8,997", "Net Income from Continuing & Discontinued Operation": "1,409", "Normalized Income": "1,409", "Reconciled Depreciation": "418.326", "Net Income from Continuing Operation Net Minority Interest": "1,409", "Tax Rate for Calcs": "0", "Tax Effect of Unusual Items": "0"}}, "bs": {}, "cf": {"TTM": {"Duration": "TTM", "Operating Cash Flow": "-", "Investing Cash Flow": "-", "Financing Cash Flow": "-", "End Cash Position": "-", "Income Tax Paid Supplemental Data": "-", "Interest Paid Supplemental Data": "-", "Capital Expenditure": "-", "Issuance of Debt": "-", "Repayment of Debt": "-", "Repurchase of Capital Stock": "-", "Free Cash Flow": "-"}, "6/30/2020": {"Duration": "6/30/2020", "Operating Cash Flow": "2,863", "Investing Cash Flow": "-52,732", "Financing Cash Flow": "60,658", "End Cash Position": "15,349", "Income Tax Paid Supplemental Data": "396.079", "Interest Paid Supplemental Data": "4,633", "Capital Expenditure": "-1,186", "Issuance of Debt": "46,077", "Repayment of Debt": "-27,077", "Repurchase of Capital Stock": "-3,003", "Free Cash Flow": "1,677"}, "6/30/2019": {"Duration": "6/30/2019", "Operating Cash Flow": "3,829", "Investing Cash Flow": "-47,123", "Financing Cash Flow": "43,099", "End Cash Position": "4,560", "Income Tax Paid Supplemental Data": "406.358", "Interest Paid Supplemental Data": "2,960", "Capital Expenditure": "-850.891", "Issuance of Debt": "31,952", "Repayment of Debt": "-31,952", "Repurchase of Capital Stock": "-1,330", "Free Cash Flow": "2,978"}, "6/30/2018": {"Duration": "6/30/2018", "Operating Cash Flow": "3,501", "Investing Cash Flow": "-30,386", "Financing Cash Flow": "26,759", "End Cash Position": "4,754", "Income Tax Paid Supplemental Data": "868.401", "Interest Paid Supplemental Data": "1,785", "Capital Expenditure": "-1,219", "Issuance of Debt": "23,150", "Repayment of Debt": "-24,895", "Repurchase of Capital Stock": "-605.793", "Free Cash Flow": "2,282"}}}}, {"PBCT": {"quote": {"04/04/2021": {"value": "18.10", "Market Cap": "7.717B", "Beta (5Y Monthly)": "1.25", "PE Ratio (TTM)": "37.01", "EPS (TTM)": "0.49", "Earnings Date": "Apr 22, 2021", "Forward Dividend & Yield": "0.72 (3.98%)", "Ex-Dividend Date": "Jan 29, 2021", "1y Target Est": "17.53"}}, "fin": {"TTM": {"Duration": "TTM", "Total Revenue": "1,992,600", "Credit Losses Provision": "-155,800", "Non Interest Expense": "1,211,100", "Special Income Charges": "-277,100", "Pretax Income": "348,600", "Tax Provision": "129,000", "Net Income Common Stockholders": "205,500", "Diluted NI Available to Com Stockholders": "205,500", "Basic EPS": "-", "Diluted EPS": "-", "Basic Average Shares": "-", "Diluted Average Shares": "-", "Rent Expense Supplemental": "36,400", "INTEREST_INCOME_AFTER_PROVISION_FOR_LOAN_LOSS": "1,420,000", "Net Income from Continuing & Discontinued Operation": "219,600", "Normalized Income": "394,173", "Reconciled Depreciation": "84,200", "Net Income from Continuing Operation Net Minority Interest": "219,600", "Total Unusual Items Excluding Goodwill": "-277,100", "Total Unusual Items": "-277,100", "Tax Rate for Calcs": "0", "Tax Effect of Unusual Items": "-102,527"}, "12/31/2020": {"Duration": "12/31/2020", "Total Revenue": "1,992,600", "Credit Losses Provision": "-155,800", "Non Interest Expense": "1,211,100", "Special Income Charges": "-277,100", "Pretax Income": "348,600", "Tax Provision": "129,000", "Net Income Common Stockholders": "205,500", "Diluted NI Available to Com Stockholders": "205,500", "Basic EPS": "-", "Diluted EPS": "-", "Basic Average Shares": "-", "Diluted Average Shares": "-", "Rent Expense Supplemental": "36,400", "INTEREST_INCOME_AFTER_PROVISION_FOR_LOAN_LOSS": "1,420,000", "Net Income from Continuing & Discontinued Operation": "219,600", "Normalized Income": "394,173", "Reconciled Depreciation": "84,200", "Net Income from Continuing Operation Net Minority Interest": "219,600", "Total Unusual Items Excluding Goodwill": "-277,100", "Total Unusual Items": "-277,100", "Tax Rate for Calcs": "0", "Tax Effect of Unusual Items": "-102,527"}, "12/31/2019": {"Duration": "12/31/2019", "Total Revenue": "1,843,400", "Credit Losses Provision": "-28,300", "Non Interest Expense": "1,162,700", "Special Income Charges": "-", "Pretax Income": "652,400", "Tax Provision": "132,000", "Net Income Common Stockholders": "506,100", "Diluted NI Available to Com Stockholders": "506,100", "Basic EPS": "1.28", "Diluted EPS": "1.27", "Basic Average Shares": "395,547", "Diluted Average Shares": "397,150", "Rent Expense Supplemental": "38,800", "INTEREST_INCOME_AFTER_PROVISION_FOR_LOAN_LOSS": "1,384,000", "Net Income from Continuing & Discontinued Operation": "520,400", "Normalized Income": "520,400", "Reconciled Depreciation": "74,200", "Net Income from Continuing Operation Net Minority Interest": "520,400", "Total Unusual Items Excluding Goodwill": "-", "Total Unusual Items": "-", "Tax Rate for Calcs": "0", "Tax Effect of Unusual Items": "0"}, "12/31/2018": {"Duration": "12/31/2018", "Total Revenue": "1,602,400", "Credit Losses Provision": "-30,000", "Non Interest Expense": "996,100", "Special Income Charges": "-", "Pretax Income": "576,300", "Tax Provision": "108,200", "Net Income Common Stockholders": "453,800", "Diluted NI Available to Com Stockholders": "453,800", "Basic EPS": "1.30", "Diluted EPS": "1.29", "Basic Average Shares": "349,231", "Diluted Average Shares": "351,660", "Rent Expense Supplemental": "36,400", "INTEREST_INCOME_AFTER_PROVISION_FOR_LOAN_LOSS": "1,206,000", "Net Income from Continuing & Discontinued Operation": "468,100", "Normalized Income": "468,100", "Reconciled Depreciation": "58,100", "Net Income from Continuing Operation Net Minority Interest": "468,100", "Total Unusual Items Excluding Goodwill": "-", "Total Unusual Items": "-", "Tax Rate for Calcs": "0", "Tax Effect of Unusual Items": "0"}}, "bs": {}, "cf": {"TTM": {"Duration": "TTM", "Operating Cash Flow": "-", "Investing Cash Flow": "-", "Financing Cash Flow": "-", "End Cash Position": "-", "Income Tax Paid Supplemental Data": "-", "Interest Paid Supplemental Data": "-", "Capital Expenditure": "-", "Issuance of Capital Stock": "-", "Repayment of Debt": "-", "Repurchase of Capital Stock": "-", "Free Cash Flow": "-"}, "12/31/2020": {"Duration": "12/31/2020", "Operating Cash Flow": "842,900", "Investing Cash Flow": "-1,318,000", "Financing Cash Flow": "3,917,400", "End Cash Position": "4,243,300", "Income Tax Paid Supplemental Data": "109,700", "Interest Paid Supplemental Data": "248,100", "Capital Expenditure": "-45,800", "Issuance of Capital Stock": "-", "Repayment of Debt": "-55,200", "Repurchase of Capital Stock": "-306,100", "Free Cash Flow": "797,100"}, "12/31/2019": {"Duration": "12/31/2019", "Operating Cash Flow": "240,800", "Investing Cash Flow": "-310,500", "Financing Cash Flow": "-61,300", "End Cash Position": "801,000", "Income Tax Paid Supplemental Data": "107,700", "Interest Paid Supplemental Data": "473,400", "Capital Expenditure": "-67,700", "Issuance of Capital Stock": "-", "Repayment of Debt": "-321,200", "Repurchase of Capital Stock": "-4,500", "Free Cash Flow": "173,100"}, "12/31/2018": {"Duration": "12/31/2018", "Operating Cash Flow": "589,300", "Investing Cash Flow": "-400", "Financing Cash Flow": "-539,500", "End Cash Position": "932,000", "Income Tax Paid Supplemental Data": "45,600", "Interest Paid Supplemental Data": "312,300", "Capital Expenditure": "-87,900", "Issuance of Capital Stock": "0", "Repayment of Debt": "-476,700", "Repurchase of Capital Stock": "-2,500", "Free Cash Flow": "501,400"}}}}, {"HIFS": {"quote": {"04/04/2021": {"value": "285.51", "Market Cap": "610.392M", "Beta (5Y Monthly)": "0.89", "PE Ratio (TTM)": "12.28", "EPS (TTM)": "23.25", "Earnings Date": "Apr 12, 2021 - Apr 16, 2021", "Forward Dividend & Yield": "1.96 (0.69%)", "Ex-Dividend Date": "Apr 09, 2021", "1y Target Est": "N/A"}}, "fin": {"TTM": {"Duration": "TTM", "Total Revenue": "94,178", "Credit Losses Provision": "-2,288", "Non Interest Expense": "21,978", "Special Income Charges": "218", "Pretax Income": "70,130", "Tax Provision": "19,359", "Net Income Common Stockholders": "50,771", "Diluted NI Available to Com Stockholders": "50,771", "Basic EPS": "-", "Diluted EPS": "-", "Basic Average Shares": "-", "Diluted Average Shares": "-", "INTEREST_INCOME_AFTER_PROVISION_FOR_LOAN_LOSS": "82,916", "Net Income from Continuing & Discontinued Operation": "50,771", "Normalized Income": "50,613", "Total Money Market Investments": "899", "Reconciled Depreciation": "703", "Net Income from Continuing Operation Net Minority Interest": "50,771", "Total Unusual Items Excluding Goodwill": "218", "Total Unusual Items": "218", "Tax Rate for Calcs": "0", "Tax Effect of Unusual Items": "60.168"}, "12/31/2020": {"Duration": "12/31/2020", "Total Revenue": "94,178", "Credit Losses Provision": "-2,288", "Non Interest Expense": "21,978", "Special Income Charges": "218", "Pretax Income": "70,130", "Tax Provision": "19,359", "Net Income Common Stockholders": "50,771", "Diluted NI Available to Com Stockholders": "50,771", "Basic EPS": "-", "Diluted EPS": "-", "Basic Average Shares": "-", "Diluted Average Shares": "-", "INTEREST_INCOME_AFTER_PROVISION_FOR_LOAN_LOSS": "82,916", "Net Income from Continuing & Discontinued Operation": "50,771", "Normalized Income": "50,613", "Total Money Market Investments": "899", "Reconciled Depreciation": "703", "Net Income from Continuing Operation Net Minority Interest": "50,771", "Total Unusual Items Excluding Goodwill": "218", "Total Unusual Items": "218", "Tax Rate for Calcs": "0", "Tax Effect of Unusual Items": "60.168"}, "12/31/2019": {"Duration": "12/31/2019", "Total Revenue": "75,730", "Credit Losses Provision": "-1,567", "Non Interest Expense": "20,615", "Special Income Charges": "-", "Pretax Income": "53,548", "Tax Provision": "14,621", "Net Income Common Stockholders": "38,927", "Diluted NI Available to Com Stockholders": "38,927", "Basic EPS": "18.24", "Diluted EPS": "17.83", "Basic Average Shares": "2,134", "Diluted Average Shares": "2,183", "INTEREST_INCOME_AFTER_PROVISION_FOR_LOAN_LOSS": "65,335", "Net Income from Continuing & Discontinued Operation": "38,927", "Normalized Income": "38,927", "Total Money Market Investments": "5,576", "Reconciled Depreciation": "652", "Net Income from Continuing Operation Net Minority Interest": "38,927", "Total Unusual Items Excluding Goodwill": "-", "Total Unusual Items": "-", "Tax Rate for Calcs": "0", "Tax Effect of Unusual Items": "0"}, "12/31/2018": {"Duration": "12/31/2018", "Total Revenue": "64,050", "Credit Losses Provision": "-1,270", "Non Interest Expense": "20,051", "Special Income Charges": "-", "Pretax Income": "42,729", "Tax Provision": "12,330", "Net Income Common Stockholders": "30,399", "Diluted NI Available to Com Stockholders": "30,399", "Basic EPS": "14.25", "Diluted EPS": "13.90", "Basic Average Shares": "2,133", "Diluted Average Shares": "2,187", "INTEREST_INCOME_AFTER_PROVISION_FOR_LOAN_LOSS": "64,515", "Net Income from Continuing & Discontinued Operation": "30,399", "Normalized Income": "30,399", "Total Money Market Investments": "5,161", "Reconciled Depreciation": "638", "Net Income from Continuing Operation Net Minority Interest": "30,399", "Total Unusual Items Excluding Goodwill": "-", "Total Unusual Items": "-", "Tax Rate for Calcs": "0", "Tax Effect of Unusual Items": "0"}}, "bs": {}, "cf": {"TTM": {"Duration": "TTM", "Operating Cash Flow": "45,592", "Investing Cash Flow": "-280,432", "Financing Cash Flow": "216,679", "End Cash Position": "233,986", "Income Tax Paid Supplemental Data": "18,831", "Interest Paid Supplemental Data": "21,866", "Capital Expenditure": "-1,529", "Issuance of Debt": "263,631", "Repayment of Debt": "-361,487", "Free Cash Flow": "44,063"}, "12/31/2020": {"Duration": "12/31/2020", "Operating Cash Flow": "45,592", "Investing Cash Flow": "-280,432", "Financing Cash Flow": "216,679", "End Cash Position": "233,986", "Income Tax Paid Supplemental Data": "18,831", "Interest Paid Supplemental Data": "21,866", "Capital Expenditure": "-1,529", "Issuance of Debt": "263,631", "Repayment of Debt": "-361,487", "Free Cash Flow": "44,063"}, "12/31/2019": {"Duration": "12/31/2019", "Operating Cash Flow": "33,168", "Investing Cash Flow": "-219,487", "Financing Cash Flow": "142,491", "End Cash Position": "252,147", "Income Tax Paid Supplemental Data": "13,583", "Interest Paid Supplemental Data": "41,277", "Capital Expenditure": "-647", "Issuance of Debt": "270,900", "Repayment of Debt": "-372,364", "Free Cash Flow": "32,521"}, "12/31/2018": {"Duration": "12/31/2018", "Operating Cash Flow": "35,867", "Investing Cash Flow": "-187,076", "Financing Cash Flow": "91,955", "End Cash Position": "295,975", "Income Tax Paid Supplemental Data": "13,380", "Interest Paid Supplemental Data": "26,772", "Capital Expenditure": "-1,123", "Issuance of Debt": "600", "Repayment of Debt": "-95,225", "Free Cash Flow": "34,744"}}}}, {"WSBF": {"quote": {"04/04/2021": {"value": "20.66", "Market Cap": "518.93M", "Beta (5Y Monthly)": "0.31", "PE Ratio (TTM)": "6.26", "EPS (TTM)": "3.30", "Earnings Date": "Apr 26, 2021 - Apr 30, 2021", "Forward Dividend & Yield": "0.80 (3.87%)", "Ex-Dividend Date": "Apr 09, 2021", "1y Target Est": "20.50"}}, "fin": {"TTM": {"Duration": "TTM", "Total Revenue": "292,871", "Credit Losses Provision": "-6,340", "Non Interest Expense": "178,415", "Pretax Income": "108,116", "Tax Provision": "26,971", "Net Income Common Stockholders": "81,145", "Diluted NI Available to Com Stockholders": "81,145", "Basic EPS": "-", "Diluted EPS": "-", "Basic Average Shares": "-", "Diluted Average Shares": "-", "INTEREST_INCOME_AFTER_PROVISION_FOR_LOAN_LOSS": "47,160", "Net Income from Continuing & Discontinued Operation": "81,145", "Normalized Income": "81,145", "Reconciled Depreciation": "5,606", "Net Income from Continuing Operation Net Minority Interest": "81,145", "Tax Rate for Calcs": "0", "Tax Effect of Unusual Items": "0"}, "12/31/2020": {"Duration": "12/31/2020", "Total Revenue": "292,871", "Credit Losses Provision": "-6,340", "Non Interest Expense": "178,415", "Pretax Income": "108,116", "Tax Provision": "26,971", "Net Income Common Stockholders": "81,145", "Diluted NI Available to Com Stockholders": "81,145", "Basic EPS": "-", "Diluted EPS": "-", "Basic Average Shares": "-", "Diluted Average Shares": "-", "INTEREST_INCOME_AFTER_PROVISION_FOR_LOAN_LOSS": "47,160", "Net Income from Continuing & Discontinued Operation": "81,145", "Normalized Income": "81,145", "Reconciled Depreciation": "5,606", "Net Income from Continuing Operation Net Minority Interest": "81,145", "Tax Rate for Calcs": "0", "Tax Effect of Unusual Items": "0"}, "12/31/2019": {"Duration": "12/31/2019", "Total Revenue": "179,659", "Credit Losses Provision": "900", "Non Interest Expense": "132,985", "Pretax Income": "47,574", "Tax Provision": "11,671", "Net Income Common Stockholders": "35,903", "Diluted NI Available to Com Stockholders": "35,903", "Basic EPS": "1.38", "Diluted EPS": "1.37", "Basic Average Shares": "26,021", "Diluted Average Shares": "26,247", "INTEREST_INCOME_AFTER_PROVISION_FOR_LOAN_LOSS": "53,097", "Net Income from Continuing & Discontinued Operation": "35,903", "Normalized Income": "35,903", "Reconciled Depreciation": "2,688", "Net Income from Continuing Operation Net Minority Interest": "35,903", "Tax Rate for Calcs": "0", "Tax Effect of Unusual Items": "0"}, "12/31/2018": {"Duration": "12/31/2018", "Total Revenue": "169,004", "Credit Losses Provision": "1,060", "Non Interest Expense": "129,784", "Pretax Income": "40,280", "Tax Provision": "9,526", "Net Income Common Stockholders": "30,754", "Diluted NI Available to Com Stockholders": "30,754", "Basic EPS": "1.12", "Diluted EPS": "1.11", "Basic Average Shares": "27,363", "Diluted Average Shares": "27,634", "INTEREST_INCOME_AFTER_PROVISION_FOR_LOAN_LOSS": "55,237", "Net Income from Continuing & Discontinued Operation": "30,754", "Normalized Income": "30,754", "Reconciled Depreciation": "2,487", "Net Income from Continuing Operation Net Minority Interest": "30,754", "Tax Rate for Calcs": "0", "Tax Effect of Unusual Items": "0"}}, "bs": {}, "cf": {"TTM": {"Duration": "TTM", "Operating Cash Flow": "-100,567", "Investing Cash Flow": "44,176", "Financing Cash Flow": "76,858", "End Cash Position": "94,767", "Income Tax Paid Supplemental Data": "29,478", "Interest Paid Supplemental Data": "25,406", "Capital Expenditure": "-1,225", "Issuance of Debt": "0", "Repayment of Debt": "0", "Repurchase of Capital Stock": "-36,242", "Free Cash Flow": "-101,792"}, "12/31/2020": {"Duration": "12/31/2020", "Operating Cash Flow": "-100,567", "Investing Cash Flow": "44,176", "Financing Cash Flow": "76,858", "End Cash Position": "94,767", "Income Tax Paid Supplemental Data": "29,478", "Interest Paid Supplemental Data": "25,406", "Capital Expenditure": "-1,225", "Issuance of Debt": "0", "Repayment of Debt": "0", "Repurchase of Capital Stock": "-36,242", "Free Cash Flow": "-101,792"}, "12/31/2019": {"Duration": "12/31/2019", "Operating Cash Flow": "-40,219", "Investing Cash Flow": "-1,152", "Financing Cash Flow": "29,570", "End Cash Position": "74,300", "Income Tax Paid Supplemental Data": "10,703", "Interest Paid Supplemental Data": "27,380", "Capital Expenditure": "-3,114", "Issuance of Debt": "165,000", "Repayment of Debt": "-125,000", "Repurchase of Capital Stock": "-22,767", "Free Cash Flow": "-43,333"}, "12/31/2018": {"Duration": "12/31/2018", "Operating Cash Flow": "42,936", "Investing Cash Flow": "-79,871", "Financing Cash Flow": "74,429", "End Cash Position": "86,101", "Income Tax Paid Supplemental Data": "10,168", "Interest Paid Supplemental Data": "19,014", "Capital Expenditure": "-3,962", "Issuance of Debt": "255,000", "Repayment of Debt": "-165,000", "Repurchase of Capital Stock": "-19,196", "Free Cash Flow": "38,974"}}}}, {"PFS": {"quote": {"04/04/2021": {"value": "22.45", "Market Cap": "1.747B", "Beta (5Y Monthly)": "1.04", "PE Ratio (TTM)": "16.15", "EPS (TTM)": "1.39", "Earnings Date": "Apr 30, 2021", "Forward Dividend & Yield": "0.92 (4.10%)", "Ex-Dividend Date": "Feb 11, 2021", "1y Target Est": "22.50"}}, "fin": {"TTM": {"Duration": "TTM", "Total Revenue": "385,001", "Credit Losses Provision": "-31,533", "Non Interest Expense": "225,914", "Pretax Income": "127,554", "Tax Provision": "30,603", "Net Income Common Stockholders": "96,951", "Diluted NI Available to Com Stockholders": "96,951", "Basic EPS": "-", "Diluted EPS": "-", "Basic Average Shares": "-", "Diluted Average Shares": "-", "INTEREST_INCOME_AFTER_PROVISION_FOR_LOAN_LOSS": "281,037", "Net Income from Continuing & Discontinued Operation": "96,951", "Normalized Income": "96,951", "Total Money Market Investments": "2,398", "Reconciled Depreciation": "3,425", "Net Income from Continuing Operation Net Minority Interest": "96,951", "Tax Rate for Calcs": "0", "Tax Effect of Unusual Items": "0"}, "12/31/2020": {"Duration": "12/31/2020", "Total Revenue": "385,001", "Credit Losses Provision": "-31,533", "Non Interest Expense": "225,914", "Pretax Income": "127,554", "Tax Provision": "30,603", "Net Income Common Stockholders": "96,951", "Diluted NI Available to Com Stockholders": "96,951", "Basic EPS": "-", "Diluted EPS": "-", "Basic Average Shares": "-", "Diluted Average Shares": "-", "INTEREST_INCOME_AFTER_PROVISION_FOR_LOAN_LOSS": "281,037", "Net Income from Continuing & Discontinued Operation": "96,951", "Normalized Income": "96,951", "Total Money Market Investments": "2,398", "Reconciled Depreciation": "20,024", "Net Income from Continuing Operation Net Minority Interest": "96,951", "Tax Rate for Calcs": "0", "Tax Effect of Unusual Items": "0"}, "12/31/2019": {"Duration": "12/31/2019", "Total Revenue": "361,767", "Credit Losses Provision": "-13,100", "Non Interest Expense": "201,579", "Pretax Income": "147,088", "Tax Provision": "34,455", "Net Income Common Stockholders": "112,633", "Diluted NI Available to Com Stockholders": "112,633", "Basic EPS": "1.74", "Diluted EPS": "1.74", "Basic Average Shares": "64,604", "Diluted Average Shares": "64,735", "INTEREST_INCOME_AFTER_PROVISION_FOR_LOAN_LOSS": "284,873", "Net Income from Continuing & Discontinued Operation": "112,633", "Normalized Income": "112,633", "Total Money Market Investments": "2,724", "Reconciled Depreciation": "18,828", "Net Income from Continuing Operation Net Minority Interest": "112,633", "Tax Rate for Calcs": "0", "Tax Effect of Unusual Items": "0"}, "12/31/2018": {"Duration": "12/31/2018", "Total Revenue": "359,352", "Credit Losses Provision": "-23,700", "Non Interest Expense": "191,735", "Pretax Income": "143,917", "Tax Provision": "25,530", "Net Income Common Stockholders": "118,387", "Diluted NI Available to Com Stockholders": "118,387", "Basic EPS": "1.82", "Diluted EPS": "1.82", "Basic Average Shares": "64,943", "Diluted Average Shares": "65,103", "INTEREST_INCOME_AFTER_PROVISION_FOR_LOAN_LOSS": "276,976", "Net Income from Continuing & Discontinued Operation": "118,387", "Normalized Income": "118,387", "Total Money Market Investments": "1,734", "Reconciled Depreciation": "10,101", "Net Income from Continuing Operation Net Minority Interest": "118,387", "Tax Rate for Calcs": "0", "Tax Effect of Unusual Items": "0"}}, "bs": {}, "cf": {"TTM": {"Duration": "TTM", "Operating Cash Flow": "106,911", "Investing Cash Flow": "-507,984", "Financing Cash Flow": "746,678", "End Cash Position": "532,353", "Income Tax Paid Supplemental Data": "36,514", "Interest Paid Supplemental Data": "49,419", "Capital Expenditure": "-12,825", "Issuance of Capital Stock": "451", "Issuance of Debt": "2,429,999", "Repayment of Debt": "-2,580,755", "Repurchase of Capital Stock": "-21,161", "Free Cash Flow": "94,086"}, "12/31/2020": {"Duration": "12/31/2020", "Operating Cash Flow": "106,911", "Investing Cash Flow": "-507,984", "Financing Cash Flow": "746,678", "End Cash Position": "532,353", "Income Tax Paid Supplemental Data": "36,514", "Interest Paid Supplemental Data": "49,419", "Capital Expenditure": "-12,825", "Issuance of Capital Stock": "451", "Issuance of Debt": "2,429,999", "Repayment of Debt": "-2,580,755", "Repurchase of Capital Stock": "-21,161", "Free Cash Flow": "94,086"}, "12/31/2019": {"Duration": "12/31/2019", "Operating Cash Flow": "136,925", "Investing Cash Flow": "42,867", "Financing Cash Flow": "-135,705", "End Cash Position": "186,748", "Income Tax Paid Supplemental Data": "34,494", "Interest Paid Supplemental Data": "73,664", "Capital Expenditure": "-4,882", "Issuance of Capital Stock": "2,230", "Issuance of Debt": "1,243,000", "Repayment of Debt": "-1,549,551", "Repurchase of Capital Stock": "-19,867", "Free Cash Flow": "132,043"}, "12/31/2018": {"Duration": "12/31/2018", "Operating Cash Flow": "155,719", "Investing Cash Flow": "46,705", "Financing Cash Flow": "-250,597", "End Cash Position": "142,661", "Income Tax Paid Supplemental Data": "15,259", "Interest Paid Supplemental Data": "58,959", "Capital Expenditure": "-3,162", "Issuance of Capital Stock": "1,709", "Issuance of Debt": "695,000", "Repayment of Debt": "-804,375", "Repurchase of Capital Stock": "-13,172", "Free Cash Flow": "152,557"}}}}, {"WAFD": {"quote": {"04/04/2021": {"value": "30.88", "Market Cap": "2.344B", "Beta (5Y Monthly)": "0.91", "PE Ratio (TTM)": "16.25", "EPS (TTM)": "1.90", "Earnings Date": "Apr 19, 2021 - Apr 23, 2021", "Forward Dividend & Yield": "0.92 (2.98%)", "Ex-Dividend Date": "Feb 04, 2021", "1y Target Est": "31.67"}}, "fin": {"TTM": {"Duration": "TTM", "Total Revenue": "539,063", "Credit Losses Provision": "-28,500", "Non Interest Expense": "314,332", "Special Income Charges": "-13,809", "Other Non Operating Income Expenses": "-", "Pretax Income": "182,422", "Tax Provision": "37,899", "Net Income Common Stockholders": "144,523", "Diluted NI Available to Com Stockholders": "144,523", "Basic EPS": "-", "Diluted EPS": "-", "Basic Average Shares": "-", "Diluted Average Shares": "-", "INTEREST_INCOME_AFTER_PROVISION_FOR_LOAN_LOSS": "441,837", "Net Income from Continuing & Discontinued Operation": "144,523", "Normalized Income": "144,156", "Reconciled Depreciation": "33,848", "Net Income from Continuing Operation Net Minority Interest": "144,523", "Total Unusual Items Excluding Goodwill": "463", "Total Unusual Items": "463", "Tax Rate for Calcs": "0", "Tax Effect of Unusual Items": "96.1904"}, "9/30/2020": {"Duration": "9/30/2020", "Total Revenue": "570,303", "Credit Losses Provision": "-21,750", "Non Interest Expense": "315,558", "Special Income Charges": "-13,809", "Other Non Operating Income Expenses": "-", "Pretax Income": "219,186", "Tax Provision": "45,748", "Net Income Common Stockholders": "173,438", "Diluted NI Available to Com Stockholders": "173,438", "Basic EPS": "2.26", "Diluted EPS": "2.26", "Basic Average Shares": "76,722", "Diluted Average Shares": "76,731", "INTEREST_INCOME_AFTER_PROVISION_FOR_LOAN_LOSS": "447,758", "Net Income from Continuing & Discontinued Operation": "173,438", "Normalized Income": "184,344", "Reconciled Depreciation": "39,912", "Net Income from Continuing Operation Net Minority Interest": "173,438", "Total Unusual Items Excluding Goodwill": "-13,783", "Total Unusual Items": "-13,783", "Tax Rate for Calcs": "0", "Tax Effect of Unusual Items": "-2,877"}, "9/30/2019": {"Duration": "9/30/2019", "Total Revenue": "544,188", "Credit Losses Provision": "1,650", "Non Interest Expense": "283,063", "Special Income Charges": "-", "Other Non Operating Income Expenses": "33,504", "Pretax Income": "262,775", "Tax Provision": "52,519", "Net Income Common Stockholders": "210,256", "Diluted NI Available to Com Stockholders": "210,256", "Basic EPS": "2.61", "Diluted EPS": "2.61", "Basic Average Shares": "80,471", "Diluted Average Shares": "80,495", "INTEREST_INCOME_AFTER_PROVISION_FOR_LOAN_LOSS": "482,710", "Net Income from Continuing & Discontinued Operation": "210,256", "Normalized Income": "209,608", "Reconciled Depreciation": "31,058", "Net Income from Continuing Operation Net Minority Interest": "210,256", "Total Unusual Items Excluding Goodwill": "810", "Total Unusual Items": "810", "Tax Rate for Calcs": "0", "Tax Effect of Unusual Items": "161.889"}, "9/30/2018": {"Duration": "9/30/2018", "Total Revenue": "516,115", "Credit Losses Provision": "5,450", "Non Interest Expense": "264,322", "Special Income Charges": "-", "Other Non Operating Income Expenses": "22,920", "Pretax Income": "257,243", "Tax Provision": "53,393", "Net Income Common Stockholders": "203,850", "Diluted NI Available to Com Stockholders": "203,850", "Basic EPS": "2.40", "Diluted EPS": "2.40", "Basic Average Shares": "85,008", "Diluted Average Shares": "85,110", "INTEREST_INCOME_AFTER_PROVISION_FOR_LOAN_LOSS": "477,589", "Net Income from Continuing & Discontinued Operation": "203,850", "Normalized Income": "203,931", "Reconciled Depreciation": "46,735", "Net Income from Continuing Operation Net Minority Interest": "203,850", "Total Unusual Items Excluding Goodwill": "-102", "Total Unusual Items": "-102", "Tax Rate for Calcs": "0", "Tax Effect of Unusual Items": "-21.1752"}}, "bs": {}, "cf": {"TTM": {"Duration": "TTM", "Operating Cash Flow": "-", "Investing Cash Flow": "-", "Financing Cash Flow": "-", "End Cash Position": "-", "Income Tax Paid Supplemental Data": "35,640", "Interest Paid Supplemental Data": "-", "Capital Expenditure": "-", "Issuance of Debt": "-", "Repayment of Debt": "-", "Repurchase of Capital Stock": "-", "Free Cash Flow": "-"}, "9/30/2020": {"Duration": "9/30/2020", "Operating Cash Flow": "166,600", "Investing Cash Flow": "-920,979", "Financing Cash Flow": "2,038,198", "End Cash Position": "1,702,977", "Income Tax Paid Supplemental Data": "35,640", "Interest Paid Supplemental Data": "146,675", "Capital Expenditure": "-31,937", "Issuance of Debt": "10,880,000", "Repayment of Debt": "-10,443,809", "Repurchase of Capital Stock": "-112,133", "Free Cash Flow": "134,663"}, "9/30/2019": {"Duration": "9/30/2019", "Operating Cash Flow": "234,054", "Investing Cash Flow": "-421,373", "Financing Cash Flow": "337,827", "End Cash Position": "419,158", "Income Tax Paid Supplemental Data": "33,545", "Interest Paid Supplemental Data": "194,277", "Capital Expenditure": "-35,530", "Issuance of Debt": "13,315,000", "Repayment of Debt": "-13,395,000", "Repurchase of Capital Stock": "-123,854", "Free Cash Flow": "198,524"}, "9/30/2018": {"Duration": "9/30/2018", "Operating Cash Flow": "190,702", "Investing Cash Flow": "-674,445", "Financing Cash Flow": "439,323", "End Cash Position": "268,650", "Income Tax Paid Supplemental Data": "44,260", "Interest Paid Supplemental Data": "133,722", "Capital Expenditure": "-27,127", "Issuance of Debt": "13,250,000", "Repayment of Debt": "-13,145,000", "Repurchase of Capital Stock": "-164,249", "Free Cash Flow": "163,575"}}}}, {"PROV": {"quote": {"04/04/2021": {"value": "17.10", "Market Cap": "127.262M", "Beta (5Y Monthly)": "0.59", "PE Ratio (TTM)": "23.85", "EPS (TTM)": "0.72", "Earnings Date": "Apr 26, 2021 - Apr 30, 2021", "Forward Dividend & Yield": "0.56 (3.27%)", "Ex-Dividend Date": "Feb 17, 2021", "1y Target Est": "16.83"}}, "fin": {"TTM": {"Duration": "TTM", "Total Revenue": "37,223", "Credit Losses Provision": "-1,581", "Non Interest Expense": "28,009", "Pretax Income": "7,633", "Tax Provision": "2,243", "Net Income Common Stockholders": "5,390", "Diluted NI Available to Com Stockholders": "5,390", "Basic EPS": "-", "Diluted EPS": "-", "Basic Average Shares": "-", "Diluted Average Shares": "-", "INTEREST_INCOME_AFTER_PROVISION_FOR_LOAN_LOSS": "31,403", "Net Income from Continuing & Discontinued Operation": "5,390", "Normalized Income": "5,390", "Total Money Market Investments": "263", "Reconciled Depreciation": "4,831", "Net Income from Continuing Operation Net Minority Interest": "5,390", "Total Unusual Items Excluding Goodwill": "-", "Total Unusual Items": "-", "Tax Rate for Calcs": "0", "Tax Effect of Unusual Items": "0"}, "6/30/2020": {"Duration": "6/30/2020", "Total Revenue": "40,921", "Credit Losses Provision": "-1,119", "Non Interest Expense": "28,900", "Pretax Income": "10,902", "Tax Provision": "3,213", "Net Income Common Stockholders": "7,689", "Diluted NI Available to Com Stockholders": "7,689", "Basic EPS": "1.03", "Diluted EPS": "1.01", "Basic Average Shares": "7,465", "Diluted Average Shares": "7,613", "INTEREST_INCOME_AFTER_PROVISION_FOR_LOAN_LOSS": "35,282", "Net Income from Continuing & Discontinued Operation": "7,689", "Normalized Income": "7,689", "Total Money Market Investments": "657", "Reconciled Depreciation": "3,391", "Net Income from Continuing Operation Net Minority Interest": "7,689", "Total Unusual Items Excluding Goodwill": "-", "Total Unusual Items": "-", "Tax Rate for Calcs": "0", "Tax Effect of Unusual Items": "0"}, "6/30/2019": {"Duration": "6/30/2019", "Total Revenue": "50,681", "Credit Losses Provision": "475", "Non Interest Expense": "45,236", "Pretax Income": "5,920", "Tax Provision": "1,503", "Net Income Common Stockholders": "4,417", "Diluted NI Available to Com Stockholders": "4,417", "Basic EPS": "0.59", "Diluted EPS": "0.58", "Basic Average Shares": "7,486", "Diluted Average Shares": "7,600", "INTEREST_INCOME_AFTER_PROVISION_FOR_LOAN_LOSS": "38,645", "Net Income from Continuing & Discontinued Operation": "4,417", "Normalized Income": "4,420", "Total Money Market Investments": "1,537", "Reconciled Depreciation": "3,075", "Net Income from Continuing Operation Net Minority Interest": "4,417", "Total Unusual Items Excluding Goodwill": "-4", "Total Unusual Items": "-4", "Tax Rate for Calcs": "0", "Tax Effect of Unusual Items": "-0.98"}, "6/30/2018": {"Duration": "6/30/2018", "Total Revenue": "58,195", "Credit Losses Provision": "536", "Non Interest Expense": "53,204", "Pretax Income": "5,527", "Tax Provision": "3,396", "Net Income Common Stockholders": "2,131", "Diluted NI Available to Com Stockholders": "2,131", "Basic EPS": "0.28", "Diluted EPS": "0.28", "Basic Average Shares": "7,542", "Diluted Average Shares": "7,700", "INTEREST_INCOME_AFTER_PROVISION_FOR_LOAN_LOSS": "36,836", "Net Income from Continuing & Discontinued Operation": "2,131", "Normalized Income": "2,194", "Total Money Market Investments": "784", "Reconciled Depreciation": "3,130", "Net Income from Continuing Operation Net Minority Interest": "2,131", "Total Unusual Items Excluding Goodwill": "-86", "Total Unusual Items": "-86", "Tax Rate for Calcs": "0", "Tax Effect of Unusual Items": "-23.22"}}, "bs": {}, "cf": {"TTM": {"Duration": "TTM", "Operating Cash Flow": "12,610", "Investing Cash Flow": "-42,960", "Financing Cash Flow": "56,118", "End Cash Position": "74,001", "Income Tax Paid Supplemental Data": "2,895", "Interest Paid Supplemental Data": "5,707", "Capital Expenditure": "-288", "Issuance of Debt": "10,000", "Repayment of Debt": "-25,070", "Repurchase of Capital Stock": "-922", "Free Cash Flow": "12,322"}, "6/30/2020": {"Duration": "6/30/2020", "Operating Cash Flow": "7,954", "Investing Cash Flow": "-48,907", "Financing Cash Flow": "86,355", "End Cash Position": "116,034", "Income Tax Paid Supplemental Data": "775", "Interest Paid Supplemental Data": "6,056", "Capital Expenditure": "-229", "Issuance of Debt": "40,007", "Repayment of Debt": "-67", "Repurchase of Capital Stock": "-1,283", "Free Cash Flow": "7,725"}, "6/30/2019": {"Duration": "6/30/2019", "Operating Cash Flow": "107,091", "Investing Cash Flow": "17,291", "Financing Cash Flow": "-97,051", "End Cash Position": "70,632", "Income Tax Paid Supplemental Data": "1,555", "Interest Paid Supplemental Data": "6,221", "Capital Expenditure": "-449", "Issuance of Debt": "0", "Repayment of Debt": "-25,056", "Repurchase of Capital Stock": "-1,412", "Free Cash Flow": "106,642"}, "6/30/2018": {"Duration": "6/30/2018", "Operating Cash Flow": "27,986", "Investing Cash Flow": "-27,305", "Financing Cash Flow": "-30,206", "End Cash Position": "43,301", "Income Tax Paid Supplemental Data": "2,765", "Interest Paid Supplemental Data": "6,410", "Capital Expenditure": "-2,909", "Issuance of Debt": "10,000", "Repayment of Debt": "-10,063", "Repurchase of Capital Stock": "-7,347", "Free Cash Flow": "25,077"}}}}, {"HMNF": {"quote": {"04/04/2021": {"value": "20.45", "Market Cap": "97.154M", "Beta (5Y Monthly)": "0.16", "PE Ratio (TTM)": "9.21", "EPS (TTM)": "2.22", "Earnings Date": "Jan 27, 2021", "Forward Dividend & Yield": "N/A (N/A)", "Ex-Dividend Date": "Aug 21, 2008", "1y Target Est": "N/A"}}, "fin": {"TTM": {"Duration": "TTM", "Total Revenue": "44,062", "Credit Losses Provision": "-2,699", "Non Interest Expense": "26,993", "Pretax Income": "14,370", "Tax Provision": "4,068", "Net Income Common Stockholders": "10,302", "Diluted NI Available to Com Stockholders": "10,302", "Basic EPS": "-", "Diluted EPS": "-", "Basic Average Shares": "-", "Diluted Average Shares": "-", "INTEREST_INCOME_AFTER_PROVISION_FOR_LOAN_LOSS": "26,409", "Net Income from Continuing & Discontinued Operation": "10,302", "Normalized Income": "10,302", "Reconciled Depreciation": "2,525", "Net Income from Continuing Operation Net Minority Interest": "10,302", "Total Unusual Items Excluding Goodwill": "-", "Total Unusual Items": "-", "Tax Rate for Calcs": "0", "Tax Effect of Unusual Items": "0"}, "12/31/2020": {"Duration": "12/31/2020", "Total Revenue": "44,062", "Credit Losses Provision": "-2,699", "Non Interest Expense": "26,993", "Pretax Income": "14,370", "Tax Provision": "4,068", "Net Income Common Stockholders": "10,302", "Diluted NI Available to Com Stockholders": "10,302", "Basic EPS": "-", "Diluted EPS": "-", "Basic Average Shares": "-", "Diluted Average Shares": "-", "INTEREST_INCOME_AFTER_PROVISION_FOR_LOAN_LOSS": "26,409", "Net Income from Continuing & Discontinued Operation": "10,302", "Normalized Income": "10,302", "Reconciled Depreciation": "2,525", "Net Income from Continuing Operation Net Minority Interest": "10,302", "Total Unusual Items Excluding Goodwill": "-", "Total Unusual Items": "-", "Tax Rate for Calcs": "0", "Tax Effect of Unusual Items": "0"}, "12/31/2019": {"Duration": "12/31/2019", "Total Revenue": "37,006", "Credit Losses Provision": "1,216", "Non Interest Expense": "27,105", "Pretax Income": "11,117", "Tax Provision": "3,324", "Net Income Common Stockholders": "7,793", "Diluted NI Available to Com Stockholders": "7,793", "Basic EPS": "1.69", "Diluted EPS": "1.68", "Basic Average Shares": "4,611", "Diluted Average Shares": "4,639", "INTEREST_INCOME_AFTER_PROVISION_FOR_LOAN_LOSS": "29,767", "Net Income from Continuing & Discontinued Operation": "7,793", "Normalized Income": "7,793", "Reconciled Depreciation": "2,008", "Net Income from Continuing Operation Net Minority Interest": "7,793", "Total Unusual Items Excluding Goodwill": "-", "Total Unusual Items": "-", "Tax Rate for Calcs": "0", "Tax Effect of Unusual Items": "0"}, "12/31/2018": {"Duration": "12/31/2018", "Total Revenue": "35,862", "Credit Losses Provision": "649", "Non Interest Expense": "25,387", "Pretax Income": "11,124", "Tax Provision": "2,888", "Net Income Common Stockholders": "8,236", "Diluted NI Available to Com Stockholders": "8,236", "Basic EPS": "1.89", "Diluted EPS": "1.72", "Basic Average Shares": "4,358", "Diluted Average Shares": "4,788", "INTEREST_INCOME_AFTER_PROVISION_FOR_LOAN_LOSS": "28,797", "Net Income from Continuing & Discontinued Operation": "8,236", "Normalized Income": "8,236", "Reconciled Depreciation": "1,728", "Net Income from Continuing Operation Net Minority Interest": "8,236", "Total Unusual Items Excluding Goodwill": "-", "Total Unusual Items": "-", "Tax Rate for Calcs": "0", "Tax Effect of Unusual Items": "0"}}, "bs": {}, "cf": {"TTM": {"Duration": "TTM", "Operating Cash Flow": "-", "Investing Cash Flow": "-", "Financing Cash Flow": "-", "End Cash Position": "-", "Income Tax Paid Supplemental Data": "-", "Interest Paid Supplemental Data": "-", "Capital Expenditure": "-", "Issuance of Debt": "-", "Repayment of Debt": "-", "Repurchase of Capital Stock": "-", "Free Cash Flow": "-"}, "12/31/2020": {"Duration": "12/31/2020", "Operating Cash Flow": "16,942", "Investing Cash Flow": "-94,481", "Financing Cash Flow": "119,409", "End Cash Position": "86,269", "Income Tax Paid Supplemental Data": "3,617", "Interest Paid Supplemental Data": "3,131", "Capital Expenditure": "-734", "Issuance of Debt": "2", "Repayment of Debt": "-2", "Repurchase of Capital Stock": "-1,450", "Free Cash Flow": "16,208"}, "12/31/2019": {"Duration": "12/31/2019", "Operating Cash Flow": "15,201", "Investing Cash Flow": "-42,949", "Financing Cash Flow": "51,438", "End Cash Position": "44,399", "Income Tax Paid Supplemental Data": "2,911", "Interest Paid Supplemental Data": "3,265", "Capital Expenditure": "-2,232", "Issuance of Debt": "26,001", "Repayment of Debt": "-26,001", "Repurchase of Capital Stock": "-", "Free Cash Flow": "12,969"}, "12/31/2018": {"Duration": "12/31/2018", "Operating Cash Flow": "17,809", "Investing Cash Flow": "-16,327", "Financing Cash Flow": "-18,337", "End Cash Position": "20,709", "Income Tax Paid Supplemental Data": "4,264", "Interest Paid Supplemental Data": "2,034", "Capital Expenditure": "-2,497", "Issuance of Debt": "6,801", "Repayment of Debt": "-6,801", "Repurchase of Capital Stock": "-6,453", "Free Cash Flow": "15,312"}}}}, {"LOGN": {"quote": {"04/04/2021": {"value": "47.07", "Market Cap": "10.658M", "Beta (5Y Monthly)": "0.32", "PE Ratio (TTM)": "7.36", "EPS (TTM)": "6.40", "Earnings Date": "Feb 05, 2021", "Forward Dividend & Yield": "1.60 (3.40%)", "Ex-Dividend Date": "Apr 14, 2021", "1y Target Est": "N/A"}}, "fin": {}, "bs": {}, "cf": {}}}, {"NASB": {"quote": {"04/04/2021": {"value": "67.75", "Market Cap": "501.898M", "Beta (5Y Monthly)": "0.22", "PE Ratio (TTM)": "4.33", "EPS (TTM)": "15.63", "Earnings Date": "Feb 09, 2021", "Forward Dividend & Yield": "3.00 (4.43%)", "Ex-Dividend Date": "Mar 19, 2021", "1y Target Est": "N/A"}}, "fin": {"TTM": {"Duration": "TTM", "Total Revenue": "243,411", "Credit Losses Provision": "-10,150", "Non Interest Expense": "79,257", "Special Income Charges": "-347", "Other Non Operating Income Expenses": "1,138", "Pretax Income": "154,795", "Tax Provision": "39,282", "Net Income Common Stockholders": "115,513", "Diluted NI Available to Com Stockholders": "115,513", "Basic EPS": "-", "Diluted EPS": "-", "Basic Average Shares": "-", "Diluted Average Shares": "-", "INTEREST_INCOME_AFTER_PROVISION_FOR_LOAN_LOSS": "86,430", "Net Income from Continuing & Discontinued Operation": "115,513", "Normalized Income": "115,688", "Reconciled Depreciation": "-", "Net Income from Continuing Operation Net Minority Interest": "115,513", "Total Unusual Items Excluding Goodwill": "-235", "Total Unusual Items": "-235", "Tax Rate for Calcs": "0", "Tax Effect of Unusual Items": "-59.6355"}, "9/30/2020": {"Duration": "9/30/2020", "Total Revenue": "222,216", "Credit Losses Provision": "-10,150", "Non Interest Expense": "74,087", "Special Income Charges": "195", "Other Non Operating Income Expenses": "1,119", "Pretax Income": "139,293", "Tax Provision": "35,788", "Net Income Common Stockholders": "103,505", "Diluted NI Available to Com Stockholders": "103,505", "Basic EPS": "14.02", "Diluted EPS": "14.01", "Basic Average Shares": "7,384", "Diluted Average Shares": "7,386", "INTEREST_INCOME_AFTER_PROVISION_FOR_LOAN_LOSS": "84,081", "Net Income from Continuing & Discontinued Operation": "103,505", "Normalized Income": "103,093", "Reconciled Depreciation": "1,130", "Net Income from Continuing Operation Net Minority Interest": "103,505", "Total Unusual Items Excluding Goodwill": "555", "Total Unusual Items": "555", "Tax Rate for Calcs": "0", "Tax Effect of Unusual Items": "142.594"}, "9/30/2019": {"Duration": "9/30/2019", "Total Revenue": "117,638", "Credit Losses Provision": "-1,750", "Non Interest Expense": "59,698", "Special Income Charges": "-2,136", "Other Non Operating Income Expenses": "3,502", "Pretax Income": "57,556", "Tax Provision": "14,389", "Net Income Common Stockholders": "43,167", "Diluted NI Available to Com Stockholders": "43,167", "Basic EPS": "5.85", "Diluted EPS": "5.85", "Basic Average Shares": "7,384", "Diluted Average Shares": "7,384", "INTEREST_INCOME_AFTER_PROVISION_FOR_LOAN_LOSS": "80,922", "Net Income from Continuing & Discontinued Operation": "43,167", "Normalized Income": "42,455", "Reconciled Depreciation": "1,061", "Net Income from Continuing Operation Net Minority Interest": "43,167", "Total Unusual Items Excluding Goodwill": "950", "Total Unusual Items": "950", "Tax Rate for Calcs": "0", "Tax Effect of Unusual Items": "237.5"}, "9/30/2018": {"Duration": "9/30/2018", "Total Revenue": "100,260", "Credit Losses Provision": "-2,625", "Non Interest Expense": "57,571", "Special Income Charges": "0", "Other Non Operating Income Expenses": "2,547", "Pretax Income": "42,611", "Tax Provision": "13,480", "Net Income Common Stockholders": "29,131", "Diluted NI Available to Com Stockholders": "29,131", "Basic EPS": "3.94", "Diluted EPS": "3.94", "Basic Average Shares": "7,385", "Diluted Average Shares": "7,385", "INTEREST_INCOME_AFTER_PROVISION_FOR_LOAN_LOSS": "75,303", "Net Income from Continuing & Discontinued Operation": "29,131", "Normalized Income": "29,329", "Reconciled Depreciation": "1,303", "Net Income from Continuing Operation Net Minority Interest": "29,131", "Total Unusual Items Excluding Goodwill": "-289", "Total Unusual Items": "-289", "Tax Rate for Calcs": "0", "Tax Effect of Unusual Items": "-91.324"}}, "bs": {}, "cf": {"TTM": {"Duration": "TTM", "Operating Cash Flow": "-", "Investing Cash Flow": "-", "Financing Cash Flow": "-", "End Cash Position": "-", "Income Tax Paid Supplemental Data": "-", "Interest Paid Supplemental Data": "-", "Capital Expenditure": "-", "Issuance of Debt": "-", "Repayment of Debt": "-", "Repurchase of Capital Stock": "-", "Free Cash Flow": "-"}, "9/30/2020": {"Duration": "9/30/2020", "Operating Cash Flow": "485", "Investing Cash Flow": "246,018", "Financing Cash Flow": "-220,326", "End Cash Position": "88,333", "Income Tax Paid Supplemental Data": "27,236", "Interest Paid Supplemental Data": "34,266", "Capital Expenditure": "-5,087", "Issuance of Debt": "100,000", "Repayment of Debt": "-226,000", "Repurchase of Capital Stock": "-34", "Free Cash Flow": "-4,602"}, "9/30/2019": {"Duration": "9/30/2019", "Operating Cash Flow": "-264,656", "Investing Cash Flow": "-180,166", "Financing Cash Flow": "494,287", "End Cash Position": "62,156", "Income Tax Paid Supplemental Data": "14,043", "Interest Paid Supplemental Data": "38,209", "Capital Expenditure": "-1,602", "Issuance of Debt": "276,000", "Repayment of Debt": "-65,000", "Repurchase of Capital Stock": "-415", "Free Cash Flow": "-266,258"}, "9/30/2018": {"Duration": "9/30/2018", "Operating Cash Flow": "76,757", "Investing Cash Flow": "-72,433", "Financing Cash Flow": "-29,975", "End Cash Position": "12,691", "Income Tax Paid Supplemental Data": "10,370", "Interest Paid Supplemental Data": "20,770", "Capital Expenditure": "-1,331", "Issuance of Debt": "65,000", "Repayment of Debt": "-308,000", "Repurchase of Capital Stock": "0", "Free Cash Flow": "75,426"}}}}, {"CFBK": {"quote": {"04/04/2021": {"value": "19.62", "Market Cap": "130.394M", "Beta (5Y Monthly)": "0.78", "PE Ratio (TTM)": "4.39", "EPS (TTM)": "4.47", "Earnings Date": "Feb 02, 2021", "Forward Dividend & Yield": "0.12 (0.60%)", "Ex-Dividend Date": "Jan 20, 2021", "1y Target Est": "20.00"}}, "fin": {"TTM": {"Duration": "TTM", "Total Revenue": "87,497", "Credit Losses Provision": "-10,915", "Non Interest Expense": "40,299", "Pretax Income": "36,283", "Tax Provision": "6,675", "Net Income Common Stockholders": "27,328", "Diluted NI Available to Com Stockholders": "27,328", "Basic EPS": "-", "Diluted EPS": "-", "Basic Average Shares": "-", "Diluted Average Shares": "-", "INTEREST_INCOME_AFTER_PROVISION_FOR_LOAN_LOSS": "16,694", "Net Income from Continuing & Discontinued Operation": "29,608", "Normalized Income": "29,608", "Total Money Market Investments": "947", "Reconciled Depreciation": "-1,129", "Net Income from Continuing Operation Net Minority Interest": "29,608", "Tax Rate for Calcs": "0", "Tax Effect of Unusual Items": "0"}, "12/31/2020": {"Duration": "12/31/2020", "Total Revenue": "87,497", "Credit Losses Provision": "-10,915", "Non Interest Expense": "40,299", "Pretax Income": "36,283", "Tax Provision": "6,675", "Net Income Common Stockholders": "27,328", "Diluted NI Available to Com Stockholders": "27,328", "Basic EPS": "-", "Diluted EPS": "-", "Basic Average Shares": "-", "Diluted Average Shares": "-", "INTEREST_INCOME_AFTER_PROVISION_FOR_LOAN_LOSS": "16,694", "Net Income from Continuing & Discontinued Operation": "29,608", "Normalized Income": "29,608", "Total Money Market Investments": "175", "Reconciled Depreciation": "-1,129", "Net Income from Continuing Operation Net Minority Interest": "29,608", "Tax Rate for Calcs": "0", "Tax Effect of Unusual Items": "0"}, "12/31/2019": {"Duration": "12/31/2019", "Total Revenue": "33,188", "Credit Losses Provision": "0", "Non Interest Expense": "21,147", "Pretax Income": "12,041", "Tax Provision": "2,440", "Net Income Common Stockholders": "9,820", "Diluted NI Available to Com Stockholders": "9,820", "Basic EPS": "2.05", "Diluted EPS": "2.03", "Basic Average Shares": "4,581", "Diluted Average Shares": "4,629", "INTEREST_INCOME_AFTER_PROVISION_FOR_LOAN_LOSS": "21,493", "Net Income from Continuing & Discontinued Operation": "9,601", "Normalized Income": "9,601", "Total Money Market Investments": "947", "Reconciled Depreciation": "220", "Net Income from Continuing Operation Net Minority Interest": "9,601", "Tax Rate for Calcs": "0", "Tax Effect of Unusual Items": "0"}, "12/31/2018": {"Duration": "12/31/2018", "Total Revenue": "20,489", "Credit Losses Provision": "0", "Non Interest Expense": "15,159", "Pretax Income": "5,330", "Tax Provision": "1,057", "Net Income Common Stockholders": "4,335", "Diluted NI Available to Com Stockholders": "4,335", "Basic EPS": "1.02", "Diluted EPS": "1.00", "Basic Average Shares": "4,261", "Diluted Average Shares": "4,344", "INTEREST_INCOME_AFTER_PROVISION_FOR_LOAN_LOSS": "17,693", "Net Income from Continuing & Discontinued Operation": "4,273", "Normalized Income": "4,273", "Total Money Market Investments": "650", "Reconciled Depreciation": "207", "Net Income from Continuing Operation Net Minority Interest": "4,273", "Tax Rate for Calcs": "0", "Tax Effect of Unusual Items": "0"}}, "bs": {}, "cf": {"TTM": {"Duration": "TTM", "Operating Cash Flow": "-123,465", "Investing Cash Flow": "-259,754", "Financing Cash Flow": "558,934", "End Cash Position": "45,879", "Income Tax Paid Supplemental Data": "10,300", "Interest Paid Supplemental Data": "14,296", "Capital Expenditure": "-385", "Issuance of Capital Stock": "0", "Issuance of Debt": "645,150", "Repayment of Debt": "-452,224", "Repurchase of Capital Stock": "-680", "Free Cash Flow": "-123,850"}, "12/31/2020": {"Duration": "12/31/2020", "Operating Cash Flow": "-123,465", "Investing Cash Flow": "-259,754", "Financing Cash Flow": "558,934", "End Cash Position": "221,594", "Income Tax Paid Supplemental Data": "10,300", "Interest Paid Supplemental Data": "14,296", "Capital Expenditure": "-385", "Issuance of Capital Stock": "0", "Issuance of Debt": "645,150", "Repayment of Debt": "-452,224", "Repurchase of Capital Stock": "-680", "Free Cash Flow": "-123,850"}, "12/31/2019": {"Duration": "12/31/2019", "Operating Cash Flow": "-103,538", "Investing Cash Flow": "-111,402", "Financing Cash Flow": "193,515", "End Cash Position": "45,879", "Income Tax Paid Supplemental Data": "2,510", "Interest Paid Supplemental Data": "13,427", "Capital Expenditure": "-443", "Issuance of Capital Stock": "23,641", "Issuance of Debt": "766,700", "Repayment of Debt": "-764,700", "Repurchase of Capital Stock": "-23", "Free Cash Flow": "-103,981"}, "12/31/2018": {"Duration": "12/31/2018", "Operating Cash Flow": "-11,810", "Investing Cash Flow": "-143,766", "Financing Cash Flow": "177,382", "End Cash Position": "67,304", "Income Tax Paid Supplemental Data": "968", "Interest Paid Supplemental Data": "6,845", "Capital Expenditure": "-612", "Issuance of Capital Stock": "-", "Issuance of Debt": "84,212", "Repayment of Debt": "-68,600", "Repurchase of Capital Stock": "-42", "Free Cash Flow": "-12,422"}}}}, {"WVFC": {"quote": {"04/04/2021": {"value": "15.88", "Market Cap": "30.205M", "Beta (5Y Monthly)": "0.65", "PE Ratio (TTM)": "16.04", "EPS (TTM)": "0.99", "Earnings Date": "Jan 29, 2021", "Forward Dividend & Yield": "0.40 (2.53%)", "Ex-Dividend Date": "Feb 05, 2021", "1y Target Est": "N/A"}}, "fin": {"TTM": {"Duration": "TTM", "Total Revenue": "6,009", "Credit Losses Provision": "-81", "Non Interest Expense": "3,518", "Special Income Charges": "-", "Pretax Income": "2,410", "Tax Provision": "665", "Net Income Common Stockholders": "1,745", "Diluted NI Available to Com Stockholders": "1,745", "Basic EPS": "-", "Diluted EPS": "-", "Basic Average Shares": "-", "Diluted Average Shares": "-", "INTEREST_INCOME_AFTER_PROVISION_FOR_LOAN_LOSS": "5,668", "Net Income from Continuing & Discontinued Operation": "1,745", "Normalized Income": "1,745", "Total Money Market Investments": "28", "Reconciled Depreciation": "59", "Net Income from Continuing Operation Net Minority Interest": "1,745", "Total Unusual Items Excluding Goodwill": "-", "Total Unusual Items": "-", "Tax Rate for Calcs": "0", "Tax Effect of Unusual Items": "0"}, "6/30/2020": {"Duration": "6/30/2020", "Total Revenue": "6,911", "Credit Losses Provision": "-70", "Non Interest Expense": "3,481", "Special Income Charges": "-", "Pretax Income": "3,360", "Tax Provision": "870", "Net Income Common Stockholders": "2,490", "Diluted NI Available to Com Stockholders": "2,490", "Basic EPS": "1.41", "Diluted EPS": "1.41", "Basic Average Shares": "1,768", "Diluted Average Shares": "1,768", "INTEREST_INCOME_AFTER_PROVISION_FOR_LOAN_LOSS": "6,561", "Net Income from Continuing & Discontinued Operation": "2,490", "Normalized Income": "2,490", "Total Money Market Investments": "50", "Reconciled Depreciation": "38", "Net Income from Continuing Operation Net Minority Interest": "2,490", "Total Unusual Items Excluding Goodwill": "-", "Total Unusual Items": "-", "Tax Rate for Calcs": "0", "Tax Effect of Unusual Items": "0"}, "6/30/2019": {"Duration": "6/30/2019", "Total Revenue": "7,491", "Credit Losses Provision": "-80", "Non Interest Expense": "3,684", "Special Income Charges": "-", "Pretax Income": "3,727", "Tax Provision": "932", "Net Income Common Stockholders": "2,795", "Diluted NI Available to Com Stockholders": "2,795", "Basic EPS": "1.57", "Diluted EPS": "1.57", "Basic Average Shares": "1,781", "Diluted Average Shares": "1,781", "INTEREST_INCOME_AFTER_PROVISION_FOR_LOAN_LOSS": "7,102", "Net Income from Continuing & Discontinued Operation": "2,795", "Normalized Income": "2,795", "Total Money Market Investments": "34", "Reconciled Depreciation": "47", "Net Income from Continuing Operation Net Minority Interest": "2,795", "Total Unusual Items Excluding Goodwill": "-", "Total Unusual Items": "-", "Tax Rate for Calcs": "0", "Tax Effect of Unusual Items": "0"}, "6/30/2018": {"Duration": "6/30/2018", "Total Revenue": "6,910", "Credit Losses Provision": "-50", "Non Interest Expense": "3,607", "Special Income Charges": "-", "Pretax Income": "3,253", "Tax Provision": "1,128", "Net Income Common Stockholders": "2,125", "Diluted NI Available to Com Stockholders": "2,125", "Basic EPS": "1.16", "Diluted EPS": "1.16", "Basic Average Shares": "1,827", "Diluted Average Shares": "1,827", "INTEREST_INCOME_AFTER_PROVISION_FOR_LOAN_LOSS": "6,496", "Net Income from Continuing & Discontinued Operation": "2,125", "Normalized Income": "2,125", "Total Money Market Investments": "82", "Reconciled Depreciation": "78", "Net Income from Continuing Operation Net Minority Interest": "2,125", "Total Unusual Items Excluding Goodwill": "-", "Total Unusual Items": "-", "Tax Rate for Calcs": "0", "Tax Effect of Unusual Items": "0"}}, "bs": {}, "cf": {"TTM": {"Duration": "TTM", "Operating Cash Flow": "1,937", "Investing Cash Flow": "37,713", "Financing Cash Flow": "-39,404", "End Cash Position": "3,288", "Income Tax Paid Supplemental Data": "933", "Interest Paid Supplemental Data": "2,677", "Capital Expenditure": "-250", "Issuance of Debt": "24,800", "Repayment of Debt": "-79,871", "Repurchase of Capital Stock": "-445", "Free Cash Flow": "1,687"}, "6/30/2020": {"Duration": "6/30/2020", "Operating Cash Flow": "3,359", "Investing Cash Flow": "-4,256", "Financing Cash Flow": "-982", "End Cash Position": "2,500", "Income Tax Paid Supplemental Data": "666", "Interest Paid Supplemental Data": "4,190", "Capital Expenditure": "-266", "Issuance of Debt": "7,000", "Repayment of Debt": "-11,669", "Repurchase of Capital Stock": "-506", "Free Cash Flow": "3,093"}, "6/30/2019": {"Duration": "6/30/2019", "Operating Cash Flow": "3,774", "Investing Cash Flow": "-1,507", "Financing Cash Flow": "-329", "End Cash Position": "4,379", "Income Tax Paid Supplemental Data": "970", "Interest Paid Supplemental Data": "4,429", "Capital Expenditure": "-1", "Issuance of Debt": "100,000", "Repayment of Debt": "0", "Repurchase of Capital Stock": "-383", "Free Cash Flow": "3,773"}, "6/30/2018": {"Duration": "6/30/2018", "Operating Cash Flow": "4,573", "Investing Cash Flow": "-2,290", "Financing Cash Flow": "-2,114", "End Cash Position": "2,441", "Income Tax Paid Supplemental Data": "1,003", "Interest Paid Supplemental Data": "2,991", "Capital Expenditure": "-16", "Issuance of Debt": "-", "Repayment of Debt": "-16,109", "Repurchase of Capital Stock": "-622", "Free Cash Flow": "4,557"}}}}, {"FFDF": {"quote": {"04/04/2021": {"value": "74.80", "Market Cap": "23.878M", "Beta (5Y Monthly)": "0.25", "PE Ratio (TTM)": "10.69", "EPS (TTM)": "7.00", "Earnings Date": "N/A", "Forward Dividend & Yield": "2.08 (2.78%)", "Ex-Dividend Date": "Feb 03, 2021", "1y Target Est": "N/A"}}, "fin": {}, "bs": {}, "cf": {}}}, {"RYFL": {"quote": {"04/04/2021": {"value": "16.85", "Market Cap": "43.231M", "Beta (5Y Monthly)": "0.72", "PE Ratio (TTM)": "16.99", "EPS (TTM)": "0.99", "Earnings Date": "Jan 14, 2021", "Forward Dividend & Yield": "N/A (N/A)", "Ex-Dividend Date": "N/A", "1y Target Est": "N/A"}}, "fin": {"TTM": {"Duration": "TTM", "Total Revenue": "16,473", "Credit Losses Provision": "-2,321", "Non Interest Expense": "9,863", "Special Income Charges": "-426.932", "Other Non Operating Income Expenses": "-", "Pretax Income": "3,861", "Tax Provision": "1,323", "Net Income Common Stockholders": "2,539", "Diluted NI Available to Com Stockholders": "2,539", "Basic EPS": "-", "Diluted EPS": "-", "Basic Average Shares": "-", "Diluted Average Shares": "-", "INTEREST_INCOME_AFTER_PROVISION_FOR_LOAN_LOSS": "12,548", "Net Income from Continuing & Discontinued Operation": "2,539", "Normalized Income": "2,819", "Total Money Market Investments": "110.019", "Reconciled Depreciation": "140.827", "Net Income from Continuing Operation Net Minority Interest": "2,539", "Total Unusual Items Excluding Goodwill": "-426.932", "Total Unusual Items": "-426.932", "Tax Rate for Calcs": "0", "Tax Effect of Unusual Items": "-146.2253"}, "6/30/2020": {"Duration": "6/30/2020", "Total Revenue": "15,220", "Credit Losses Provision": "-1,761", "Non Interest Expense": "9,824", "Special Income Charges": "-362.847", "Other Non Operating Income Expenses": "-", "Pretax Income": "3,272", "Tax Provision": "1,233", "Net Income Common Stockholders": "2,040", "Diluted NI Available to Com Stockholders": "2,040", "Basic EPS": "0.80", "Diluted EPS": "0.80", "Basic Average Shares": "2,557", "Diluted Average Shares": "2,557", "INTEREST_INCOME_AFTER_PROVISION_FOR_LOAN_LOSS": "11,815", "Net Income from Continuing & Discontinued Operation": "2,040", "Normalized Income": "2,266", "Total Money Market Investments": "260.553", "Reconciled Depreciation": "867.896", "Net Income from Continuing Operation Net Minority Interest": "2,040", "Total Unusual Items Excluding Goodwill": "-362.847", "Total Unusual Items": "-362.847", "Tax Rate for Calcs": "0", "Tax Effect of Unusual Items": "-136.6708"}, "6/30/2019": {"Duration": "6/30/2019", "Total Revenue": "15,017", "Credit Losses Provision": "-225", "Non Interest Expense": "9,381", "Special Income Charges": "-49.772", "Other Non Operating Income Expenses": "-", "Pretax Income": "5,362", "Tax Provision": "1,658", "Net Income Common Stockholders": "3,704", "Diluted NI Available to Com Stockholders": "3,704", "Basic EPS": "1.46", "Diluted EPS": "1.43", "Basic Average Shares": "2,545", "Diluted Average Shares": "2,584", "INTEREST_INCOME_AFTER_PROVISION_FOR_LOAN_LOSS": "13,808", "Net Income from Continuing & Discontinued Operation": "3,704", "Normalized Income": "3,739", "Total Money Market Investments": "137.36", "Reconciled Depreciation": "790.273", "Net Income from Continuing Operation Net Minority Interest": "3,704", "Total Unusual Items Excluding Goodwill": "-49.772", "Total Unusual Items": "-49.772", "Tax Rate for Calcs": "0", "Tax Effect of Unusual Items": "-15.3866"}, "6/30/2018": {"Duration": "6/30/2018", "Total Revenue": "14,065", "Credit Losses Provision": "-720", "Non Interest Expense": "9,024", "Special Income Charges": "-673.968", "Other Non Operating Income Expenses": "-", "Pretax Income": "3,647", "Tax Provision": "1,909", "Net Income Common Stockholders": "1,738", "Diluted NI Available to Com Stockholders": "1,738", "Basic EPS": "0.69", "Diluted EPS": "0.68", "Basic Average Shares": "2,507", "Diluted Average Shares": "2,551", "INTEREST_INCOME_AFTER_PROVISION_FOR_LOAN_LOSS": "12,466", "Net Income from Continuing & Discontinued Operation": "1,738", "Normalized Income": "2,226", "Total Money Market Investments": "220.046", "Reconciled Depreciation": "746.844", "Net Income from Continuing Operation Net Minority Interest": "1,738", "Total Unusual Items Excluding Goodwill": "-668.526", "Total Unusual Items": "-668.526", "Tax Rate for Calcs": "0", "Tax Effect of Unusual Items": "-180.502"}}, "bs": {}, "cf": {"TTM": {"Duration": "TTM", "Operating Cash Flow": "-", "Investing Cash Flow": "-", "Financing Cash Flow": "-", "End Cash Position": "-", "Income Tax Paid Supplemental Data": "-", "Interest Paid Supplemental Data": "-", "Capital Expenditure": "-", "Issuance of Debt": "-", "Repayment of Debt": "-", "Repurchase of Capital Stock": "-", "Free Cash Flow": "-"}, "6/30/2020": {"Duration": "6/30/2020", "Operating Cash Flow": "3,852", "Investing Cash Flow": "-29,657", "Financing Cash Flow": "25,962", "End Cash Position": "14,763", "Income Tax Paid Supplemental Data": "0", "Interest Paid Supplemental Data": "4,007", "Capital Expenditure": "-", "Issuance of Debt": "4,000", "Repayment of Debt": "-3,500", "Repurchase of Capital Stock": "-123.039", "Free Cash Flow": "3,852"}, "6/30/2019": {"Duration": "6/30/2019", "Operating Cash Flow": "5,713", "Investing Cash Flow": "8,056", "Financing Cash Flow": "-13,392", "End Cash Position": "14,606", "Income Tax Paid Supplemental Data": "0", "Interest Paid Supplemental Data": "3,901", "Capital Expenditure": "-", "Issuance of Debt": "0", "Repayment of Debt": "-21,250", "Repurchase of Capital Stock": "-", "Free Cash Flow": "5,713"}, "6/30/2018": {"Duration": "6/30/2018", "Operating Cash Flow": "4,091", "Investing Cash Flow": "40,876", "Financing Cash Flow": "-45,494", "End Cash Position": "14,228", "Income Tax Paid Supplemental Data": "80", "Interest Paid Supplemental Data": "2,404", "Capital Expenditure": "-", "Issuance of Debt": "22,000", "Repayment of Debt": "-2,379", "Repurchase of Capital Stock": "-", "Free Cash Flow": "4,091"}}}}, {"HLFN": {"quote": {"04/04/2021": {"value": "31.92", "Market Cap": "19.976M", "Beta (5Y Monthly)": "0.55", "PE Ratio (TTM)": "12.41", "EPS (TTM)": "2.57", "Earnings Date": "N/A", "Forward Dividend & Yield": "1.08 (3.38%)", "Ex-Dividend Date": "Jan 28, 2021", "1y Target Est": "N/A"}}, "fin": {}, "bs": {}, "cf": {}}}, {"SFDL": {"quote": {"04/04/2021": {"value": "32.00", "Market Cap": "104.092M", "Beta (5Y Monthly)": "0.64", "PE Ratio (TTM)": "14.61", "EPS (TTM)": "2.19", "Earnings Date": "Feb 08, 2021", "Forward Dividend & Yield": "0.44 (1.38%)", "Ex-Dividend Date": "Feb 25, 2021", "1y Target Est": "N/A"}}, "fin": {"TTM": {"Duration": "TTM", "Total Revenue": "41,936", "Credit Losses Provision": "-3,600", "Non Interest Expense": "29,708", "Special Income Charges": "-", "Pretax Income": "8,628", "Tax Provision": "1,577", "Net Income Common Stockholders": "7,051", "Average Dilution Earnings": "0", "Diluted NI Available to Com Stockholders": "7,051", "Basic EPS": "-", "Diluted EPS": "-", "Basic Average Shares": "-", "Diluted Average Shares": "-", "INTEREST_INCOME_AFTER_PROVISION_FOR_LOAN_LOSS": "26,915", "Net Income from Continuing & Discontinued Operation": "7,051", "Normalized Income": "7,051", "Reconciled Depreciation": "2,255", "Net Income from Continuing Operation Net Minority Interest": "7,051", "Total Unusual Items Excluding Goodwill": "-", "Total Unusual Items": "-", "Tax Rate for Calcs": "0", "Tax Effect of Unusual Items": "0"}, "12/31/2020": {"Duration": "12/31/2020", "Total Revenue": "41,936", "Credit Losses Provision": "-3,600", "Non Interest Expense": "29,708", "Special Income Charges": "-", "Pretax Income": "8,628", "Tax Provision": "1,577", "Net Income Common Stockholders": "7,051", "Average Dilution Earnings": "0", "Diluted NI Available to Com Stockholders": "7,051", "Basic EPS": "-", "Diluted EPS": "-", "Basic Average Shares": "-", "Diluted Average Shares": "-", "INTEREST_INCOME_AFTER_PROVISION_FOR_LOAN_LOSS": "26,915", "Net Income from Continuing & Discontinued Operation": "7,051", "Normalized Income": "7,051", "Reconciled Depreciation": "2,255", "Net Income from Continuing Operation Net Minority Interest": "7,051", "Total Unusual Items Excluding Goodwill": "-", "Total Unusual Items": "-", "Tax Rate for Calcs": "0", "Tax Effect of Unusual Items": "0"}, "12/31/2019": {"Duration": "12/31/2019", "Total Revenue": "37,720", "Credit Losses Provision": "-375", "Non Interest Expense": "27,871", "Special Income Charges": "-", "Pretax Income": "9,474", "Tax Provision": "1,680", "Net Income Common Stockholders": "7,794", "Average Dilution Earnings": "362.64", "Diluted NI Available to Com Stockholders": "8,157", "Basic EPS": "2.64", "Diluted EPS": "2.50", "Basic Average Shares": "2,952", "Diluted Average Shares": "3,118", "INTEREST_INCOME_AFTER_PROVISION_FOR_LOAN_LOSS": "28,248", "Net Income from Continuing & Discontinued Operation": "7,794", "Normalized Income": "7,794", "Reconciled Depreciation": "1,962", "Net Income from Continuing Operation Net Minority Interest": "7,794", "Total Unusual Items Excluding Goodwill": "-", "Total Unusual Items": "-", "Tax Rate for Calcs": "0", "Tax Effect of Unusual Items": "0"}, "12/31/2018": {"Duration": "12/31/2018", "Total Revenue": "35,292", "Credit Losses Provision": "-925", "Non Interest Expense": "25,590", "Special Income Charges": "0", "Pretax Income": "8,777", "Tax Provision": "1,570", "Net Income Common Stockholders": "7,207", "Average Dilution Earnings": "362.64", "Diluted NI Available to Com Stockholders": "7,570", "Basic EPS": "2.44", "Diluted EPS": "2.32", "Basic Average Shares": "2,954", "Diluted Average Shares": "3,106", "INTEREST_INCOME_AFTER_PROVISION_FOR_LOAN_LOSS": "26,698", "Net Income from Continuing & Discontinued Operation": "7,207", "Normalized Income": "7,207", "Reconciled Depreciation": "1,488", "Net Income from Continuing Operation Net Minority Interest": "7,207", "Total Unusual Items Excluding Goodwill": "0", "Total Unusual Items": "0", "Tax Rate for Calcs": "0", "Tax Effect of Unusual Items": "0"}}, "bs": {}, "cf": {"TTM": {"Duration": "TTM", "Operating Cash Flow": "12,957", "Investing Cash Flow": "-199,836", "Financing Cash Flow": "192,368", "End Cash Position": "18,025", "Income Tax Paid Supplemental Data": "1,475", "Interest Paid Supplemental Data": "6,834", "Capital Expenditure": "-1,244", "Issuance of Debt": "498,722", "Repayment of Debt": "-451,755", "Repurchase of Capital Stock": "-", "Free Cash Flow": "11,714"}, "12/31/2020": {"Duration": "12/31/2020", "Operating Cash Flow": "12,957", "Investing Cash Flow": "-199,836", "Financing Cash Flow": "192,368", "End Cash Position": "18,025", "Income Tax Paid Supplemental Data": "1,475", "Interest Paid Supplemental Data": "6,834", "Capital Expenditure": "-1,244", "Issuance of Debt": "498,722", "Repayment of Debt": "-451,755", "Repurchase of Capital Stock": "-", "Free Cash Flow": "11,714"}, "12/31/2019": {"Duration": "12/31/2019", "Operating Cash Flow": "12,266", "Investing Cash Flow": "-47,903", "Financing Cash Flow": "35,467", "End Cash Position": "12,536", "Income Tax Paid Supplemental Data": "1,765", "Interest Paid Supplemental Data": "7,883", "Capital Expenditure": "-4,635", "Issuance of Debt": "373,104", "Repayment of Debt": "-340,477", "Repurchase of Capital Stock": "-", "Free Cash Flow": "7,631"}, "12/31/2018": {"Duration": "12/31/2018", "Operating Cash Flow": "14,500", "Investing Cash Flow": "-52,067", "Financing Cash Flow": "39,953", "End Cash Position": "12,706", "Income Tax Paid Supplemental Data": "1,522", "Interest Paid Supplemental Data": "5,575", "Capital Expenditure": "-2,865", "Issuance of Debt": "204,923", "Repayment of Debt": "-229,319", "Repurchase of Capital Stock": "0", "Free Cash Flow": "11,636"}}}}, {"GVFF": {"quote": {"04/04/2021": {"value": "9.10", "Market Cap": "11.529M", "Beta (5Y Monthly)": "0.41", "PE Ratio (TTM)": "39.57", "EPS (TTM)": "0.23", "Earnings Date": "N/A", "Forward Dividend & Yield": "0.28 (3.08%)", "Ex-Dividend Date": "Mar 19, 2021", "1y Target Est": "N/A"}}, "fin": {}, "bs": {}, "cf": {}}}, {"FRFC": {"quote": {"04/04/2021": {"value": "50.25", "Market Cap": "24.376M", "Beta (5Y Monthly)": "0.10", "PE Ratio (TTM)": "10.48", "EPS (TTM)": "4.79", "Earnings Date": "N/A", "Forward Dividend & Yield": "1.20 (2.39%)", "Ex-Dividend Date": "Mar 05, 2021", "1y Target Est": "N/A"}}, "fin": {"TTM": {"Duration": "TTM", "Total Revenue": "12,548", "Credit Losses Provision": "-130", "Non Interest Expense": "9,264", "Special Income Charges": "0", "Pretax Income": "3,154", "Tax Provision": "1,214", "Net Income Common Stockholders": "1,940", "Diluted NI Available to Com Stockholders": "1,940", "INTEREST_INCOME_AFTER_PROVISION_FOR_LOAN_LOSS": "9,011", "Net Income from Continuing & Discontinued Operation": "1,940", "Normalized Income": "1,940", "Reconciled Depreciation": "631", "Net Income from Continuing Operation Net Minority Interest": "1,940", "Total Unusual Items Excluding Goodwill": "0", "Total Unusual Items": "0", "Tax Rate for Calcs": "0", "Tax Effect of Unusual Items": "0"}}, "bs": {}, "cf": {"TTM": {"Duration": "TTM", "Operating Cash Flow": "3,170", "Investing Cash Flow": "-13,464", "Financing Cash Flow": "10,337", "End Cash Position": "27,152", "Income Tax Paid Supplemental Data": "1,306", "Interest Paid Supplemental Data": "1,610", "Capital Expenditure": "-1,682", "Issuance of Debt": "117,145", "Repayment of Debt": "-128,620", "Repurchase of Capital Stock": "-41", "Free Cash Flow": "1,488"}}}}, {"MFDB": {"quote": {"04/04/2021": {"value": "4.1300", "Market Cap": "5.168M", "Beta (5Y Monthly)": "0.55", "PE Ratio (TTM)": "N/A", "EPS (TTM)": "-0.5030", "Earnings Date": "N/A", "Forward Dividend & Yield": "N/A (4.62%)", "Ex-Dividend Date": "May 03, 2010", "1y Target Est": "N/A"}}, "fin": {}, "bs": {}, "cf": {}}}, {"HWEN": {"quote": {"04/04/2021": {"value": "10.55", "Market Cap": "8.341M", "Beta (5Y Monthly)": "0.83", "PE Ratio (TTM)": "N/A", "EPS (TTM)": "-0.55", "Earnings Date": "Feb 02, 2021", "Forward Dividend & Yield": "0.16 (1.52%)", "Ex-Dividend Date": "Mar 11, 2021", "1y Target Est": "N/A"}}, "fin": {}, "bs": {}, "cf": {}}}, {"FFWC": {"quote": {"04/04/2021": {"value": "41.50", "Market Cap": "12.293M", "Beta (5Y Monthly)": "0.46", "PE Ratio (TTM)": "7.84", "EPS (TTM)": "5.29", "Earnings Date": "Jan 27, 2021", "Forward Dividend & Yield": "1.00 (2.41%)", "Ex-Dividend Date": "Mar 16, 2021", "1y Target Est": "N/A"}}, "fin": {}, "bs": {}, "cf": {}}}, {"HMST": {"quote": {"04/04/2021": {"value": "43.72", "Market Cap": "940.522M", "Beta (5Y Monthly)": "1.05", "PE Ratio (TTM)": "12.60", "EPS (TTM)": "3.47", "Earnings Date": "Apr 26, 2021", "Forward Dividend & Yield": "1.00 (2.27%)", "Ex-Dividend Date": "Feb 08, 2021", "1y Target Est": "46.33"}}, "fin": {"TTM": {"Duration": "TTM", "Total Revenue": "358,026", "Credit Losses Provision": "-20,469", "Non Interest Expense": "235,663", "Income from Associates & Other Participating Interests": "-", "Pretax Income": "101,894", "Tax Provision": "21,904", "Net Income Common Stockholders": "79,990", "Diluted NI Available to Com Stockholders": "79,990", "Basic EPS": "-", "Diluted EPS": "-", "Basic Average Shares": "-", "Diluted Average Shares": "-", "INTEREST_INCOME_AFTER_PROVISION_FOR_LOAN_LOSS": "188,193", "Net Income from Continuing & Discontinued Operation": "79,990", "Normalized Income": "79,990", "Reconciled Depreciation": "17,744", "Net Income from Continuing Operation Net Minority Interest": "79,990", "Tax Rate for Calcs": "0", "Tax Effect of Unusual Items": "0"}, "12/31/2020": {"Duration": "12/31/2020", "Total Revenue": "358,026", "Credit Losses Provision": "-20,469", "Non Interest Expense": "235,663", "Income from Associates & Other Participating Interests": "-", "Pretax Income": "101,894", "Tax Provision": "21,904", "Net Income Common Stockholders": "79,990", "Diluted NI Available to Com Stockholders": "79,990", "Basic EPS": "-", "Diluted EPS": "-", "Basic Average Shares": "-", "Diluted Average Shares": "-", "INTEREST_INCOME_AFTER_PROVISION_FOR_LOAN_LOSS": "188,193", "Net Income from Continuing & Discontinued Operation": "79,990", "Normalized Income": "79,990", "Reconciled Depreciation": "17,744", "Net Income from Continuing Operation Net Minority Interest": "79,990", "Tax Rate for Calcs": "0", "Tax Effect of Unusual Items": "0"}, "12/31/2019": {"Duration": "12/31/2019", "Total Revenue": "263,822", "Credit Losses Provision": "500", "Non Interest Expense": "215,614", "Income from Associates & Other Participating Interests": "-", "Pretax Income": "48,708", "Tax Provision": "7,988", "Net Income Common Stockholders": "17,512", "Diluted NI Available to Com Stockholders": "17,512", "Basic EPS": "0.66", "Diluted EPS": "0.65", "Basic Average Shares": "25,573", "Diluted Average Shares": "25,771", "INTEREST_INCOME_AFTER_PROVISION_FOR_LOAN_LOSS": "189,890", "Net Income from Continuing & Discontinued Operation": "17,512", "Normalized Income": "40,720", "Reconciled Depreciation": "39,499", "Net Income from Continuing Operation Net Minority Interest": "40,720", "Tax Rate for Calcs": "0", "Tax Effect of Unusual Items": "0"}, "12/31/2018": {"Duration": "12/31/2018", "Total Revenue": "439,278", "Credit Losses Provision": "-3,000", "Non Interest Expense": "390,573", "Income from Associates & Other Participating Interests": "160", "Pretax Income": "45,865", "Tax Provision": "5,838", "Net Income Common Stockholders": "40,027", "Diluted NI Available to Com Stockholders": "40,027", "Basic EPS": "1.48", "Diluted EPS": "1.47", "Basic Average Shares": "26,971", "Diluted Average Shares": "27,168", "INTEREST_INCOME_AFTER_PROVISION_FOR_LOAN_LOSS": "199,479", "Net Income from Continuing & Discontinued Operation": "40,027", "Normalized Income": "40,027", "Reconciled Depreciation": "1,625", "Net Income from Continuing Operation Net Minority Interest": "40,027", "Tax Rate for Calcs": "0", "Tax Effect of Unusual Items": "0"}}, "bs": {}, "cf": {"TTM": {"Duration": "TTM", "Operating Cash Flow": "-25,545", "Investing Cash Flow": "-232,622", "Financing Cash Flow": "258,336", "End Cash Position": "58,049", "Income Tax Paid Supplemental Data": "20,992", "Interest Paid Supplemental Data": "44,466", "Capital Expenditure": "-3,298", "Issuance of Capital Stock": "237", "Issuance of Debt": "7,618,300", "Repayment of Debt": "-8,291", "Repurchase of Capital Stock": "-58,009", "Free Cash Flow": "-28,843"}, "12/31/2020": {"Duration": "12/31/2020", "Operating Cash Flow": "-25,545", "Investing Cash Flow": "-232,622", "Financing Cash Flow": "258,336", "End Cash Position": "58,049", "Income Tax Paid Supplemental Data": "20,992", "Interest Paid Supplemental Data": "44,466", "Capital Expenditure": "-3,298", "Issuance of Capital Stock": "237", "Issuance of Debt": "-", "Repayment of Debt": "-8,291", "Repurchase of Capital Stock": "-58,009", "Free Cash Flow": "-28,843"}, "12/31/2019": {"Duration": "12/31/2019", "Operating Cash Flow": "258,830", "Investing Cash Flow": "83,926", "Financing Cash Flow": "-343,462", "End Cash Position": "57,880", "Income Tax Paid Supplemental Data": "33,625", "Interest Paid Supplemental Data": "220", "Capital Expenditure": "-2,271", "Issuance of Capital Stock": "105", "Issuance of Debt": "7,618,300", "Repayment of Debt": "-8,205,994", "Repurchase of Capital Stock": "-98,543", "Free Cash Flow": "256,559"}, "12/31/2018": {"Duration": "12/31/2018", "Operating Cash Flow": "-3,198", "Investing Cash Flow": "1,428", "Financing Cash Flow": "68", "End Cash Position": "12,399", "Income Tax Paid Supplemental Data": "-", "Interest Paid Supplemental Data": "-", "Capital Expenditure": "-", "Issuance of Capital Stock": "68", "Issuance of Debt": "0", "Repayment of Debt": "-", "Repurchase of Capital Stock": "-", "Free Cash Flow": "-3,198"}}}}, {"QCCO": {"quote": {"04/04/2021": {"value": "0.3899", "Market Cap": "7.661M", "Beta (5Y Monthly)": "1.23", "PE Ratio (TTM)": "N/A", "EPS (TTM)": "-0.2740", "Earnings Date": "Mar 29, 2018 - Apr 02, 2018", "Forward Dividend & Yield": "N/A (N/A)", "Ex-Dividend Date": "Mar 03, 2021", "1y Target Est": "5.00"}}, "fin": {}, "bs": {}, "cf": {}}}, {"BORT": {"quote": {"04/04/2021": {"value": "27.25", "Market Cap": "32.965M", "Beta (5Y Monthly)": "0.46", "PE Ratio (TTM)": "10.17", "EPS (TTM)": "2.68", "Earnings Date": "Jan 28, 2021", "Forward Dividend & Yield": "0.72 (2.64%)", "Ex-Dividend Date": "Feb 10, 2021", "1y Target Est": "N/A"}}, "fin": {}, "bs": {}, "cf": {}}}, {"FBPI": {"quote": {"04/04/2021": {"value": "19.98", "Market Cap": "18.499M", "Beta (5Y Monthly)": "0.36", "PE Ratio (TTM)": "16.90", "EPS (TTM)": "1.18", "Earnings Date": "N/A", "Forward Dividend & Yield": "0.62 (3.12%)", "Ex-Dividend Date": "Feb 26, 2021", "1y Target Est": "N/A"}}, "fin": {}, "bs": {}, "cf": {}}}, {"GTPS": {"quote": {"04/04/2021": {"value": "32.50", "Market Cap": "19.364M", "Beta (5Y Monthly)": "0.96", "PE Ratio (TTM)": "11.08", "EPS (TTM)": "2.93", "Earnings Date": "N/A", "Forward Dividend & Yield": "0.68 (2.09%)", "Ex-Dividend Date": "Mar 12, 2021", "1y Target Est": "N/A"}}, "fin": {}, "bs": {}, "cf": {}}}, {"SRNN": {"quote": {"04/04/2021": {"value": "8.20", "Market Cap": "4.957M", "Beta (5Y Monthly)": "-0.21", "PE Ratio (TTM)": "22.16", "EPS (TTM)": "0.37", "Earnings Date": "Feb 05, 2021", "Forward Dividend & Yield": "N/A (5.15%)", "Ex-Dividend Date": "Feb 25, 2009", "1y Target Est": "N/A"}}, "fin": {}, "bs": {}, "cf": {}}}, {"SCYT": {"quote": {"04/04/2021": {"value": "57.00", "Market Cap": "13.321M", "Beta (5Y Monthly)": "0.13", "PE Ratio (TTM)": "9.43", "EPS (TTM)": "6.05", "Earnings Date": "N/A", "Forward Dividend & Yield": "1.00 (1.75%)", "Ex-Dividend Date": "May 29, 2020", "1y Target Est": "N/A"}}, "fin": {}, "bs": {}, "cf": {}}}, {"CTUY": {"quote": {"04/04/2021": {"value": "31.00", "Market Cap": "52.202M", "Beta (5Y Monthly)": "0.32", "PE Ratio (TTM)": "9.87", "EPS (TTM)": "3.14", "Earnings Date": "N/A", "Forward Dividend & Yield": "0.25 (0.81%)", "Ex-Dividend Date": "May 27, 2020", "1y Target Est": "N/A"}}, "fin": {"TTM": {"Duration": "TTM", "Total Revenue": "24,214", "Credit Losses Provision": "-1,498", "Non Interest Expense": "16,170", "Pretax Income": "6,546", "Tax Provision": "1,493", "Net Income Common Stockholders": "5,053", "Diluted NI Available to Com Stockholders": "5,053", "Basic EPS": "-", "Diluted EPS": "-", "Basic Average Shares": "-", "Diluted Average Shares": "-", "INTEREST_INCOME_AFTER_PROVISION_FOR_LOAN_LOSS": "18,735", "Net Income from Continuing & Discontinued Operation": "5,053", "Normalized Income": "5,072", "Reconciled Depreciation": "601", "Net Income from Continuing Operation Net Minority Interest": "5,053", "Total Unusual Items Excluding Goodwill": "-24", "Total Unusual Items": "-24", "Tax Rate for Calcs": "0", "Tax Effect of Unusual Items": "-5.4739"}, "12/31/2019": {"Duration": "12/31/2019", "Total Revenue": "23,598", "Credit Losses Provision": "-1,203", "Non Interest Expense": "15,343", "Pretax Income": "7,052", "Tax Provision": "1,499", "Net Income Common Stockholders": "5,553", "Diluted NI Available to Com Stockholders": "5,553", "Basic EPS": "3.43", "Diluted EPS": "3.36", "Basic Average Shares": "1,617", "Diluted Average Shares": "1,652", "INTEREST_INCOME_AFTER_PROVISION_FOR_LOAN_LOSS": "18,418", "Net Income from Continuing & Discontinued Operation": "5,553", "Normalized Income": "5,552", "Reconciled Depreciation": "556", "Net Income from Continuing Operation Net Minority Interest": "5,553", "Total Unusual Items Excluding Goodwill": "1", "Total Unusual Items": "1", "Tax Rate for Calcs": "0", "Tax Effect of Unusual Items": "0.2126"}, "12/31/2018": {"Duration": "12/31/2018", "Total Revenue": "14,730", "Credit Losses Provision": "-780", "Non Interest Expense": "9,789", "Pretax Income": "4,161", "Tax Provision": "851", "Net Income Common Stockholders": "3,310", "Diluted NI Available to Com Stockholders": "3,310", "Basic EPS": "2.69", "Diluted EPS": "2.60", "Basic Average Shares": "1,233", "Diluted Average Shares": "1,271", "INTEREST_INCOME_AFTER_PROVISION_FOR_LOAN_LOSS": "11,992", "Net Income from Continuing & Discontinued Operation": "3,310", "Normalized Income": "3,313", "Reconciled Depreciation": "332", "Net Income from Continuing Operation Net Minority Interest": "3,310", "Total Unusual Items Excluding Goodwill": "-4", "Total Unusual Items": "-4", "Tax Rate for Calcs": "0", "Tax Effect of Unusual Items": "-0.818"}}, "bs": {}, "cf": {"TTM": {"Duration": "TTM", "Operating Cash Flow": "5,857", "Investing Cash Flow": "-17,616", "Financing Cash Flow": "19,085", "End Cash Position": "61,426", "Income Tax Paid Supplemental Data": "1,185", "Interest Paid Supplemental Data": "3,980", "Capital Expenditure": "-549", "Issuance of Capital Stock": "441", "Repurchase of Capital Stock": "-56", "Free Cash Flow": "5,308"}, "12/31/2020": {"Duration": "12/31/2020", "Operating Cash Flow": "5,857", "Investing Cash Flow": "-17,616", "Financing Cash Flow": "19,085", "End Cash Position": "61,426", "Income Tax Paid Supplemental Data": "1,185", "Interest Paid Supplemental Data": "3,980", "Capital Expenditure": "-549", "Issuance of Capital Stock": "441", "Repurchase of Capital Stock": "-56", "Free Cash Flow": "5,308"}, "12/31/2019": {"Duration": "12/31/2019", "Operating Cash Flow": "5,550", "Investing Cash Flow": "-27,821", "Financing Cash Flow": "21,917", "End Cash Position": "54,100", "Income Tax Paid Supplemental Data": "1,565", "Interest Paid Supplemental Data": "6,019", "Capital Expenditure": "-1,805", "Issuance of Capital Stock": "0", "Repurchase of Capital Stock": "0", "Free Cash Flow": "3,745"}, "12/31/2018": {"Duration": "12/31/2018", "Operating Cash Flow": "-3,327", "Investing Cash Flow": "-146,479", "Financing Cash Flow": "173,649", "End Cash Position": "54,454", "Income Tax Paid Supplemental Data": "1,055", "Interest Paid Supplemental Data": "3,151", "Capital Expenditure": "-3,075", "Issuance of Capital Stock": "14,247", "Repurchase of Capital Stock": "-760", "Free Cash Flow": "-6,402"}}}}, {"PBCO": {"quote": {"04/04/2021": {"value": "14.55", "Market Cap": "8.796M", "Beta (5Y Monthly)": "0.44", "PE Ratio (TTM)": "8.28", "EPS (TTM)": "1.76", "Earnings Date": "N/A", "Forward Dividend & Yield": "N/A (6.00%)", "Ex-Dividend Date": "Aug 12, 2009", "1y Target Est": "N/A"}}, "fin": {}, "bs": {}, "cf": {}}}, {"SMPL": {"quote": {"04/04/2021": {"value": "30.95", "Market Cap": "2.963B", "Beta (5Y Monthly)": "0.97", "PE Ratio (TTM)": "50.49", "EPS (TTM)": "0.61", "Earnings Date": "Apr 07, 2021", "Forward Dividend & Yield": "N/A (N/A)", "Ex-Dividend Date": "N/A", "1y Target Est": "32.73"}}, "fin": {"TTM": {"Duration": "TTM", "Total Revenue": "895,640", "Cost of Revenue": "539,477", "Gross Profit": "356,163", "Operating Expense": "231,801", "Operating Income": "124,362", "Net Non Operating Interest Income Expense": "-36,076", "Other Income Expense": "-2,864", "Pretax Income": "85,422", "Tax Provision": "23,429", "Net Income Common Stockholders": "61,993", "Diluted NI Available to Com Stockholders": "61,993", "Basic EPS": "-", "Diluted EPS": "-", "Basic Average Shares": "-", "Diluted Average Shares": "-", "Total Operating Income as Reported": "120,396", "Total Expenses": "771,278", "Net Income from Continuing & Discontinued Operation": "61,993", "Normalized Income": "64,399", "Interest Income": "140", "Interest Expense": "36,216", "Net Interest Income": "-36,076", "EBIT": "121,638", "EBITDA": "144,037", "Reconciled Cost of Revenue": "534,128", "Reconciled Depreciation": "22,399", "Net Income from Continuing Operation Net Minority Interest": "61,993", "Total Unusual Items Excluding Goodwill": "-3,315", "Total Unusual Items": "-3,315", "Normalized EBITDA": "147,352", "Tax Rate for Calcs": "0", "Tax Effect of Unusual Items": "-909.217"}, "8/31/2020": {"Duration": "8/31/2020", "Total Revenue": "816,641", "Cost of Revenue": "492,313", "Gross Profit": "324,328", "Operating Expense": "215,979", "Operating Income": "108,349", "Net Non Operating Interest Income Expense": "-31,297", "Other Income Expense": "-29,026", "Pretax Income": "48,026", "Tax Provision": "13,326", "Net Income Common Stockholders": "34,700", "Diluted NI Available to Com Stockholders": "34,700", "Basic EPS": "0.37", "Diluted EPS": "0.35", "Basic Average Shares": "93,969", "Diluted Average Shares": "98,344", "Total Operating Income as Reported": "78,224", "Total Expenses": "708,292", "Net Income from Continuing & Discontinued Operation": "34,700", "Normalized Income": "56,005", "Interest Income": "1,516", "Interest Expense": "32,813", "Net Interest Income": "-31,297", "EBIT": "80,839", "EBITDA": "-", "Reconciled Cost of Revenue": "487,717", "Reconciled Depreciation": "19,855", "Net Income from Continuing Operation Net Minority Interest": "34,700", "Total Unusual Items Excluding Goodwill": "-29,467", "Total Unusual Items": "-29,467", "Normalized EBITDA": "130,161", "Tax Rate for Calcs": "0", "Tax Effect of Unusual Items": "-8,162"}, "8/31/2019": {"Duration": "8/31/2019", "Total Revenue": "523,383", "Cost of Revenue": "305,978", "Gross Profit": "217,405", "Operating Expense": "136,956", "Operating Income": "80,449", "Net Non Operating Interest Income Expense": "-9,801", "Other Income Expense": "-6,362", "Pretax Income": "64,286", "Tax Provision": "16,750", "Net Income Common Stockholders": "47,536", "Diluted NI Available to Com Stockholders": "47,536", "Basic EPS": "0.59", "Diluted EPS": "0.56", "Basic Average Shares": "80,734", "Diluted Average Shares": "85,244", "Total Operating Income as Reported": "72,809", "Total Expenses": "442,934", "Net Income from Continuing & Discontinued Operation": "47,536", "Normalized Income": "53,516", "Interest Income": "3,826", "Interest Expense": "13,627", "Net Interest Income": "-9,801", "EBIT": "77,913", "EBITDA": "-", "Reconciled Cost of Revenue": "305,830", "Reconciled Depreciation": "7,644", "Net Income from Continuing Operation Net Minority Interest": "47,536", "Total Unusual Items Excluding Goodwill": "-8,092", "Total Unusual Items": "-8,092", "Normalized EBITDA": "93,649", "Tax Rate for Calcs": "0", "Tax Effect of Unusual Items": "-2,112"}, "8/31/2018": {"Duration": "8/31/2018", "Total Revenue": "431,429", "Cost of Revenue": "223,873", "Gross Profit": "207,556", "Operating Expense": "143,415", "Operating Income": "64,141", "Net Non Operating Interest Income Expense": "-12,551", "Other Income Expense": "1,501", "Pretax Income": "53,091", "Tax Provision": "-17,364", "Net Income Common Stockholders": "70,455", "Diluted NI Available to Com Stockholders": "70,455", "Basic EPS": "1.00", "Diluted EPS": "0.96", "Basic Average Shares": "70,582", "Diluted Average Shares": "73,681", "Total Operating Income as Reported": "64,730", "Total Expenses": "367,288", "Net Income from Continuing & Discontinued Operation": "70,455", "Normalized Income": "69,954", "Interest Income": "-", "Interest Expense": "12,551", "Net Interest Income": "-12,551", "EBIT": "65,642", "EBITDA": "-", "Reconciled Cost of Revenue": "223,873", "Reconciled Depreciation": "7,672", "Net Income from Continuing Operation Net Minority Interest": "70,455", "Total Unusual Items Excluding Goodwill": "686", "Total Unusual Items": "686", "Normalized EBITDA": "72,628", "Tax Rate for Calcs": "0", "Tax Effect of Unusual Items": "185.22"}}, "bs": {}, "cf": {"TTM": {"Duration": "TTM", "Operating Cash Flow": "113,571", "Investing Cash Flow": "7,175", "Financing Cash Flow": "-75,946", "End Cash Position": "90,915", "Capital Expenditure": "-2,751", "Issuance of Capital Stock": "0", "Issuance of Debt": "25,000", "Repayment of Debt": "-104,385", "Repurchase of Capital Stock": "-", "Free Cash Flow": "110,820"}, "8/31/2020": {"Duration": "8/31/2020", "Operating Cash Flow": "58,921", "Investing Cash Flow": "-983,994", "Financing Cash Flow": "754,652", "End Cash Position": "95,847", "Capital Expenditure": "-2,669", "Issuance of Capital Stock": "352,542", "Issuance of Debt": "485,000", "Repayment of Debt": "-75,374", "Repurchase of Capital Stock": "0", "Free Cash Flow": "56,252"}, "8/31/2019": {"Duration": "8/31/2019", "Operating Cash Flow": "73,042", "Investing Cash Flow": "-1,787", "Financing Cash Flow": "83,376", "End Cash Position": "266,341", "Capital Expenditure": "-1,037", "Issuance of Capital Stock": "0", "Issuance of Debt": "0", "Repayment of Debt": "-2,000", "Repurchase of Capital Stock": "-2,145", "Free Cash Flow": "72,005"}}}}, {"BKJ": {"fin": {}, "bs": {}, "cf": {}}}, {"UBNK": {"fin": {}, "bs": {}, "cf": {}}}, {"HFBC": {"fin": {}, "bs": {}, "cf": {}}}, {"BRBI": {"fin": {}, "bs": {}, "cf": {}}}, {"UCFC": {"fin": {}, "bs": {}, "cf": {}}}, {"FDEF": {"fin": {}, "bs": {}, "cf": {}}}, {"SIFI": {"fin": {}, "bs": {}, "cf": {}}}, {"MSBF": {"fin": {}, "bs": {}, "cf": {}}}, {"CKFC": {"fin": {}, "bs": {}, "cf": {}}}, {"MBCQ": {"fin": {}, "bs": {}, "cf": {}}}]