[{"AGO": {"quote": {"04/24/2021": {"value": "47.80", "Market Cap": "3.506B", "Beta (5Y Monthly)": "1.13", "PE Ratio (TTM)": "11.41", "EPS (TTM)": "4.19", "Earnings Date": "May 05, 2021 - May 10, 2021", "Forward Dividend & Yield": "0.88 (1.84%)", "Ex-Dividend Date": "Mar 09, 2021", "1y Target Est": "52.00"}}, "fin": {"TTM": {"Duration": "TTM", "Total Revenue": "1,123,000", "Total Expenses": "633,000", "Pretax Income": "490,000", "Tax Provision": "49,000", "Net Income Common Stockholders": "427,000", "Average Dilution Earnings": "-", "Diluted NI Available to Com Stockholders": "427,000", "Basic EPS": "-", "Diluted EPS": "-", "Basic Average Shares": "-", "Diluted Average Shares": "-", "Net Income from Continuing & Discontinued Operation": "428,000", "Normalized Income": "428,000", "EBIT": "574,000", "Reconciled Depreciation": "-", "Net Income from Continuing Operation Net Minority Interest": "428,000", "Total Unusual Items Excluding Goodwill": "-", "Total Unusual Items": "-", "Tax Rate for Calcs": "0", "Tax Effect of Unusual Items": "0", "Interest Expense": "84,000"}, "12/31/2020": {"Duration": "12/31/2020", "Total Revenue": "1,084,000", "Total Expenses": "671,000", "Pretax Income": "413,000", "Tax Provision": "45,000", "Net Income Common Stockholders": "361,000", "Average Dilution Earnings": "0", "Diluted NI Available to Com Stockholders": "361,000", "Basic EPS": "-", "Diluted EPS": "-", "Basic Average Shares": "-", "Diluted Average Shares": "-", "Net Income from Continuing & Discontinued Operation": "362,000", "Normalized Income": "362,000", "EBIT": "498,000", "Reconciled Depreciation": "-", "Net Income from Continuing Operation Net Minority Interest": "362,000", "Total Unusual Items Excluding Goodwill": "-", "Total Unusual Items": "-", "Tax Rate for Calcs": "0", "Tax Effect of Unusual Items": "0", "Interest Expense": "85,000"}, "12/31/2019": {"Duration": "12/31/2019", "Total Revenue": "921,000", "Total Expenses": "457,000", "Pretax Income": "464,000", "Tax Provision": "63,000", "Net Income Common Stockholders": "401,000", "Average Dilution Earnings": "0", "Diluted NI Available to Com Stockholders": "401,000", "Basic EPS": "4.31", "Diluted EPS": "4.00", "Basic Average Shares": "93,275", "Diluted Average Shares": "100,200", "Net Income from Continuing & Discontinued Operation": "402,000", "Normalized Income": "402,000", "EBIT": "553,000", "Reconciled Depreciation": "-", "Net Income from Continuing Operation Net Minority Interest": "402,000", "Total Unusual Items Excluding Goodwill": "0", "Total Unusual Items": "0", "Tax Rate for Calcs": "0", "Tax Effect of Unusual Items": "0", "Interest Expense": "89,000"}, "12/31/2018": {"Duration": "12/31/2018", "Total Revenue": "988,000", "Total Expenses": "408,000", "Pretax Income": "580,000", "Tax Provision": "59,000", "Net Income Common Stockholders": "520,000", "Average Dilution Earnings": "0", "Diluted NI Available to Com Stockholders": "520,000", "Basic EPS": "4.73", "Diluted EPS": "4.68", "Basic Average Shares": "110,000", "Diluted Average Shares": "111,300", "Net Income from Continuing & Discontinued Operation": "521,000", "Normalized Income": "521,000", "EBIT": "674,000", "Reconciled Depreciation": "-", "Net Income from Continuing Operation Net Minority Interest": "521,000", "Total Unusual Items Excluding Goodwill": "0", "Total Unusual Items": "0", "Tax Rate for Calcs": "0", "Tax Effect of Unusual Items": "0", "Interest Expense": "94,000"}, "12/31/2017": {"Duration": "12/31/2017", "Total Revenue": "1,651,000", "Total Expenses": "660,000", "Pretax Income": "991,000", "Tax Provision": "261,000", "Net Income Common Stockholders": "729,000", "Average Dilution Earnings": "0", "Diluted NI Available to Com Stockholders": "729,000", "Basic EPS": "6.05", "Diluted EPS": "5.96", "Basic Average Shares": "120,600", "Diluted Average Shares": "122,300", "Net Income from Continuing & Discontinued Operation": "730,000", "Normalized Income": "687,254", "EBIT": "1,088,000", "Reconciled Depreciation": "-", "Net Income from Continuing Operation Net Minority Interest": "730,000", "Total Unusual Items Excluding Goodwill": "58,000", "Total Unusual Items": "58,000", "Tax Rate for Calcs": "0", "Tax Effect of Unusual Items": "15,254", "Interest Expense": "97,000"}, "12/31/2016": {"Duration": "12/31/2016", "Total Revenue": "1,380,000", "Total Expenses": "363,000", "Pretax Income": "1,017,000", "Tax Provision": "136,000", "Net Income Common Stockholders": "880,000", "Average Dilution Earnings": "0", "Diluted NI Available to Com Stockholders": "880,000", "Basic EPS": "6.61", "Diluted EPS": "6.56", "Basic Average Shares": "133,000", "Diluted Average Shares": "134,100", "Net Income from Continuing & Discontinued Operation": "881,000", "Normalized Income": "656,706", "EBIT": "1,119,000", "Reconciled Depreciation": "-", "Net Income from Continuing Operation Net Minority Interest": "881,000", "Total Unusual Items Excluding Goodwill": "259,000", "Total Unusual Items": "259,000", "Tax Rate for Calcs": "0", "Tax Effect of Unusual Items": "34,706", "Interest Expense": "102,000"}, "12/31/2015": {"Duration": "12/31/2015", "Total Revenue": "1,955,000", "Total Expenses": "524,000", "Pretax Income": "1,431,000", "Tax Provision": "375,000", "Net Income Common Stockholders": "1,055,000", "Average Dilution Earnings": "0", "Diluted NI Available to Com Stockholders": "1,055,000", "Basic EPS": "7.12", "Diluted EPS": "7.08", "Basic Average Shares": "148,100", "Diluted Average Shares": "149,000", "Net Income from Continuing & Discontinued Operation": "1,056,000", "Normalized Income": "898,068", "EBIT": "1,532,000", "Reconciled Depreciation": "-", "Net Income from Continuing Operation Net Minority Interest": "1,056,000", "Total Unusual Items Excluding Goodwill": "214,000", "Total Unusual Items": "214,000", "Tax Rate for Calcs": "0", "Tax Effect of Unusual Items": "56,068", "Interest Expense": "101,000"}, "12/31/2014": {"Duration": "12/31/2014", "Total Revenue": "1,739,000", "Total Expenses": "208,000", "Pretax Income": "1,531,000", "Tax Provision": "443,000", "Net Income Common Stockholders": "1,088,000", "Average Dilution Earnings": "0", "Diluted NI Available to Com Stockholders": "1,088,000", "Basic EPS": "6.30", "Diluted EPS": "6.26", "Basic Average Shares": "172,600", "Diluted Average Shares": "173,600", "Net Income from Continuing & Discontinued Operation": "1,088,000", "Normalized Income": "1,088,000", "EBIT": "1,623,000", "Reconciled Depreciation": "-", "Net Income from Continuing Operation Net Minority Interest": "1,088,000", "Total Unusual Items Excluding Goodwill": "-", "Total Unusual Items": "-", "Tax Rate for Calcs": "0", "Tax Effect of Unusual Items": "0", "Interest Expense": "92,000"}, "12/31/2013": {"Duration": "12/31/2013", "Total Revenue": "1,262,000", "Total Expenses": "120,000", "Pretax Income": "1,142,000", "Tax Provision": "334,000", "Net Income Common Stockholders": "807,000", "Average Dilution Earnings": "0", "Diluted NI Available to Com Stockholders": "807,000", "Basic EPS": "4.33", "Diluted EPS": "4.30", "Basic Average Shares": "186,600", "Diluted Average Shares": "187,600", "Net Income from Continuing & Discontinued Operation": "808,000", "Normalized Income": "808,000", "EBIT": "1,224,000", "Reconciled Depreciation": "-", "Net Income from Continuing Operation Net Minority Interest": "808,000", "Total Unusual Items Excluding Goodwill": "-", "Total Unusual Items": "-", "Tax Rate for Calcs": "0", "Tax Effect of Unusual Items": "0", "Interest Expense": "82,000"}, "12/31/2012": {"Duration": "12/31/2012", "Total Revenue": "763,000", "Total Expenses": "631,000", "Pretax Income": "132,000", "Tax Provision": "22,000", "Net Income Common Stockholders": "110,000", "Average Dilution Earnings": "0", "Diluted NI Available to Com Stockholders": "110,000", "Basic EPS": "0.58", "Diluted EPS": "0.57", "Basic Average Shares": "189,200", "Diluted Average Shares": "190,700", "Net Income from Continuing & Discontinued Operation": "110,000", "Normalized Income": "110,000", "EBIT": "224,000", "Reconciled Depreciation": "-", "Net Income from Continuing Operation Net Minority Interest": "110,000", "Total Unusual Items Excluding Goodwill": "0", "Total Unusual Items": "0", "Tax Rate for Calcs": "0", "Tax Effect of Unusual Items": "0", "Interest Expense": "92,000"}, "12/31/2011": {"Duration": "12/31/2011", "Total Revenue": "1,819,313", "Total Expenses": "784,851", "Pretax Income": "1,034,462", "Tax Provision": "258,842", "Net Income Common Stockholders": "775,620", "Average Dilution Earnings": "-", "Diluted NI Available to Com Stockholders": "775,620", "Basic EPS": "4.23", "Diluted EPS": "4.18", "Basic Average Shares": "183,400", "Diluted Average Shares": "185,500", "Net Income from Continuing & Discontinued Operation": "775,620", "Normalized Income": "775,620", "EBIT": "1,133,574", "Reconciled Depreciation": "-", "Net Income from Continuing Operation Net Minority Interest": "775,620", "Total Unusual Items Excluding Goodwill": "0", "Total Unusual Items": "0", "Tax Rate for Calcs": "0", "Tax Effect of Unusual Items": "0", "Interest Expense": "99,112"}, "12/31/2010": {"Duration": "12/31/2010", "Total Revenue": "1,401,301", "Total Expenses": "765,779", "Pretax Income": "635,522", "Tax Provision": "86,609", "Net Income Common Stockholders": "548,913", "Average Dilution Earnings": "-", "Diluted NI Available to Com Stockholders": "548,913", "Basic EPS": "2.98", "Diluted EPS": "2.90", "Basic Average Shares": "184,000", "Diluted Average Shares": "188,900", "Net Income from Continuing & Discontinued Operation": "548,913", "Normalized Income": "554,762", "EBIT": "735,143", "Reconciled Depreciation": "-", "Net Income from Continuing Operation Net Minority Interest": "548,913", "Total Unusual Items Excluding Goodwill": "-6,772", "Total Unusual Items": "-6,772", "Tax Rate for Calcs": "0", "Tax Effect of Unusual Items": "-922.8888", "Interest Expense": "99,621"}, "12/31/2009": {"Duration": "12/31/2009", "Total Revenue": "929,587", "Total Expenses": "796,695", "Pretax Income": "132,892", "Tax Provision": "36,862", "Net Income Common Stockholders": "97,186", "Average Dilution Earnings": "-", "Diluted NI Available to Com Stockholders": "97,186", "Basic EPS": "0.77", "Diluted EPS": "0.75", "Basic Average Shares": "126,500", "Diluted Average Shares": "129,100", "Net Income from Continuing & Discontinued Operation": "97,186", "Normalized Income": "163,839", "EBIT": "195,675", "Reconciled Depreciation": "-", "Net Income from Continuing Operation Net Minority Interest": "97,186", "Total Unusual Items Excluding Goodwill": "-92,239", "Total Unusual Items": "-92,239", "Tax Rate for Calcs": "0", "Tax Effect of Unusual Items": "-25,586", "Interest Expense": "62,783"}, "12/31/2008": {"Duration": "12/31/2008", "Total Revenue": "553,188", "Total Expenses": "440,857", "Pretax Income": "112,331", "Tax Provision": "43,448", "Net Income Common Stockholders": "68,883", "Average Dilution Earnings": "-", "Diluted NI Available to Com Stockholders": "68,883", "Basic EPS": "0.76", "Diluted EPS": "0.76", "Basic Average Shares": "86,977", "Diluted Average Shares": "88,063", "Net Income from Continuing & Discontinued Operation": "68,883", "Normalized Income": "106,442", "EBIT": "135,614", "Reconciled Depreciation": "-", "Net Income from Continuing Operation Net Minority Interest": "68,883", "Total Unusual Items Excluding Goodwill": "-61,249", "Total Unusual Items": "-61,249", "Tax Rate for Calcs": "0", "Tax Effect of Unusual Items": "-23,690", "Interest Expense": "23,283"}, "12/31/2007": {"Duration": "12/31/2007", "Total Revenue": "-299,322", "Total Expenses": "163,703", "Pretax Income": "-463,025", "Tax Provision": "-159,753", "Net Income Common Stockholders": "-303,272", "Average Dilution Earnings": "-", "Diluted NI Available to Com Stockholders": "-303,272", "Basic EPS": "-4.46", "Diluted EPS": "-4.46", "Basic Average Shares": "67,998", "Diluted Average Shares": "67,998", "Net Income from Continuing & Discontinued Operation": "-303,272", "Normalized Income": "-303,272", "EBIT": "-439,496", "Reconciled Depreciation": "2,649", "Net Income from Continuing Operation Net Minority Interest": "-303,272", "Total Unusual Items Excluding Goodwill": "-", "Total Unusual Items": "-", "Tax Rate for Calcs": "0", "Tax Effect of Unusual Items": "0", "Interest Expense": "23,529"}, "12/31/2006": {"Duration": "12/31/2006", "Total Revenue": "322,058", "Total Expenses": "132,084", "Pretax Income": "189,974", "Tax Provision": "30,240", "Net Income Common Stockholders": "159,734", "Average Dilution Earnings": "-", "Diluted NI Available to Com Stockholders": "159,734", "Basic EPS": "2.18", "Diluted EPS": "2.15", "Basic Average Shares": "73,272", "Diluted Average Shares": "74,295", "Net Income from Continuing & Discontinued Operation": "159,734", "Normalized Income": "159,734", "EBIT": "203,746", "Reconciled Depreciation": "6,075", "Net Income from Continuing Operation Net Minority Interest": "159,734", "Total Unusual Items Excluding Goodwill": "-", "Total Unusual Items": "-", "Tax Rate for Calcs": "0", "Tax Effect of Unusual Items": "0", "Interest Expense": "13,772"}, "12/31/2005": {"Duration": "12/31/2005", "Total Revenue": "294,534", "Total Expenses": "64,913", "Pretax Income": "229,621", "Tax Provision": "41,173", "Net Income Common Stockholders": "188,448", "Average Dilution Earnings": "-", "Diluted NI Available to Com Stockholders": "188,448", "Basic EPS": "2.55", "Diluted EPS": "2.53", "Basic Average Shares": "73,901", "Diluted Average Shares": "74,485", "Net Income from Continuing & Discontinued Operation": "188,448", "Normalized Income": "188,448", "EBIT": "243,141", "Reconciled Depreciation": "7,026", "Net Income from Continuing Operation Net Minority Interest": "188,448", "Total Unusual Items Excluding Goodwill": "-", "Total Unusual Items": "-", "Tax Rate for Calcs": "0", "Tax Effect of Unusual Items": "0", "Interest Expense": "13,520"}, "12/31/2004": {"Duration": "12/31/2004", "Total Revenue": "347,915", "Total Expenses": "114,595", "Pretax Income": "233,320", "Tax Provision": "50,532", "Net Income Common Stockholders": "182,788", "Average Dilution Earnings": "-", "Diluted NI Available to Com Stockholders": "182,788", "Basic EPS": "2.44", "Diluted EPS": "2.44", "Basic Average Shares": "74,913", "Diluted Average Shares": "74,913", "Net Income from Continuing & Discontinued Operation": "182,788", "Normalized Income": "182,788", "EBIT": "244,055", "Reconciled Depreciation": "8,825", "Net Income from Continuing Operation Net Minority Interest": "182,788", "Total Unusual Items Excluding Goodwill": "-", "Total Unusual Items": "-", "Tax Rate for Calcs": "0", "Tax Effect of Unusual Items": "0", "Interest Expense": "10,735"}, "12/31/2003": {"Duration": "12/31/2003", "Total Revenue": "512,286", "Total Expenses": "266,109", "Pretax Income": "246,177", "Tax Provision": "31,655", "Net Income Common Stockholders": "214,522", "Average Dilution Earnings": "-", "Diluted NI Available to Com Stockholders": "214,522", "Basic EPS": "2.86", "Diluted EPS": "2.86", "Basic Average Shares": "75,008", "Diluted Average Shares": "75,008", "Net Income from Continuing & Discontinued Operation": "214,522", "Normalized Income": "214,522", "EBIT": "251,915", "Reconciled Depreciation": "9,119", "Net Income from Continuing Operation Net Minority Interest": "214,522", "Total Unusual Items Excluding Goodwill": "-", "Total Unusual Items": "-", "Tax Rate for Calcs": "0", "Tax Effect of Unusual Items": "0", "Interest Expense": "5,738"}, "12/31/2002": {"Duration": "12/31/2002", "Total Revenue": "302,000", "Total Expenses": "218,800", "Pretax Income": "83,200", "Tax Provision": "-10,600", "Net Income Common Stockholders": "72,600", "Average Dilution Earnings": "-", "Diluted NI Available to Com Stockholders": "72,600", "Basic EPS": "0.97", "Diluted EPS": "0.97", "Basic Average Shares": "74,845", "Diluted Average Shares": "74,845", "Net Income from Continuing & Discontinued Operation": "72,600", "Normalized Income": "72,600", "EBIT": "93,800", "Reconciled Depreciation": "-", "Net Income from Continuing Operation Net Minority Interest": "72,600", "Total Unusual Items Excluding Goodwill": "-", "Total Unusual Items": "-", "Tax Rate for Calcs": "0", "Tax Effect of Unusual Items": "0", "Interest Expense": "10,600"}, "12/31/2001": {"Duration": "12/31/2001", "Total Revenue": "294,534", "Total Expenses": "184,434", "Pretax Income": "110,100", "Tax Provision": "-", "Net Income Common Stockholders": "63,800", "Average Dilution Earnings": "-", "Diluted NI Available to Com Stockholders": "63,800", "Basic EPS": "0.85", "Diluted EPS": "0.85", "Basic Average Shares": "75,059", "Diluted Average Shares": "75,059", "Net Income from Continuing & Discontinued Operation": "63,800", "Normalized Income": "63,800", "EBIT": "121,600", "Reconciled Depreciation": "-", "Net Income from Continuing Operation Net Minority Interest": "63,800", "Total Unusual Items Excluding Goodwill": "-", "Total Unusual Items": "-", "Tax Rate for Calcs": "0", "Tax Effect of Unusual Items": "0", "Interest Expense": "11,500"}, "12/31/2000": {"Duration": "12/31/2000", "Total Revenue": "249,900", "Total Expenses": "131,800", "Pretax Income": "118,100", "Tax Provision": "-", "Net Income Common Stockholders": "93,200", "Average Dilution Earnings": "-", "Diluted NI Available to Com Stockholders": "93,200", "Basic EPS": "1.24", "Diluted EPS": "1.24", "Basic Average Shares": "75,161", "Diluted Average Shares": "75,161", "Net Income from Continuing & Discontinued Operation": "93,200", "Normalized Income": "93,200", "EBIT": "129,600", "Reconciled Depreciation": "-", "Net Income from Continuing Operation Net Minority Interest": "93,200", "Total Unusual Items Excluding Goodwill": "-", "Total Unusual Items": "-", "Tax Rate for Calcs": "0", "Tax Effect of Unusual Items": "0", "Interest Expense": "11,500"}}, "bs": {"12/31/2020": {"Duration": "12/31/2020", "Total Assets": "15,334,000", "Total Liabilities Net Minority Interest": "8,650,000", "Total Equity Gross Minority Interest": "6,684,000", "Total Capitalization": "7,867,000", "Common Stock Equity": "6,643,000", "Net Tangible Assets": "6,440,000", "Invested Capital": "7,867,000", "Tangible Book Value": "6,440,000", "Total Debt": "1,224,000", "Net Debt": "1,062,000", "Share Issued": "77,547", "Ordinary Shares Number": "77,547", "Treasury Shares Number": "-"}, "12/31/2019": {"Duration": "12/31/2019", "Total Assets": "14,326,000", "Total Liabilities Net Minority Interest": "7,681,000", "Total Equity Gross Minority Interest": "6,645,000", "Total Capitalization": "7,874,000", "Common Stock Equity": "6,639,000", "Net Tangible Assets": "6,423,000", "Invested Capital": "7,874,000", "Tangible Book Value": "6,423,000", "Total Debt": "1,235,000", "Net Debt": "1,066,000", "Share Issued": "93,275", "Ordinary Shares Number": "93,275", "Treasury Shares Number": "-"}, "12/31/2018": {"Duration": "12/31/2018", "Total Assets": "13,603,000", "Total Liabilities Net Minority Interest": "7,048,000", "Total Equity Gross Minority Interest": "6,555,000", "Total Capitalization": "7,788,000", "Common Stock Equity": "6,555,000", "Net Tangible Assets": "6,555,000", "Invested Capital": "7,788,000", "Tangible Book Value": "6,555,000", "Total Debt": "1,233,000", "Net Debt": "1,129,000", "Share Issued": "103,673", "Ordinary Shares Number": "103,673", "Treasury Shares Number": "-"}, "12/31/2017": {"Duration": "12/31/2017", "Total Assets": "14,433,000", "Total Liabilities Net Minority Interest": "7,594,000", "Total Equity Gross Minority Interest": "6,839,000", "Total Capitalization": "8,131,000", "Common Stock Equity": "6,839,000", "Net Tangible Assets": "6,839,000", "Invested Capital": "8,131,000", "Tangible Book Value": "6,839,000", "Total Debt": "1,292,000", "Net Debt": "1,148,000", "Share Issued": "116,021", "Ordinary Shares Number": "116,021", "Treasury Shares Number": "-"}, "12/31/2016": {"Duration": "12/31/2016", "Total Assets": "14,151,000", "Total Liabilities Net Minority Interest": "7,647,000", "Total Equity Gross Minority Interest": "6,504,000", "Total Capitalization": "7,810,000", "Common Stock Equity": "6,504,000", "Net Tangible Assets": "6,504,000", "Invested Capital": "7,810,000", "Tangible Book Value": "6,504,000", "Total Debt": "1,306,000", "Net Debt": "1,188,000", "Share Issued": "127,988", "Ordinary Shares Number": "127,988", "Treasury Shares Number": "-"}, "12/31/2015": {"Duration": "12/31/2015", "Total Assets": "14,544,000", "Total Liabilities Net Minority Interest": "8,481,000", "Total Equity Gross Minority Interest": "6,063,000", "Total Capitalization": "7,363,000", "Common Stock Equity": "6,063,000", "Net Tangible Assets": "6,063,000", "Invested Capital": "7,363,000", "Tangible Book Value": "6,063,000", "Total Debt": "1,300,000", "Net Debt": "1,134,000", "Share Issued": "137,929", "Ordinary Shares Number": "137,929", "Treasury Shares Number": "-"}, "12/31/2014": {"Duration": "12/31/2014", "Total Assets": "14,925,000", "Total Liabilities Net Minority Interest": "9,167,000", "Total Equity Gross Minority Interest": "5,758,000", "Total Capitalization": "7,061,000", "Common Stock Equity": "5,758,000", "Net Tangible Assets": "5,758,000", "Invested Capital": "7,061,000", "Tangible Book Value": "5,758,000", "Total Debt": "1,303,000", "Net Debt": "1,228,000", "Share Issued": "158,307", "Ordinary Shares Number": "158,307", "Treasury Shares Number": "-"}, "12/31/2013": {"Duration": "12/31/2013", "Total Assets": "16,287,000", "Total Liabilities Net Minority Interest": "11,172,000", "Total Equity Gross Minority Interest": "5,115,000", "Total Capitalization": "5,931,000", "Common Stock Equity": "5,115,000", "Net Tangible Assets": "5,115,000", "Invested Capital": "5,931,000", "Tangible Book Value": "5,115,000", "Total Debt": "816,000", "Net Debt": "632,000", "Share Issued": "182,178", "Ordinary Shares Number": "182,178", "Treasury Shares Number": "320.193"}, "12/31/2012": {"Duration": "12/31/2012", "Total Assets": "17,242,000", "Total Liabilities Net Minority Interest": "12,248,000", "Total Equity Gross Minority Interest": "4,994,000", "Total Capitalization": "5,830,000", "Common Stock Equity": "4,994,000", "Net Tangible Assets": "4,994,000", "Invested Capital": "5,830,000", "Tangible Book Value": "4,994,000", "Total Debt": "836,000", "Net Debt": "698,000", "Share Issued": "194,003", "Ordinary Shares Number": "194,003", "Treasury Shares Number": "-"}, "12/31/2011": {"Duration": "12/31/2011", "Total Assets": "18,091,531", "Total Liabilities Net Minority Interest": "13,373,095", "Total Equity Gross Minority Interest": "4,718,436", "Total Capitalization": "5,756,738", "Common Stock Equity": "4,718,436", "Net Tangible Assets": "4,718,436", "Invested Capital": "5,756,738", "Tangible Book Value": "4,718,436", "Total Debt": "1,038,302", "Net Debt": "823,758", "Share Issued": "182,236", "Ordinary Shares Number": "182,236", "Treasury Shares Number": "-"}, "12/31/2010": {"Duration": "12/31/2010", "Total Assets": "20,471,512", "Total Liabilities Net Minority Interest": "16,672,748", "Total Equity Gross Minority Interest": "3,798,764", "Total Capitalization": "4,851,700", "Common Stock Equity": "3,798,764", "Net Tangible Assets": "3,798,764", "Invested Capital": "4,851,700", "Tangible Book Value": "3,798,764", "Total Debt": "1,052,936", "Net Debt": "945,757", "Share Issued": "183,745", "Ordinary Shares Number": "183,745", "Treasury Shares Number": "-"}, "12/31/2009": {"Duration": "12/31/2009", "Total Assets": "16,593,436", "Total Liabilities Net Minority Interest": "13,073,277", "Total Equity Gross Minority Interest": "3,520,159", "Total Capitalization": "4,586,921", "Common Stock Equity": "3,520,508", "Net Tangible Assets": "3,520,508", "Invested Capital": "4,586,921", "Tangible Book Value": "3,520,508", "Total Debt": "1,066,413", "Net Debt": "1,022,280", "Share Issued": "184,163", "Ordinary Shares Number": "184,163", "Treasury Shares Number": "-"}, "12/31/2008": {"Duration": "12/31/2008", "Total Assets": "4,555,707", "Total Liabilities Net Minority Interest": "2,629,485", "Total Equity Gross Minority Interest": "1,926,222", "Total Capitalization": "2,273,432", "Common Stock Equity": "1,926,222", "Net Tangible Assets": "1,840,805", "Invested Capital": "2,273,432", "Tangible Book Value": "1,840,805", "Total Debt": "347,210", "Net Debt": "334,905", "Share Issued": "91,098", "Ordinary Shares Number": "91,098", "Treasury Shares Number": "-"}, "12/31/2007": {"Duration": "12/31/2007", "Total Assets": "3,800,359", "Total Liabilities Net Minority Interest": "2,133,789", "Total Equity Gross Minority Interest": "1,666,570", "Total Capitalization": "1,863,978", "Common Stock Equity": "1,666,570", "Net Tangible Assets": "1,581,153", "Invested Capital": "1,863,978", "Tangible Book Value": "1,581,153", "Total Debt": "197,408", "Net Debt": "189,360", "Share Issued": "79,949", "Ordinary Shares Number": "79,949", "Treasury Shares Number": "-"}, "12/31/2006": {"Duration": "12/31/2006", "Total Assets": "2,935,340", "Total Liabilities Net Minority Interest": "1,284,579", "Total Equity Gross Minority Interest": "1,650,761", "Total Capitalization": "1,848,136", "Common Stock Equity": "1,650,761", "Net Tangible Assets": "1,565,344", "Invested Capital": "1,848,136", "Tangible Book Value": "1,565,344", "Total Debt": "197,375", "Net Debt": "192,590", "Share Issued": "67,534", "Ordinary Shares Number": "67,534", "Treasury Shares Number": "-"}, "12/31/2005": {"Duration": "12/31/2005", "Total Assets": "2,676,471", "Total Liabilities Net Minority Interest": "1,014,958", "Total Equity Gross Minority Interest": "1,661,513", "Total Capitalization": "1,858,857", "Common Stock Equity": "1,661,513", "Net Tangible Assets": "1,576,096", "Invested Capital": "1,858,857", "Tangible Book Value": "1,576,096", "Total Debt": "197,344", "Net Debt": "191,154", "Share Issued": "74,765", "Ordinary Shares Number": "74,765", "Treasury Shares Number": "-"}, "12/31/2004": {"Duration": "12/31/2004", "Total Assets": "2,694,011", "Total Liabilities Net Minority Interest": "1,166,399", "Total Equity Gross Minority Interest": "1,527,612", "Total Capitalization": "1,724,968", "Common Stock Equity": "1,527,612", "Net Tangible Assets": "1,442,195", "Invested Capital": "1,724,968", "Tangible Book Value": "1,442,195", "Total Debt": "197,356", "Net Debt": "180,378", "Share Issued": "75,679", "Ordinary Shares Number": "75,679", "Treasury Shares Number": "-"}, "12/31/2003": {"Duration": "12/31/2003", "Total Assets": "2,857,867", "Total Liabilities Net Minority Interest": "1,420,243", "Total Equity Gross Minority Interest": "1,437,624", "Total Capitalization": "1,512,624", "Common Stock Equity": "1,437,624", "Net Tangible Assets": "1,350,562", "Invested Capital": "1,512,624", "Tangible Book Value": "1,350,562", "Total Debt": "75,000", "Net Debt": "42,635", "Share Issued": "75,000", "Ordinary Shares Number": "75,000", "Treasury Shares Number": "-"}, "12/31/2002": {"Duration": "12/31/2002", "Total Assets": "2,769,900", "Total Liabilities Net Minority Interest": "1,512,700", "Total Equity Gross Minority Interest": "1,257,200", "Total Capitalization": "1,257,200", "Common Stock Equity": "1,257,200", "Net Tangible Assets": "1,257,200", "Invested Capital": "1,257,200", "Tangible Book Value": "1,257,200", "Total Debt": "-", "Net Debt": "-", "Share Issued": "75,000", "Ordinary Shares Number": "75,000", "Treasury Shares Number": "-"}, "12/31/2001": {"Duration": "12/31/2001", "Total Assets": "2,322,100", "Total Liabilities Net Minority Interest": "1,260,400", "Total Equity Gross Minority Interest": "1,061,600", "Total Capitalization": "1,211,600", "Common Stock Equity": "1,061,600", "Net Tangible Assets": "1,061,600", "Invested Capital": "1,211,600", "Tangible Book Value": "1,061,600", "Total Debt": "150,000", "Net Debt": "150,000", "Share Issued": "75,000", "Ordinary Shares Number": "75,000", "Treasury Shares Number": "-"}, "12/31/2000": {"Duration": "12/31/2000", "Total Assets": "1,913,700", "Total Liabilities Net Minority Interest": "919,200", "Total Equity Gross Minority Interest": "994,500", "Total Capitalization": "994,500", "Common Stock Equity": "994,500", "Net Tangible Assets": "994,500", "Invested Capital": "994,500", "Tangible Book Value": "994,500", "Total Debt": "-", "Net Debt": "-", "Share Issued": "75,000", "Ordinary Shares Number": "75,000", "Treasury Shares Number": "-"}}, "cf": {"TTM": {"Duration": "TTM", "Operating Cash Flow": "-1,155,000", "Investing Cash Flow": "524,000", "Financing Cash Flow": "752,000", "End Cash Position": "342,000", "Income Tax Paid Supplemental Data": "-", "Interest Paid Supplemental Data": "-", "Issuance of Capital Stock": "-", "Issuance of Debt": "1,941,000", "Repayment of Debt": "-687,000", "Repurchase of Capital Stock": "-407,000", "Free Cash Flow": "-1,155,000"}, "12/31/2020": {"Duration": "12/31/2020", "Operating Cash Flow": "-853,000", "Investing Cash Flow": "788,000", "Financing Cash Flow": "183,000", "End Cash Position": "298,000", "Income Tax Paid Supplemental Data": "-", "Interest Paid Supplemental Data": "81,000", "Issuance of Capital Stock": "-", "Issuance of Debt": "972,000", "Repayment of Debt": "-232,000", "Repurchase of Capital Stock": "-446,000", "Free Cash Flow": "-853,000"}, "12/31/2019": {"Duration": "12/31/2019", "Operating Cash Flow": "-509,000", "Investing Cash Flow": "1,169,000", "Financing Cash Flow": "-584,000", "End Cash Position": "183,000", "Income Tax Paid Supplemental Data": "4,000", "Interest Paid Supplemental Data": "84,000", "Issuance of Capital Stock": "-", "Issuance of Debt": "482,000", "Repayment of Debt": "-310,000", "Repurchase of Capital Stock": "-500,000", "Free Cash Flow": "-509,000"}, "12/31/2018": {"Duration": "12/31/2018", "Operating Cash Flow": "462,000", "Investing Cash Flow": "297,000", "Financing Cash Flow": "-795,000", "End Cash Position": "104,000", "Income Tax Paid Supplemental Data": "-", "Interest Paid Supplemental Data": "99,000", "Issuance of Capital Stock": "-", "Issuance of Debt": "-", "Repayment of Debt": "-101,000", "Repurchase of Capital Stock": "-513,000", "Free Cash Flow": "462,000"}, "12/31/2017": {"Duration": "12/31/2017", "Operating Cash Flow": "433,000", "Investing Cash Flow": "345,000", "Financing Cash Flow": "-766,000", "End Cash Position": "144,000", "Income Tax Paid Supplemental Data": "10,000", "Interest Paid Supplemental Data": "77,000", "Issuance of Capital Stock": "-", "Issuance of Debt": "-", "Repayment of Debt": "-30,000", "Repurchase of Capital Stock": "-514,000", "Free Cash Flow": "433,000"}, "12/31/2016": {"Duration": "12/31/2016", "Operating Cash Flow": "-141,000", "Investing Cash Flow": "1,076,000", "Financing Cash Flow": "-978,000", "End Cash Position": "118,000", "Income Tax Paid Supplemental Data": "74,000", "Interest Paid Supplemental Data": "95,000", "Issuance of Capital Stock": "-", "Issuance of Debt": "0", "Repayment of Debt": "-2,000", "Repurchase of Capital Stock": "-306,000", "Free Cash Flow": "-141,000"}, "12/31/2015": {"Duration": "12/31/2015", "Operating Cash Flow": "-52,000", "Investing Cash Flow": "994,000", "Financing Cash Flow": "-847,000", "End Cash Position": "166,000", "Income Tax Paid Supplemental Data": "103,000", "Interest Paid Supplemental Data": "95,000", "Issuance of Capital Stock": "-", "Issuance of Debt": "-", "Repayment of Debt": "-4,000", "Repurchase of Capital Stock": "-555,000", "Free Cash Flow": "-52,000"}, "12/31/2014": {"Duration": "12/31/2014", "Operating Cash Flow": "577,000", "Investing Cash Flow": "-96,000", "Financing Cash Flow": "-585,000", "End Cash Position": "75,000", "Income Tax Paid Supplemental Data": "122,000", "Interest Paid Supplemental Data": "86,000", "Issuance of Capital Stock": "0", "Issuance of Debt": "495,000", "Repayment of Debt": "-19,000", "Repurchase of Capital Stock": "-590,000", "Free Cash Flow": "577,000"}, "12/31/2013": {"Duration": "12/31/2013", "Operating Cash Flow": "244,000", "Investing Cash Flow": "681,000", "Financing Cash Flow": "-878,000", "End Cash Position": "184,000", "Income Tax Paid Supplemental Data": "110,000", "Interest Paid Supplemental Data": "76,000", "Issuance of Capital Stock": "0", "Issuance of Debt": "-", "Repayment of Debt": "-27,000", "Repurchase of Capital Stock": "-264,000", "Free Cash Flow": "244,000"}, "12/31/2012": {"Duration": "12/31/2012", "Operating Cash Flow": "-165,000", "Investing Cash Flow": "943,000", "Financing Cash Flow": "-856,000", "End Cash Position": "138,000", "Income Tax Paid Supplemental Data": "-", "Interest Paid Supplemental Data": "85,000", "Issuance of Capital Stock": "173,000", "Issuance of Debt": "-", "Repayment of Debt": "-209,000", "Repurchase of Capital Stock": "-24,000", "Free Cash Flow": "-165,000"}, "12/31/2011": {"Duration": "12/31/2011", "Operating Cash Flow": "675,619", "Investing Cash Flow": "561,349", "Financing Cash Flow": "-1,132,955", "End Cash Position": "214,544", "Income Tax Paid Supplemental Data": "33,537", "Interest Paid Supplemental Data": "91,599", "Issuance of Capital Stock": "0", "Issuance of Debt": "-", "Repayment of Debt": "-22,137", "Repurchase of Capital Stock": "-23,311", "Free Cash Flow": "675,619"}, "12/31/2010": {"Duration": "12/31/2010", "Operating Cash Flow": "103,990", "Investing Cash Flow": "677,288", "Financing Cash Flow": "-717,434", "End Cash Position": "107,179", "Income Tax Paid Supplemental Data": "39,215", "Interest Paid Supplemental Data": "90,314", "Issuance of Capital Stock": "0", "Issuance of Debt": "-", "Repayment of Debt": "-20,891", "Repurchase of Capital Stock": "-10,457", "Free Cash Flow": "103,990"}, "12/31/2009": {"Duration": "12/31/2009", "Operating Cash Flow": "279,170", "Investing Cash Flow": "-1,397,221", "Financing Cash Flow": "1,148,554", "End Cash Position": "44,133", "Income Tax Paid Supplemental Data": "27,849", "Interest Paid Supplemental Data": "56,418", "Issuance of Capital Stock": "1,190,068", "Issuance of Debt": "-", "Repayment of Debt": "-14,823", "Repurchase of Capital Stock": "-3,676", "Free Cash Flow": "279,170"}, "12/31/2008": {"Duration": "12/31/2008", "Operating Cash Flow": "426,989", "Investing Cash Flow": "-649,615", "Financing Cash Flow": "229,336", "End Cash Position": "12,305", "Income Tax Paid Supplemental Data": "18,743", "Interest Paid Supplemental Data": "23,600", "Issuance of Capital Stock": "249,392", "Issuance of Debt": "0", "Repayment of Debt": "0", "Repurchase of Capital Stock": "0", "Free Cash Flow": "426,989"}, "12/31/2007": {"Duration": "12/31/2007", "Operating Cash Flow": "385,850", "Investing Cash Flow": "-664,389", "Financing Cash Flow": "281,436", "End Cash Position": "8,048", "Income Tax Paid Supplemental Data": "-", "Interest Paid Supplemental Data": "-", "Issuance of Capital Stock": "304,643", "Issuance of Debt": "-", "Repayment of Debt": "-", "Repurchase of Capital Stock": "-9,349", "Free Cash Flow": "385,850"}, "12/31/2006": {"Duration": "12/31/2006", "Operating Cash Flow": "261,574", "Investing Cash Flow": "-228,461", "Financing Cash Flow": "-35,066", "End Cash Position": "4,785", "Income Tax Paid Supplemental Data": "-", "Interest Paid Supplemental Data": "-", "Issuance of Capital Stock": "501", "Issuance of Debt": "0", "Repayment of Debt": "0", "Repurchase of Capital Stock": "-171,063", "Free Cash Flow": "261,574"}, "12/31/2005": {"Duration": "12/31/2005", "Operating Cash Flow": "175,807", "Investing Cash Flow": "-153,551", "Financing Cash Flow": "-31,937", "End Cash Position": "6,190", "Income Tax Paid Supplemental Data": "-", "Interest Paid Supplemental Data": "-", "Issuance of Capital Stock": "356", "Issuance of Debt": "0", "Repayment of Debt": "0", "Repurchase of Capital Stock": "-19,014", "Free Cash Flow": "175,807"}, "12/31/2004": {"Duration": "12/31/2004", "Operating Cash Flow": "-44,579", "Investing Cash Flow": "22,266", "Financing Cash Flow": "6,094", "End Cash Position": "16,978", "Income Tax Paid Supplemental Data": "-", "Interest Paid Supplemental Data": "-", "Issuance of Capital Stock": "-", "Issuance of Debt": "197,300", "Repayment of Debt": "-200,000", "Repurchase of Capital Stock": "-5,986", "Free Cash Flow": "-44,579"}, "12/31/2003": {"Duration": "12/31/2003", "Operating Cash Flow": "200,030", "Investing Cash Flow": "-145,297", "Financing Cash Flow": "-35,000", "End Cash Position": "32,365", "Income Tax Paid Supplemental Data": "-", "Interest Paid Supplemental Data": "-", "Issuance of Capital Stock": "-", "Issuance of Debt": "-", "Repayment of Debt": "-", "Repurchase of Capital Stock": "-", "Free Cash Flow": "200,030"}}, "ks": {"Current": {"Duration": "Current", "Market Cap (intraday) 5": "3.56B", "Enterprise Value 3": "4.69B", "Trailing P/E ": "9.60", "Forward P/E 1": "15.55", "PEG Ratio (5 yr expected) 1": "N/A", "Price/Sales (ttm)": "3.47", "Price/Book (mrq)": "0.55", "Enterprise Value/Revenue 3": "4.17", "Enterprise Value/EBITDA 7": "N/A"}, "3/31/2021": {"Duration": "3/31/2021", "Market Cap (intraday) 5": "3.21B", "Enterprise Value 3": "4.27B", "Trailing P/E ": "10.09", "Forward P/E 1": "13.93", "PEG Ratio (5 yr expected) 1": "N/A", "Price/Sales (ttm)": "3.36", "Price/Book (mrq)": "0.48", "Enterprise Value/Revenue 3": "27.39", "Enterprise Value/EBITDA 7": "N/A"}, "12/31/2020": {"Duration": "12/31/2020", "Market Cap (intraday) 5": "2.44B", "Enterprise Value 3": "3.44B", "Trailing P/E ": "8.24", "Forward P/E 1": "10.56", "PEG Ratio (5 yr expected) 1": "N/A", "Price/Sales (ttm)": "2.83", "Price/Book (mrq)": "0.37", "Enterprise Value/Revenue 3": "9.13", "Enterprise Value/EBITDA 7": "N/A"}, "9/30/2020": {"Duration": "9/30/2020", "Market Cap (intraday) 5": "1.77B", "Enterprise Value 3": "2.70B", "Trailing P/E ": "6.10", "Forward P/E 1": "6.84", "PEG Ratio (5 yr expected) 1": "N/A", "Price/Sales (ttm)": "2.11", "Price/Book (mrq)": "0.27", "Enterprise Value/Revenue 3": "10.78", "Enterprise Value/EBITDA 7": "N/A"}, "6/30/2020": {"Duration": "6/30/2020", "Market Cap (intraday) 5": "2.05B", "Enterprise Value 3": "3.13B", "Trailing P/E ": "8.45", "Forward P/E 1": "8.24", "PEG Ratio (5 yr expected) 1": "N/A", "Price/Sales (ttm)": "2.80", "Price/Book (mrq)": "0.33", "Enterprise Value/Revenue 3": "9.22", "Enterprise Value/EBITDA 7": "N/A"}, "3/31/2020": {"Duration": "3/31/2020", "Market Cap (intraday) 5": "2.32B", "Enterprise Value 3": "3.39B", "Trailing P/E ": "6.45", "Forward P/E 1": "7.70", "PEG Ratio (5 yr expected) 1": "N/A", "Price/Sales (ttm)": "2.81", "Price/Book (mrq)": "0.35", "Enterprise Value/Revenue 3": "28.95", "Enterprise Value/EBITDA 7": "N/A"}, "12/31/2019": {"Duration": "12/31/2019", "Market Cap (intraday) 5": "4.57B", "Enterprise Value 3": "5.58B", "Trailing P/E ": "14.17", "Forward P/E 1": "14.64", "PEG Ratio (5 yr expected) 1": "N/A", "Price/Sales (ttm)": "6.22", "Price/Book (mrq)": "0.69", "Enterprise Value/Revenue 3": "18.91", "Enterprise Value/EBITDA 7": "N/A"}, "9/30/2019": {"Duration": "9/30/2019", "Market Cap (intraday) 5": "4.29B", "Enterprise Value 3": "5.33B", "Trailing P/E ": "10.56", "Forward P/E 1": "13.30", "PEG Ratio (5 yr expected) 1": "N/A", "Price/Sales (ttm)": "5.18", "Price/Book (mrq)": "0.64", "Enterprise Value/Revenue 3": "26.40", "Enterprise Value/EBITDA 7": "N/A"}, "6/30/2019": {"Duration": "6/30/2019", "Market Cap (intraday) 5": "4.27B", "Enterprise Value 3": "5.38B", "Trailing P/E ": "11.95", "Forward P/E 1": "13.59", "PEG Ratio (5 yr expected) 1": "N/A", "Price/Sales (ttm)": "5.12", "Price/Book (mrq)": "0.63", "Enterprise Value/Revenue 3": "23.10", "Enterprise Value/EBITDA 7": "N/A"}, "3/31/2019": {"Duration": "3/31/2019", "Market Cap (intraday) 5": "4.56B", "Enterprise Value 3": "5.69B", "Trailing P/E ": "9.49", "Forward P/E 1": "14.33", "PEG Ratio (5 yr expected) 1": "N/A", "Price/Sales (ttm)": "5.01", "Price/Book (mrq)": "0.69", "Enterprise Value/Revenue 3": "29.96", "Enterprise Value/EBITDA 7": "N/A"}, "12/31/2018": {"Duration": "12/31/2018", "Market Cap (intraday) 5": "3.97B", "Enterprise Value 3": "5.14B", "Trailing P/E ": "8.88", "Forward P/E 1": "N/A", "PEG Ratio (5 yr expected) 1": "N/A", "Price/Sales (ttm)": "4.16", "Price/Book (mrq)": "0.60", "Enterprise Value/Revenue 3": "24.34", "Enterprise Value/EBITDA 7": "N/A"}, "9/30/2018": {"Duration": "9/30/2018", "Market Cap (intraday) 5": "4.58B", "Enterprise Value 3": "5.66B", "Trailing P/E ": "9.24", "Forward P/E 1": "13.18", "PEG Ratio (5 yr expected) 1": "N/A", "Price/Sales (ttm)": "3.53", "Price/Book (mrq)": "0.68", "Enterprise Value/Revenue 3": "21.03", "Enterprise Value/EBITDA 7": "N/A"}, "6/30/2018": {"Duration": "6/30/2018", "Market Cap (intraday) 5": "4.01B", "Enterprise Value 3": "5.18B", "Trailing P/E ": "6.94", "Forward P/E 1": "13.19", "PEG Ratio (5 yr expected) 1": "N/A", "Price/Sales (ttm)": "2.88", "Price/Book (mrq)": "0.58", "Enterprise Value/Revenue 3": "23.65", "Enterprise Value/EBITDA 7": "N/A"}, "3/31/2018": {"Duration": "3/31/2018", "Market Cap (intraday) 5": "4.16B", "Enterprise Value 3": "5.31B", "Trailing P/E ": "6.07", "Forward P/E 1": "12.27", "PEG Ratio (5 yr expected) 1": "N/A", "Price/Sales (ttm)": "2.68", "Price/Book (mrq)": "0.60", "Enterprise Value/Revenue 3": "18.37", "Enterprise Value/EBITDA 7": "N/A"}, "12/31/2017": {"Duration": "12/31/2017", "Market Cap (intraday) 5": "3.98B", "Enterprise Value 3": "5.20B", "Trailing P/E ": "4.85", "Forward P/E 1": "11.67", "PEG Ratio (5 yr expected) 1": "N/A", "Price/Sales (ttm)": "2.34", "Price/Book (mrq)": "0.57", "Enterprise Value/Revenue 3": "18.83", "Enterprise Value/EBITDA 7": "N/A"}, "9/30/2017": {"Duration": "9/30/2017", "Market Cap (intraday) 5": "4.49B", "Enterprise Value 3": "5.59B", "Trailing P/E ": "4.28", "Forward P/E 1": "11.59", "PEG Ratio (5 yr expected) 1": "N/A", "Price/Sales (ttm)": "3.20", "Price/Book (mrq)": "0.66", "Enterprise Value/Revenue 3": "9.01", "Enterprise Value/EBITDA 7": "N/A"}, "6/30/2017": {"Duration": "6/30/2017", "Market Cap (intraday) 5": "4.99B", "Enterprise Value 3": "6.15B", "Trailing P/E ": "4.84", "Forward P/E 1": "13.74", "PEG Ratio (5 yr expected) 1": "N/A", "Price/Sales (ttm)": "3.41", "Price/Book (mrq)": "0.75", "Enterprise Value/Revenue 3": "20.79", "Enterprise Value/EBITDA 7": "N/A"}, "3/31/2017": {"Duration": "3/31/2017", "Market Cap (intraday) 5": "4.57B", "Enterprise Value 3": "5.75B", "Trailing P/E ": "5.66", "Forward P/E 1": "13.02", "PEG Ratio (5 yr expected) 1": "N/A", "Price/Sales (ttm)": "3.61", "Price/Book (mrq)": "0.70", "Enterprise Value/Revenue 3": "12.54", "Enterprise Value/EBITDA 7": "N/A"}, "12/31/2016": {"Duration": "12/31/2016", "Market Cap (intraday) 5": "4.92B", "Enterprise Value 3": "6.13B", "Trailing P/E ": "4.72", "Forward P/E 1": "13.23", "PEG Ratio (5 yr expected) 1": "N/A", "Price/Sales (ttm)": "3.08", "Price/Book (mrq)": "0.73", "Enterprise Value/Revenue 3": "13.84", "Enterprise Value/EBITDA 7": "N/A"}, "9/30/2016": {"Duration": "9/30/2016", "Market Cap (intraday) 5": "3.63B", "Enterprise Value 3": "4.75B", "Trailing P/E ": "5.18", "Forward P/E 1": "9.75", "PEG Ratio (5 yr expected) 1": "N/A", "Price/Sales (ttm)": "2.25", "Price/Book (mrq)": "0.58", "Enterprise Value/Revenue 3": "14.93", "Enterprise Value/EBITDA 7": "N/A"}, "6/30/2016": {"Duration": "6/30/2016", "Market Cap (intraday) 5": "3.37B", "Enterprise Value 3": "4.56B", "Trailing P/E ": "4.07", "Forward P/E 1": "9.91", "PEG Ratio (5 yr expected) 1": "N/A", "Price/Sales (ttm)": "2.02", "Price/Book (mrq)": "0.55", "Enterprise Value/Revenue 3": "11.63", "Enterprise Value/EBITDA 7": "N/A"}, "3/31/2016": {"Duration": "3/31/2016", "Market Cap (intraday) 5": "3.42B", "Enterprise Value 3": "4.55B", "Trailing P/E ": "3.57", "Forward P/E 1": "8.42", "PEG Ratio (5 yr expected) 1": "N/A", "Price/Sales (ttm)": "1.93", "Price/Book (mrq)": "0.56", "Enterprise Value/Revenue 3": "20.05", "Enterprise Value/EBITDA 7": "N/A"}, "12/31/2015": {"Duration": "12/31/2015", "Market Cap (intraday) 5": "3.65B", "Enterprise Value 3": "4.89B", "Trailing P/E ": "3.64", "Forward P/E 1": "8.98", "PEG Ratio (5 yr expected) 1": "N/A", "Price/Sales (ttm)": "1.93", "Price/Book (mrq)": "0.63", "Enterprise Value/Revenue 3": "6.63", "Enterprise Value/EBITDA 7": "N/A"}, "9/30/2015": {"Duration": "9/30/2015", "Market Cap (intraday) 5": "3.57B", "Enterprise Value 3": "4.80B", "Trailing P/E ": "2.98", "Forward P/E 1": "8.47", "PEG Ratio (5 yr expected) 1": "N/A", "Price/Sales (ttm)": "1.80", "Price/Book (mrq)": "0.62", "Enterprise Value/Revenue 3": "13.12", "Enterprise Value/EBITDA 7": "N/A"}, "6/30/2015": {"Duration": "6/30/2015", "Market Cap (intraday) 5": "3.56B", "Enterprise Value 3": "3.98B", "Trailing P/E ": "3.28", "Forward P/E 1": "7.37", "PEG Ratio (5 yr expected) 1": "N/A", "Price/Sales (ttm)": "1.93", "Price/Book (mrq)": "0.61", "Enterprise Value/Revenue 3": "8.35", "Enterprise Value/EBITDA 7": "N/A"}, "3/31/2015": {"Duration": "3/31/2015", "Market Cap (intraday) 5": "4.03B", "Enterprise Value 3": "5.26B", "Trailing P/E ": "4.22", "Forward P/E 1": "8.26", "PEG Ratio (5 yr expected) 1": "0.31", "Price/Sales (ttm)": "2.63", "Price/Book (mrq)": "0.70", "Enterprise Value/Revenue 3": "13.99", "Enterprise Value/EBITDA 7": "N/A"}, "12/31/2014": {"Duration": "12/31/2014", "Market Cap (intraday) 5": "4.11B", "Enterprise Value 3": "5.34B", "Trailing P/E ": "5.20", "Forward P/E 1": "9.43", "PEG Ratio (5 yr expected) 1": "0.35", "Price/Sales (ttm)": "3.33", "Price/Book (mrq)": "0.77", "Enterprise Value/Revenue 3": "5.94", "Enterprise Value/EBITDA 7": "N/A"}, "9/30/2014": {"Duration": "9/30/2014", "Market Cap (intraday) 5": "3.65B", "Enterprise Value 3": "4.85B", "Trailing P/E ": "4.41", "Forward P/E 1": "7.78", "PEG Ratio (5 yr expected) 1": "0.29", "Price/Sales (ttm)": "2.60", "Price/Book (mrq)": "0.70", "Enterprise Value/Revenue 3": "10.21", "Enterprise Value/EBITDA 7": "N/A"}, "6/30/2014": {"Duration": "6/30/2014", "Market Cap (intraday) 5": "4.27B", "Enterprise Value 3": "4.86B", "Trailing P/E ": "4.65", "Forward P/E 1": "6.21", "PEG Ratio (5 yr expected) 1": "0.23", "Price/Sales (ttm)": "2.93", "Price/Book (mrq)": "0.82", "Enterprise Value/Revenue 3": "14.82", "Enterprise Value/EBITDA 7": "N/A"}, "3/31/2014": {"Duration": "3/31/2014", "Market Cap (intraday) 5": "4.59B", "Enterprise Value 3": "5.22B", "Trailing P/E ": "5.89", "Forward P/E 1": "6.37", "PEG Ratio (5 yr expected) 1": "0.24", "Price/Sales (ttm)": "3.76", "Price/Book (mrq)": "0.90", "Enterprise Value/Revenue 3": "137.34", "Enterprise Value/EBITDA 7": "N/A"}, "12/31/2013": {"Duration": "12/31/2013", "Market Cap (intraday) 5": "4.30B", "Enterprise Value 3": "5.01B", "Trailing P/E ": "8.40", "Forward P/E 1": "7.26", "PEG Ratio (5 yr expected) 1": "0.27", "Price/Sales (ttm)": "5.00", "Price/Book (mrq)": "0.89", "Enterprise Value/Revenue 3": "9.01", "Enterprise Value/EBITDA 7": "N/A"}, "9/30/2013": {"Duration": "9/30/2013", "Market Cap (intraday) 5": "3.42B", "Enterprise Value 3": "4.10B", "Trailing P/E ": "12.18", "Forward P/E 1": "7.66", "PEG Ratio (5 yr expected) 1": "0.29", "Price/Sales (ttm)": "6.36", "Price/Book (mrq)": "0.76", "Enterprise Value/Revenue 3": "6.51", "Enterprise Value/EBITDA 7": "N/A"}, "6/30/2013": {"Duration": "6/30/2013", "Market Cap (intraday) 5": "4.19B", "Enterprise Value 3": "4.89B", "Trailing P/E ": "8.90", "Forward P/E 1": "7.94", "PEG Ratio (5 yr expected) 1": "0.30", "Price/Sales (ttm)": "5.10", "Price/Book (mrq)": "0.85", "Enterprise Value/Revenue 3": "15.20", "Enterprise Value/EBITDA 7": "N/A"}, "3/31/2013": {"Duration": "3/31/2013", "Market Cap (intraday) 5": "3.99B", "Enterprise Value 3": "4.69B", "Trailing P/E ": "36.16", "Forward P/E 1": "9.39", "PEG Ratio (5 yr expected) 1": "0.35", "Price/Sales (ttm)": "5.15", "Price/Book (mrq)": "0.79", "Enterprise Value/Revenue 3": "-19.05", "Enterprise Value/EBITDA 7": "N/A"}, "12/31/2012": {"Duration": "12/31/2012", "Market Cap (intraday) 5": "2.76B", "Enterprise Value 3": "3.46B", "Trailing P/E ": "24.96", "Forward P/E 1": "6.40", "PEG Ratio (5 yr expected) 1": "32.01", "Price/Sales (ttm)": "3.56", "Price/Book (mrq)": "0.55", "Enterprise Value/Revenue 3": "182.04", "Enterprise Value/EBITDA 7": "N/A"}, "9/30/2012": {"Duration": "9/30/2012", "Market Cap (intraday) 5": "2.64B", "Enterprise Value 3": "3.31B", "Trailing P/E ": "4.41", "Forward P/E 1": "4.48", "PEG Ratio (5 yr expected) 1": "22.42", "Price/Sales (ttm)": "1.37", "Price/Book (mrq)": "0.56", "Enterprise Value/Revenue 3": "9.69", "Enterprise Value/EBITDA 7": "N/A"}, "6/30/2012": {"Duration": "6/30/2012", "Market Cap (intraday) 5": "2.57B", "Enterprise Value 3": "3.43B", "Trailing P/E ": "17.85", "Forward P/E 1": "6.84", "PEG Ratio (5 yr expected) 1": "0.82", "Price/Sales (ttm)": "2.20", "Price/Book (mrq)": "0.65", "Enterprise Value/Revenue 3": "4.51", "Enterprise Value/EBITDA 7": "N/A"}, "3/31/2012": {"Duration": "3/31/2012", "Market Cap (intraday) 5": "3.02B", "Enterprise Value 3": "3.84B", "Trailing P/E ": "3.95", "Forward P/E 1": "5.42", "PEG Ratio (5 yr expected) 1": "0.45", "Price/Sales (ttm)": "1.68", "Price/Book (mrq)": "0.64", "Enterprise Value/Revenue 3": "-10.74", "Enterprise Value/EBITDA 7": "N/A"}, "12/31/2011": {"Duration": "12/31/2011", "Market Cap (intraday) 5": "2.39B", "Enterprise Value 3": "3.26B", "Trailing P/E ": "3.34", "Forward P/E 1": "4.33", "PEG Ratio (5 yr expected) 1": "0.36", "Price/Sales (ttm)": "1.44", "Price/Book (mrq)": "0.50", "Enterprise Value/Revenue 3": "41.35", "Enterprise Value/EBITDA 7": "N/A"}, "9/30/2011": {"Duration": "9/30/2011", "Market Cap (intraday) 5": "2.00B", "Enterprise Value 3": "2.87B", "Trailing P/E ": "2.80", "Forward P/E 1": "3.78", "PEG Ratio (5 yr expected) 1": "0.45", "Price/Sales (ttm)": "1.20", "Price/Book (mrq)": "0.42", "Enterprise Value/Revenue 3": "2.13", "Enterprise Value/EBITDA 7": "N/A"}, "6/30/2011": {"Duration": "6/30/2011", "Market Cap (intraday) 5": "3.00B", "Enterprise Value 3": "3.89B", "Trailing P/E ": "29.12", "Forward P/E 1": "5.19", "PEG Ratio (5 yr expected) 1": "0.62", "Price/Sales (ttm)": "4.58", "Price/Book (mrq)": "0.76", "Enterprise Value/Revenue 3": "38.15", "Enterprise Value/EBITDA 7": "N/A"}, "3/31/2011": {"Duration": "3/31/2011", "Market Cap (intraday) 5": "2.74B", "Enterprise Value 3": "3.70B", "Trailing P/E ": "8.19", "Forward P/E 1": "4.77", "PEG Ratio (5 yr expected) 1": "0.66", "Price/Sales (ttm)": "2.83", "Price/Book (mrq)": "0.70", "Enterprise Value/Revenue 3": "14.55", "Enterprise Value/EBITDA 7": "N/A"}, "12/31/2010": {"Duration": "12/31/2010", "Market Cap (intraday) 5": "3.25B", "Enterprise Value 3": "4.20B", "Trailing P/E ": "6.10", "Forward P/E 1": "4.97", "PEG Ratio (5 yr expected) 1": "0.55", "Price/Sales (ttm)": "2.39", "Price/Book (mrq)": "0.86", "Enterprise Value/Revenue 3": "89.44", "Enterprise Value/EBITDA 7": "N/A"}, "9/30/2010": {"Duration": "9/30/2010", "Market Cap (intraday) 5": "3.14B", "Enterprise Value 3": "4.11B", "Trailing P/E ": "3.09", "Forward P/E 1": "N/A", "PEG Ratio (5 yr expected) 1": "N/A", "Price/Sales (ttm)": "1.65", "Price/Book (mrq)": "0.75", "Enterprise Value/Revenue 3": "16.84", "Enterprise Value/EBITDA 7": "N/A"}, "6/30/2010": {"Duration": "6/30/2010", "Market Cap (intraday) 5": "2.44B", "Enterprise Value 3": "3.40B", "Trailing P/E ": "3.00", "Forward P/E 1": "3.64", "PEG Ratio (5 yr expected) 1": "0.40", "Price/Sales (ttm)": "1.20", "Price/Book (mrq)": "0.63", "Enterprise Value/Revenue 3": "7.94", "Enterprise Value/EBITDA 7": "N/A"}, "3/31/2010": {"Duration": "3/31/2010", "Market Cap (intraday) 5": "4.05B", "Enterprise Value 3": "5.02B", "Trailing P/E ": "14.55", "Forward P/E 1": "N/A", "PEG Ratio (5 yr expected) 1": "N/A", "Price/Sales (ttm)": "2.47", "Price/Book (mrq)": "1.12", "Enterprise Value/Revenue 3": "7.34", "Enterprise Value/EBITDA 7": "N/A"}, "12/31/2009": {"Duration": "12/31/2009", "Market Cap (intraday) 5": "4.01B", "Enterprise Value 3": "5.03B", "Trailing P/E ": "28.90", "Forward P/E 1": "N/A", "PEG Ratio (5 yr expected) 1": "N/A", "Price/Sales (ttm)": "2.38", "Price/Book (mrq)": "1.14", "Enterprise Value/Revenue 3": "8.82", "Enterprise Value/EBITDA 7": "N/A"}, "9/30/2009": {"Duration": "9/30/2009", "Market Cap (intraday) 5": "3.04B", "Enterprise Value 3": "3.85B", "Trailing P/E ": "N/A", "Forward P/E 1": "N/A", "PEG Ratio (5 yr expected) 1": "N/A", "Price/Sales (ttm)": "3.29", "Price/Book (mrq)": "1.09", "Enterprise Value/Revenue 3": "13.49", "Enterprise Value/EBITDA 7": "N/A"}, "6/30/2009": {"Duration": "6/30/2009", "Market Cap (intraday) 5": "1.66B", "Enterprise Value 3": "2.17B", "Trailing P/E ": "N/A", "Forward P/E 1": "N/A", "PEG Ratio (5 yr expected) 1": "N/A", "Price/Sales (ttm)": "N/A", "Price/Book (mrq)": "0.71", "Enterprise Value/Revenue 3": "-12.82", "Enterprise Value/EBITDA 7": "N/A"}, "3/31/2009": {"Duration": "3/31/2009", "Market Cap (intraday) 5": "616.73M", "Enterprise Value 3": "944.63M", "Trailing P/E ": "1.79", "Forward P/E 1": "2.56", "PEG Ratio (5 yr expected) 1": "0.17", "Price/Sales (ttm)": "0.66", "Price/Book (mrq)": "0.30", "Enterprise Value/Revenue 3": "3.89", "Enterprise Value/EBITDA 7": "N/A"}, "12/31/2008": {"Duration": "12/31/2008", "Market Cap (intraday) 5": "1.04B", "Enterprise Value 3": "1.37B", "Trailing P/E ": "15.05", "Forward P/E 1": "N/A", "PEG Ratio (5 yr expected) 1": "N/A", "Price/Sales (ttm)": "2.01", "Price/Book (mrq)": "0.54", "Enterprise Value/Revenue 3": "-7.62", "Enterprise Value/EBITDA 7": "N/A"}, "9/30/2008": {"Duration": "9/30/2008", "Market Cap (intraday) 5": "1.48B", "Enterprise Value 3": "1.84B", "Trailing P/E ": "N/A", "Forward P/E 1": "N/A", "PEG Ratio (5 yr expected) 1": "N/A", "Price/Sales (ttm)": "19.51", "Price/Book (mrq)": "0.71", "Enterprise Value/Revenue 3": "61.73", "Enterprise Value/EBITDA 7": "N/A"}, "6/30/2008": {"Duration": "6/30/2008", "Market Cap (intraday) 5": "1.64B", "Enterprise Value 3": "1.97B", "Trailing P/E ": "N/A", "Forward P/E 1": "N/A", "PEG Ratio (5 yr expected) 1": "N/A", "Price/Sales (ttm)": "5.26", "Price/Book (mrq)": "0.73", "Enterprise Value/Revenue 3": "2.34", "Enterprise Value/EBITDA 7": "N/A"}, "3/31/2008": {"Duration": "3/31/2008", "Market Cap (intraday) 5": "1.90B", "Enterprise Value 3": "2.09B", "Trailing P/E ": "N/A", "Forward P/E 1": "N/A", "PEG Ratio (5 yr expected) 1": "N/A", "Price/Sales (ttm)": "N/A", "Price/Book (mrq)": "1.27", "Enterprise Value/Revenue 3": "-15.00", "Enterprise Value/EBITDA 7": "N/A"}, "12/31/2007": {"Duration": "12/31/2007", "Market Cap (intraday) 5": "2.12B", "Enterprise Value 3": "2.31B", "Trailing P/E ": "N/A", "Forward P/E 1": "N/A", "PEG Ratio (5 yr expected) 1": "N/A", "Price/Sales (ttm)": "N/A", "Price/Book (mrq)": "1.27", "Enterprise Value/Revenue 3": "-7.49", "Enterprise Value/EBITDA 7": "N/A"}, "9/30/2007": {"Duration": "9/30/2007", "Market Cap (intraday) 5": "1.84B", "Enterprise Value 3": "2.01B", "Trailing P/E ": "12.76", "Forward P/E 1": "N/A", "PEG Ratio (5 yr expected) 1": "N/A", "Price/Sales (ttm)": "6.25", "Price/Book (mrq)": "1.09", "Enterprise Value/Revenue 3": "-15.18", "Enterprise Value/EBITDA 7": "N/A"}, "6/30/2007": {"Duration": "6/30/2007", "Market Cap (intraday) 5": "2.01B", "Enterprise Value 3": "2.20B", "Trailing P/E ": "13.14", "Forward P/E 1": "N/A", "PEG Ratio (5 yr expected) 1": "N/A", "Price/Sales (ttm)": "6.64", "Price/Book (mrq)": "1.18", "Enterprise Value/Revenue 3": "33.12", "Enterprise Value/EBITDA 7": "N/A"}, "3/31/2007": {"Duration": "3/31/2007", "Market Cap (intraday) 5": "1.85B", "Enterprise Value 3": "2.04B", "Trailing P/E ": "12.71", "Forward P/E 1": "N/A", "PEG Ratio (5 yr expected) 1": "N/A", "Price/Sales (ttm)": "6.30", "Price/Book (mrq)": "1.12", "Enterprise Value/Revenue 3": "27.13", "Enterprise Value/EBITDA 7": "N/A"}, "12/31/2006": {"Duration": "12/31/2006", "Market Cap (intraday) 5": "1.80B", "Enterprise Value 3": "1.98B", "Trailing P/E ": "12.79", "Forward P/E 1": "N/A", "PEG Ratio (5 yr expected) 1": "N/A", "Price/Sales (ttm)": "6.41", "Price/Book (mrq)": "1.02", "Enterprise Value/Revenue 3": "22.06", "Enterprise Value/EBITDA 7": "N/A"}, "9/30/2006": {"Duration": "9/30/2006", "Market Cap (intraday) 5": "1.90B", "Enterprise Value 3": "2.07B", "Trailing P/E ": "12.35", "Forward P/E 1": "N/A", "PEG Ratio (5 yr expected) 1": "N/A", "Price/Sales (ttm)": "6.23", "Price/Book (mrq)": "1.13", "Enterprise Value/Revenue 3": "26.20", "Enterprise Value/EBITDA 7": "N/A"}, "6/30/2006": {"Duration": "6/30/2006", "Market Cap (intraday) 5": "1.86B", "Enterprise Value 3": "2.03B", "Trailing P/E ": "12.08", "Forward P/E 1": "N/A", "PEG Ratio (5 yr expected) 1": "N/A", "Price/Sales (ttm)": "6.10", "Price/Book (mrq)": "1.10", "Enterprise Value/Revenue 3": "25.30", "Enterprise Value/EBITDA 7": "N/A"}, "3/31/2006": {"Duration": "3/31/2006", "Market Cap (intraday) 5": "1.85B", "Enterprise Value 3": "2.04B", "Trailing P/E ": "10.37", "Forward P/E 1": "N/A", "PEG Ratio (5 yr expected) 1": "N/A", "Price/Sales (ttm)": "6.37", "Price/Book (mrq)": "1.10", "Enterprise Value/Revenue 3": "27.81", "Enterprise Value/EBITDA 7": "N/A"}, "12/31/2005": {"Duration": "12/31/2005", "Market Cap (intraday) 5": "1.90B", "Enterprise Value 3": "2.09B", "Trailing P/E ": "9.51", "Forward P/E 1": "N/A", "PEG Ratio (5 yr expected) 1": "N/A", "Price/Sales (ttm)": "5.97", "Price/Book (mrq)": "1.16", "Enterprise Value/Revenue 3": "26.87", "Enterprise Value/EBITDA 7": "N/A"}, "9/30/2005": {"Duration": "9/30/2005", "Market Cap (intraday) 5": "1.79B", "Enterprise Value 3": "1.98B", "Trailing P/E ": "8.96", "Forward P/E 1": "N/A", "PEG Ratio (5 yr expected) 1": "N/A", "Price/Sales (ttm)": "5.62", "Price/Book (mrq)": "1.10", "Enterprise Value/Revenue 3": "24.93", "Enterprise Value/EBITDA 7": "N/A"}, "6/30/2005": {"Duration": "6/30/2005", "Market Cap (intraday) 5": "1.75B", "Enterprise Value 3": "1.94B", "Trailing P/E ": "8.56", "Forward P/E 1": "N/A", "PEG Ratio (5 yr expected) 1": "N/A", "Price/Sales (ttm)": "5.33", "Price/Book (mrq)": "1.08", "Enterprise Value/Revenue 3": "31.88", "Enterprise Value/EBITDA 7": "N/A"}, "3/31/2005": {"Duration": "3/31/2005", "Market Cap (intraday) 5": "1.35B", "Enterprise Value 3": "1.53B", "Trailing P/E ": "7.48", "Forward P/E 1": "N/A", "PEG Ratio (5 yr expected) 1": "N/A", "Price/Sales (ttm)": "4.43", "Price/Book (mrq)": "0.88", "Enterprise Value/Revenue 3": "19.97", "Enterprise Value/EBITDA 7": "N/A"}, "12/31/2004": {"Duration": "12/31/2004", "Market Cap (intraday) 5": "1.49B", "Enterprise Value 3": "1.67B", "Trailing P/E ": "8.06", "Forward P/E 1": "N/A", "PEG Ratio (5 yr expected) 1": "N/A", "Price/Sales (ttm)": "4.24", "Price/Book (mrq)": "0.97", "Enterprise Value/Revenue 3": "16.77", "Enterprise Value/EBITDA 7": "N/A"}, "9/30/2004": {"Duration": "9/30/2004", "Market Cap (intraday) 5": "1.27B", "Enterprise Value 3": "1.45B", "Trailing P/E ": "5.39", "Forward P/E 1": "N/A", "PEG Ratio (5 yr expected) 1": "N/A", "Price/Sales (ttm)": "2.89", "Price/Book (mrq)": "0.85", "Enterprise Value/Revenue 3": "15.97", "Enterprise Value/EBITDA 7": "N/A"}, "6/30/2004": {"Duration": "6/30/2004", "Market Cap (intraday) 5": "1.29B", "Enterprise Value 3": "1.46B", "Trailing P/E ": "5.52", "Forward P/E 1": "N/A", "PEG Ratio (5 yr expected) 1": "N/A", "Price/Sales (ttm)": "2.76", "Price/Book (mrq)": "0.91", "Enterprise Value/Revenue 3": "38.84", "Enterprise Value/EBITDA 7": "N/A"}}, "inside": {"Date": ["INSIDER NAME", "TITLE", "DATE", "TRANSATION", "SHARE", "PRICE", "AMOUNT"], "2021-05-20 18:58:08": ["BREWER RUSSELL B. II", "CHIEF SURVEILLANCE OFFICER", "2021-05-18", "SELL", "20,000", "47.00", "940,000"], "2021-05-17 16:53:14": ["ALBERT HOWARD", "CHIEF RISK OFFICER", "2021-05-13", "SELL", "50,000", "46.16", "2,308,000"], "2021-03-10 18:28:12": ["FREDERICO DOMINIC", "PRESIDENT/CEO/DEPUTY CHAIRMAN", "2021-03-08", "SELL", "118,000", "44.24", "5,220,876"], "2021-03-08 18:36:39": ["FREDERICO DOMINIC", "PRESIDENT/CEO/DEPUTY CHAIRMAN", "2021-03-04", "SELL", "29,909", "43.76", "1,308,818"], "2021-03-04 19:06:14": ["FREDERICO DOMINIC", "PRESIDENT/CEO/DEPUTY CHAIRMAN", "2021-03-02", "SELL", "102,091", "44.14", "4,506,238"], "2021-02-23 20:26:04": ["DONNARUMMA STEPHEN", "CHIEF CREDIT OFFICER", "2021-02-21", "OPTION EXERCISE", "15,424", "0.00", "0"], "2021-02-23 20:22:45": ["BREWER RUSSELL B. II", "CHIEF SURVEILLANCE OFFICER", "2021-02-21", "OPTION EXERCISE", "28,278", "0.00", "0"], "2021-02-23 20:19:27": ["BAILENSON ROBERT", "CHIEF FINANCIAL OFFICER", "2021-02-21", "OPTION EXERCISE", "38,562", "0.00", "0"], "2021-02-23 20:16:22": ["CHOW LING", "GENERAL COUNSEL AND SECRETARY", "2021-02-21", "OPTION EXERCISE", "16,710", "0.00", "0"], "2021-02-23 20:07:04": ["ALBERT HOWARD", "CHIEF RISK OFFICER", "2021-02-21", "OPTION EXERCISE", "16,710", "0.00", "0"], "2021-02-23 20:02:46": ["FREDERICO DOMINIC", "PRESIDENT/CEO/DEPUTY CHAIRMAN", "2021-02-21", "OPTION EXERCISE", "147,821", "0.00", "0"], "2021-02-23 19:57:30": ["BUZEN DAVID A.", "HEAD OF ASSET MANAGEMENT*", "2021-02-21", "OPTION EXERCISE", "19,282", "0.00", "0"], "2020-11-18 16:29:27": ["CHOW LING", "GENERAL COUNSEL AND SECRETARY", "2020-11-16", "OPTION EXERCISE", "3,898", "21.88", "85,288"], "2020-11-12 16:24:18": ["BIELING LAURA", "CHIEF ACCOUNTING OFFICER", "2020-11-09", "OPTION EXERCISE", "1,949", "21.88", "42,644"]}}}, {"AMBC": {"quote": {"04/24/2021": {"value": "17.13", "Market Cap": "783.041M", "Beta (5Y Monthly)": "1.49", "PE Ratio (TTM)": "N/A", "EPS (TTM)": "-9.47", "Earnings Date": "May 06, 2021", "Forward Dividend & Yield": "N/A (N/A)", "Ex-Dividend Date": "N/A", "1y Target Est": "17.00"}}, "fin": {"TTM": {"Duration": "TTM", "Total Revenue": "321,000", "Total Expenses": "457,000", "Pretax Income": "-134,000", "Tax Provision": "6,000", "Earnings from Equity Interest Net of Tax": "-", "Net Income Common Stockholders": "-153,000", "Diluted NI Available to Com Stockholders": "-153,000", "Basic EPS": "-", "Diluted EPS": "-", "Basic Average Shares": "-", "Diluted Average Shares": "-", "Net Income from Continuing & Discontinued Operation": "-140,000", "Normalized Income": "-159,800", "EBIT": "75,000", "Reconciled Depreciation": "64,000", "Net Income from Continuing Operation Net Minority Interest": "-140,000", "Total Unusual Items Excluding Goodwill": "33,000", "Total Unusual Items": "33,000", "Tax Rate for Calcs": "0", "Tax Effect of Unusual Items": "13,200", "Interest Expense": "209,000"}, "12/31/2020": {"Duration": "12/31/2020", "Total Revenue": "156,000", "Total Expenses": "596,000", "Pretax Income": "-440,000", "Tax Provision": "-3,000", "Earnings from Equity Interest Net of Tax": "-", "Net Income Common Stockholders": "-437,000", "Diluted NI Available to Com Stockholders": "-437,000", "Basic EPS": "-", "Diluted EPS": "-", "Basic Average Shares": "-", "Diluted Average Shares": "-", "Net Income from Continuing & Discontinued Operation": "-437,000", "Normalized Income": "-437,000", "EBIT": "-218,000", "Reconciled Depreciation": "58,000", "Net Income from Continuing Operation Net Minority Interest": "-437,000", "Total Unusual Items Excluding Goodwill": "0", "Total Unusual Items": "0", "Tax Rate for Calcs": "0", "Tax Effect of Unusual Items": "0", "Interest Expense": "222,000"}, "12/31/2019": {"Duration": "12/31/2019", "Total Revenue": "497,000", "Total Expenses": "680,000", "Pretax Income": "-183,000", "Tax Provision": "32,000", "Earnings from Equity Interest Net of Tax": "-", "Net Income Common Stockholders": "-216,000", "Diluted NI Available to Com Stockholders": "-216,000", "Basic EPS": "-4.69", "Diluted EPS": "-4.69", "Basic Average Shares": "45,955", "Diluted Average Shares": "45,955", "Net Income from Continuing & Discontinued Operation": "-216,000", "Normalized Income": "-216,000", "EBIT": "86,000", "Reconciled Depreciation": "295,000", "Net Income from Continuing Operation Net Minority Interest": "-216,000", "Total Unusual Items Excluding Goodwill": "0", "Total Unusual Items": "0", "Tax Rate for Calcs": "0", "Tax Effect of Unusual Items": "0", "Interest Expense": "269,000"}, "12/31/2018": {"Duration": "12/31/2018", "Total Revenue": "507,540", "Total Expenses": "235,007", "Pretax Income": "272,533", "Tax Provision": "5,134", "Earnings from Equity Interest Net of Tax": "-", "Net Income Common Stockholders": "185,713", "Diluted NI Available to Com Stockholders": "185,713", "Basic EPS": "4.07", "Diluted EPS": "3.99", "Basic Average Shares": "45,666", "Diluted Average Shares": "46,560", "Net Income from Continuing & Discontinued Operation": "267,399", "Normalized Income": "264,337", "EBIT": "514,789", "Reconciled Depreciation": "107,980", "Net Income from Continuing Operation Net Minority Interest": "267,399", "Total Unusual Items Excluding Goodwill": "3,121", "Total Unusual Items": "3,121", "Tax Rate for Calcs": "0", "Tax Effect of Unusual Items": "59.299", "Interest Expense": "242,256"}, "12/31/2017": {"Duration": "12/31/2017", "Total Revenue": "616,326", "Total Expenses": "900,577", "Pretax Income": "-284,251", "Tax Provision": "44,464", "Earnings from Equity Interest Net of Tax": "-", "Net Income Common Stockholders": "-328,715", "Diluted NI Available to Com Stockholders": "-328,715", "Basic EPS": "-7.25", "Diluted EPS": "-7.25", "Basic Average Shares": "45,368", "Diluted Average Shares": "45,368", "Net Income from Continuing & Discontinued Operation": "-328,715", "Normalized Income": "-331,667", "EBIT": "-164,310", "Reconciled Depreciation": "151,846", "Net Income from Continuing Operation Net Minority Interest": "-328,715", "Total Unusual Items Excluding Goodwill": "4,920", "Total Unusual Items": "4,920", "Tax Rate for Calcs": "0", "Tax Effect of Unusual Items": "1,968", "Interest Expense": "119,941"}, "12/31/2016": {"Duration": "12/31/2016", "Total Revenue": "501,304", "Total Expenses": "396,278", "Pretax Income": "105,026", "Tax Provision": "30,709", "Earnings from Equity Interest Net of Tax": "-", "Net Income Common Stockholders": "74,843", "Diluted NI Available to Com Stockholders": "74,843", "Basic EPS": "1.66", "Diluted EPS": "1.64", "Basic Average Shares": "45,212", "Diluted Average Shares": "45,724", "Net Income from Continuing & Discontinued Operation": "74,843", "Normalized Income": "71,413", "EBIT": "229,370", "Reconciled Depreciation": "175,828", "Net Income from Continuing Operation Net Minority Interest": "74,843", "Total Unusual Items Excluding Goodwill": "4,845", "Total Unusual Items": "4,845", "Tax Rate for Calcs": "0", "Tax Effect of Unusual Items": "1,415", "Interest Expense": "124,344"}, "12/31/2015": {"Duration": "12/31/2015", "Total Revenue": "644,577", "Total Expenses": "134,519", "Pretax Income": "510,058", "Tax Provision": "17,364", "Earnings from Equity Interest Net of Tax": "-", "Net Income Common Stockholders": "493,403", "Diluted NI Available to Com Stockholders": "493,403", "Basic EPS": "10.92", "Diluted EPS": "10.72", "Basic Average Shares": "45,174", "Diluted Average Shares": "46,006", "Net Income from Continuing & Discontinued Operation": "493,403", "Normalized Income": "990,342", "EBIT": "626,595", "Reconciled Depreciation": "172,770", "Net Income from Continuing Operation Net Minority Interest": "493,403", "Total Unusual Items Excluding Goodwill": "-514,430", "Total Unusual Items": "-514,430", "Tax Rate for Calcs": "0", "Tax Effect of Unusual Items": "-17,491", "Interest Expense": "116,537"}, "12/31/2014": {"Duration": "12/31/2014", "Total Revenue": "403,394", "Total Expenses": "-89,859", "Pretax Income": "493,253", "Tax Provision": "9,557", "Earnings from Equity Interest Net of Tax": "-", "Net Income Common Stockholders": "484,071", "Diluted NI Available to Com Stockholders": "484,071", "Basic EPS": "10.73", "Diluted EPS": "10.31", "Basic Average Shares": "45,093", "Diluted Average Shares": "46,933", "Net Income from Continuing & Discontinued Operation": "484,071", "Normalized Income": "557,582", "EBIT": "620,729", "Reconciled Depreciation": "155,412", "Net Income from Continuing Operation Net Minority Interest": "484,071", "Total Unusual Items Excluding Goodwill": "-74,935", "Total Unusual Items": "-74,935", "Tax Rate for Calcs": "0", "Tax Effect of Unusual Items": "-1,424", "Interest Expense": "127,476"}, "12/31/2013": {"Duration": "12/31/2013", "Total Revenue": "-", "Total Expenses": "-", "Pretax Income": "-", "Tax Provision": "-", "Earnings from Equity Interest Net of Tax": "-", "Net Income Common Stockholders": "-", "Diluted NI Available to Com Stockholders": "-", "Basic EPS": "0.00", "Diluted EPS": "0.00", "Basic Average Shares": "-", "Diluted Average Shares": "-", "Net Income from Continuing & Discontinued Operation": "-", "Normalized Income": "-", "EBIT": "-", "Reconciled Depreciation": "-", "Net Income from Continuing Operation Net Minority Interest": "-", "Total Unusual Items Excluding Goodwill": "-", "Total Unusual Items": "-", "Tax Rate for Calcs": "-", "Tax Effect of Unusual Items": "-", "Interest Expense": "-"}, "12/31/2012": {"Duration": "12/31/2012", "Total Revenue": "863,269", "Total Expenses": "1,119,774", "Pretax Income": "-256,505", "Tax Provision": "2,849", "Earnings from Equity Interest Net of Tax": "-", "Net Income Common Stockholders": "-256,678", "Diluted NI Available to Com Stockholders": "-256,678", "Basic EPS": "-0.85", "Diluted EPS": "-0.85", "Basic Average Shares": "302,469", "Diluted Average Shares": "302,469", "Net Income from Continuing & Discontinued Operation": "-256,678", "Normalized Income": "-136,561", "EBIT": "-144,185", "Reconciled Depreciation": "3,066", "Net Income from Continuing Operation Net Minority Interest": "-256,678", "Total Unusual Items Excluding Goodwill": "-184,795", "Total Unusual Items": "-184,795", "Tax Rate for Calcs": "0", "Tax Effect of Unusual Items": "-64,678", "Interest Expense": "112,320"}, "12/31/2011": {"Duration": "12/31/2011", "Total Revenue": "295,764", "Total Expenses": "2,178,713", "Pretax Income": "-1,882,949", "Tax Provision": "77,422", "Earnings from Equity Interest Net of Tax": "-", "Net Income Common Stockholders": "-1,960,431", "Diluted NI Available to Com Stockholders": "-1,960,431", "Basic EPS": "-6.48", "Diluted EPS": "-6.48", "Basic Average Shares": "302,439", "Diluted Average Shares": "302,439", "Net Income from Continuing & Discontinued Operation": "-1,960,431", "Normalized Income": "-1,960,431", "EBIT": "-1,754,857", "Reconciled Depreciation": "3,733", "Net Income from Continuing Operation Net Minority Interest": "-1,960,431", "Total Unusual Items Excluding Goodwill": "-", "Total Unusual Items": "-", "Tax Rate for Calcs": "0", "Tax Effect of Unusual Items": "0", "Interest Expense": "128,092"}, "12/31/2010": {"Duration": "12/31/2010", "Total Revenue": "434,135", "Total Expenses": "1,187,136", "Pretax Income": "-753,001", "Tax Provision": "-135", "Earnings from Equity Interest Net of Tax": "-", "Net Income Common Stockholders": "753,199", "Diluted NI Available to Com Stockholders": "753,199", "Basic EPS": "2.56", "Diluted EPS": "2.56", "Basic Average Shares": "294,424", "Diluted Average Shares": "294,424", "Net Income from Continuing & Discontinued Operation": "753,199", "Normalized Income": "753,199", "EBIT": "-571,672", "Reconciled Depreciation": "3,645", "Net Income from Continuing Operation Net Minority Interest": "753,199", "Total Unusual Items Excluding Goodwill": "-", "Total Unusual Items": "-", "Tax Rate for Calcs": "0", "Tax Effect of Unusual Items": "0", "Interest Expense": "181,329"}, "12/31/2009": {"Duration": "12/31/2009", "Total Revenue": "3,911,201", "Total Expenses": "3,186,296", "Pretax Income": "724,905", "Tax Provision": "739,521", "Earnings from Equity Interest Net of Tax": "-", "Net Income Common Stockholders": "-14,613", "Diluted NI Available to Com Stockholders": "-14,613", "Basic EPS": "0.05", "Diluted EPS": "0.05", "Basic Average Shares": "287,671", "Diluted Average Shares": "287,671", "Net Income from Continuing & Discontinued Operation": "-14,613", "Normalized Income": "-14,613", "EBIT": "889,330", "Reconciled Depreciation": "2,983", "Net Income from Continuing Operation Net Minority Interest": "-14,613", "Total Unusual Items Excluding Goodwill": "-", "Total Unusual Items": "-", "Tax Rate for Calcs": "0", "Tax Effect of Unusual Items": "0", "Interest Expense": "164,425"}, "12/31/2008": {"Duration": "12/31/2008", "Total Revenue": "-2,753,486", "Total Expenses": "2,864,969", "Pretax Income": "-5,618,455", "Tax Provision": "-9,207", "Earnings from Equity Interest Net of Tax": "-", "Net Income Common Stockholders": "-5,609,248", "Diluted NI Available to Com Stockholders": "-5,609,248", "Basic EPS": "-22.31", "Diluted EPS": "-22.31", "Basic Average Shares": "251,392", "Diluted Average Shares": "251,392", "Net Income from Continuing & Discontinued Operation": "-5,609,248", "Normalized Income": "-5,609,248", "EBIT": "-5,255,764", "Reconciled Depreciation": "3,161", "Net Income from Continuing Operation Net Minority Interest": "-5,609,248", "Total Unusual Items Excluding Goodwill": "-", "Total Unusual Items": "-", "Tax Rate for Calcs": "0", "Tax Effect of Unusual Items": "0", "Interest Expense": "362,691"}, "12/31/2007": {"Duration": "12/31/2007", "Total Revenue": "-4,214,926", "Total Expenses": "931,990", "Pretax Income": "-5,146,916", "Tax Provision": "-1,898,759", "Earnings from Equity Interest Net of Tax": "-", "Net Income Common Stockholders": "-3,248,157", "Diluted NI Available to Com Stockholders": "-3,248,157", "Basic EPS": "-31.56", "Diluted EPS": "-31.56", "Basic Average Shares": "102,929", "Diluted Average Shares": "102,929", "Net Income from Continuing & Discontinued Operation": "-3,248,157", "Normalized Income": "-3,248,157", "EBIT": "-4,636,549", "Reconciled Depreciation": "3,938", "Net Income from Continuing Operation Net Minority Interest": "-3,248,157", "Total Unusual Items Excluding Goodwill": "-", "Total Unusual Items": "-", "Tax Rate for Calcs": "0", "Tax Effect of Unusual Items": "0", "Interest Expense": "510,367"}, "12/31/2006": {"Duration": "12/31/2006", "Total Revenue": "1,832,104", "Total Expenses": "621,891", "Pretax Income": "1,210,213", "Tax Provision": "334,302", "Earnings from Equity Interest Net of Tax": "-", "Net Income Common Stockholders": "875,911", "Diluted NI Available to Com Stockholders": "875,911", "Basic EPS": "8.22", "Diluted EPS": "8.15", "Basic Average Shares": "106,593", "Diluted Average Shares": "107,536", "Net Income from Continuing & Discontinued Operation": "875,911", "Normalized Income": "875,911", "EBIT": "1,645,411", "Reconciled Depreciation": "6,153", "Net Income from Continuing Operation Net Minority Interest": "875,911", "Total Unusual Items Excluding Goodwill": "-", "Total Unusual Items": "-", "Tax Rate for Calcs": "0", "Tax Effect of Unusual Items": "0", "Interest Expense": "435,198"}, "12/31/2005": {"Duration": "12/31/2005", "Total Revenue": "1,661,707", "Total Expenses": "638,943", "Pretax Income": "1,022,764", "Tax Provision": "271,754", "Earnings from Equity Interest Net of Tax": "-", "Net Income Common Stockholders": "751,010", "Diluted NI Available to Com Stockholders": "751,010", "Basic EPS": "6.94", "Diluted EPS": "6.87", "Basic Average Shares": "108,280", "Diluted Average Shares": "109,395", "Net Income from Continuing & Discontinued Operation": "751,010", "Normalized Income": "751,010", "EBIT": "1,365,365", "Reconciled Depreciation": "1,551", "Net Income from Continuing Operation Net Minority Interest": "751,010", "Total Unusual Items Excluding Goodwill": "-", "Total Unusual Items": "-", "Tax Rate for Calcs": "0", "Tax Effect of Unusual Items": "0", "Interest Expense": "342,601"}, "12/31/2004": {"Duration": "12/31/2004", "Total Revenue": "1,406,708", "Total Expenses": "429,926", "Pretax Income": "976,782", "Tax Provision": "250,942", "Earnings from Equity Interest Net of Tax": "-", "Net Income Common Stockholders": "724,551", "Diluted NI Available to Com Stockholders": "724,551", "Basic EPS": "6.61", "Diluted EPS": "6.53", "Basic Average Shares": "109,603", "Diluted Average Shares": "110,899", "Net Income from Continuing & Discontinued Operation": "724,551", "Normalized Income": "725,840", "EBIT": "1,205,191", "Reconciled Depreciation": "-1,585", "Net Income from Continuing Operation Net Minority Interest": "725,840", "Total Unusual Items Excluding Goodwill": "-", "Total Unusual Items": "-", "Tax Rate for Calcs": "0", "Tax Effect of Unusual Items": "0", "Interest Expense": "228,409"}, "12/31/2003": {"Duration": "12/31/2003", "Total Revenue": "1,272,208", "Total Expenses": "422,619", "Pretax Income": "849,589", "Tax Provision": "221,490", "Earnings from Equity Interest Net of Tax": "-", "Net Income Common Stockholders": "618,915", "Diluted NI Available to Com Stockholders": "618,915", "Basic EPS": "5.81", "Diluted EPS": "5.66", "Basic Average Shares": "106,553", "Diluted Average Shares": "109,410", "Net Income from Continuing & Discontinued Operation": "618,915", "Normalized Income": "628,099", "EBIT": "1,100,108", "Reconciled Depreciation": "21,526", "Net Income from Continuing Operation Net Minority Interest": "628,099", "Total Unusual Items Excluding Goodwill": "-", "Total Unusual Items": "-", "Tax Rate for Calcs": "0", "Tax Effect of Unusual Items": "0", "Interest Expense": "250,519"}, "12/31/2002": {"Duration": "12/31/2002", "Total Revenue": "971,818", "Total Expenses": "407,628", "Pretax Income": "564,190", "Tax Provision": "131,596", "Earnings from Equity Interest Net of Tax": "-", "Net Income Common Stockholders": "432,594", "Diluted NI Available to Com Stockholders": "432,594", "Basic EPS": "4.08", "Diluted EPS": "3.97", "Basic Average Shares": "105,952", "Diluted Average Shares": "109,066", "Net Income from Continuing & Discontinued Operation": "432,594", "Normalized Income": "432,594", "EBIT": "839,218", "Reconciled Depreciation": "12,338", "Net Income from Continuing Operation Net Minority Interest": "432,594", "Total Unusual Items Excluding Goodwill": "-", "Total Unusual Items": "-", "Tax Rate for Calcs": "0", "Tax Effect of Unusual Items": "0", "Interest Expense": "275,028"}, "12/31/2001": {"Duration": "12/31/2001", "Total Revenue": "724,920", "Total Expenses": "156,193", "Pretax Income": "568,727", "Tax Provision": "135,821", "Earnings from Equity Interest Net of Tax": "-", "Net Income Common Stockholders": "432,906", "Diluted NI Available to Com Stockholders": "432,906", "Basic EPS": "4.10", "Diluted EPS": "3.97", "Basic Average Shares": "105,706", "Diluted Average Shares": "108,948", "Net Income from Continuing & Discontinued Operation": "432,906", "Normalized Income": "432,906", "EBIT": "609,169", "Reconciled Depreciation": "-12,437", "Net Income from Continuing Operation Net Minority Interest": "432,906", "Total Unusual Items Excluding Goodwill": "-", "Total Unusual Items": "-", "Tax Rate for Calcs": "0", "Tax Effect of Unusual Items": "0", "Interest Expense": "40,442"}, "12/31/2000": {"Duration": "12/31/2000", "Total Revenue": "621,310", "Total Expenses": "139,186", "Pretax Income": "482,124", "Tax Provision": "115,952", "Earnings from Equity Interest Net of Tax": "-", "Net Income Common Stockholders": "366,172", "Diluted NI Available to Com Stockholders": "366,172", "Basic EPS": "3.49", "Diluted EPS": "3.41", "Basic Average Shares": "105,031", "Diluted Average Shares": "107,415", "Net Income from Continuing & Discontinued Operation": "366,172", "Normalized Income": "366,172", "EBIT": "519,601", "Reconciled Depreciation": "-9,358", "Net Income from Continuing Operation Net Minority Interest": "366,172", "Total Unusual Items Excluding Goodwill": "-", "Total Unusual Items": "-", "Tax Rate for Calcs": "0", "Tax Effect of Unusual Items": "0", "Interest Expense": "37,477"}, "12/31/1999": {"Duration": "12/31/1999", "Total Revenue": "533,317", "Total Expenses": "128,659", "Pretax Income": "404,658", "Tax Provision": "96,741", "Earnings from Equity Interest Net of Tax": "-", "Net Income Common Stockholders": "307,917", "Diluted NI Available to Com Stockholders": "307,917", "Basic EPS": "4.40", "Diluted EPS": "4.31", "Basic Average Shares": "69,913", "Diluted Average Shares": "71,366", "Net Income from Continuing & Discontinued Operation": "307,917", "Normalized Income": "307,917", "EBIT": "441,183", "Reconciled Depreciation": "-1,500", "Net Income from Continuing Operation Net Minority Interest": "307,917", "Total Unusual Items Excluding Goodwill": "-", "Total Unusual Items": "-", "Tax Rate for Calcs": "0", "Tax Effect of Unusual Items": "0", "Interest Expense": "36,525"}, "12/31/1998": {"Duration": "12/31/1998", "Total Revenue": "457,036", "Total Expenses": "128,124", "Pretax Income": "328,912", "Tax Provision": "74,918", "Earnings from Equity Interest Net of Tax": "-", "Net Income Common Stockholders": "253,994", "Diluted NI Available to Com Stockholders": "253,994", "Basic EPS": "3.63", "Diluted EPS": "3.56", "Basic Average Shares": "69,940", "Diluted Average Shares": "71,330", "Net Income from Continuing & Discontinued Operation": "253,994", "Normalized Income": "253,994", "EBIT": "361,673", "Reconciled Depreciation": "-2,400", "Net Income from Continuing Operation Net Minority Interest": "253,994", "Total Unusual Items Excluding Goodwill": "-", "Total Unusual Items": "-", "Tax Rate for Calcs": "0", "Tax Effect of Unusual Items": "0", "Interest Expense": "32,761"}, "12/31/1997": {"Duration": "12/31/1997", "Total Revenue": "381,762", "Total Expenses": "95,766", "Pretax Income": "285,996", "Tax Provision": "62,966", "Earnings from Equity Interest Net of Tax": "-", "Net Income Common Stockholders": "223,030", "Diluted NI Available to Com Stockholders": "223,030", "Basic EPS": "3.19", "Diluted EPS": "3.13", "Basic Average Shares": "69,988", "Diluted Average Shares": "71,227", "Net Income from Continuing & Discontinued Operation": "223,030", "Normalized Income": "223,030", "EBIT": "307,342", "Reconciled Depreciation": "-1,332", "Net Income from Continuing Operation Net Minority Interest": "223,030", "Total Unusual Items Excluding Goodwill": "-", "Total Unusual Items": "-", "Tax Rate for Calcs": "0", "Tax Effect of Unusual Items": "0", "Interest Expense": "21,346"}, "12/31/1996": {"Duration": "12/31/1996", "Total Revenue": "266,300", "Total Expenses": "-109,206", "Pretax Income": "375,506", "Tax Provision": "99,189", "Earnings from Equity Interest Net of Tax": "-", "Net Income Common Stockholders": "276,317", "Diluted NI Available to Com Stockholders": "276,317", "Basic EPS": "7.90", "Diluted EPS": "7.90", "Basic Average Shares": "34,965", "Diluted Average Shares": "34,965", "Net Income from Continuing & Discontinued Operation": "276,317", "Normalized Income": "276,317", "EBIT": "396,431", "Reconciled Depreciation": "383", "Net Income from Continuing Operation Net Minority Interest": "276,317", "Total Unusual Items Excluding Goodwill": "-", "Total Unusual Items": "-", "Tax Rate for Calcs": "0", "Tax Effect of Unusual Items": "0", "Interest Expense": "20,925"}, "12/31/1995": {"Duration": "12/31/1995", "Total Revenue": "272,900", "Total Expenses": "58,700", "Pretax Income": "0", "Tax Provision": "46,600", "Earnings from Equity Interest Net of Tax": "214,100", "Net Income Common Stockholders": "167,500", "Diluted NI Available to Com Stockholders": "167,500", "Basic EPS": "1.59", "Diluted EPS": "1.58", "Basic Average Shares": "105,346", "Diluted Average Shares": "106,013", "Net Income from Continuing & Discontinued Operation": "167,500", "Normalized Income": "167,500", "EBIT": "20,900", "Reconciled Depreciation": "5,100", "Net Income from Continuing Operation Net Minority Interest": "167,500", "Total Unusual Items Excluding Goodwill": "-", "Total Unusual Items": "-", "Tax Rate for Calcs": "0", "Tax Effect of Unusual Items": "0", "Interest Expense": "20,900"}, "12/31/1994": {"Duration": "12/31/1994", "Total Revenue": "234,200", "Total Expenses": "54,200", "Pretax Income": "0", "Tax Provision": "38,800", "Earnings from Equity Interest Net of Tax": "179,900", "Net Income Common Stockholders": "141,100", "Diluted NI Available to Com Stockholders": "141,100", "Basic EPS": "1.33", "Diluted EPS": "1.33", "Basic Average Shares": "106,090", "Diluted Average Shares": "106,090", "Net Income from Continuing & Discontinued Operation": "141,100", "Normalized Income": "141,100", "EBIT": "18,800", "Reconciled Depreciation": "9,500", "Net Income from Continuing Operation Net Minority Interest": "141,100", "Total Unusual Items Excluding Goodwill": "-", "Total Unusual Items": "-", "Tax Rate for Calcs": "0", "Tax Effect of Unusual Items": "0", "Interest Expense": "18,800"}, "12/31/1993": {"Duration": "12/31/1993", "Total Revenue": "327,600", "Total Expenses": "52,000", "Pretax Income": "0", "Tax Provision": "68,000", "Earnings from Equity Interest Net of Tax": "247,400", "Net Income Common Stockholders": "179,300", "Diluted NI Available to Com Stockholders": "179,300", "Basic EPS": "1.69", "Diluted EPS": "1.68", "Basic Average Shares": "106,095", "Diluted Average Shares": "106,726", "Net Income from Continuing & Discontinued Operation": "179,400", "Normalized Income": "179,400", "EBIT": "15,800", "Reconciled Depreciation": "5,700", "Net Income from Continuing Operation Net Minority Interest": "179,400", "Total Unusual Items Excluding Goodwill": "-", "Total Unusual Items": "-", "Tax Rate for Calcs": "0", "Tax Effect of Unusual Items": "0", "Interest Expense": "15,800"}, "12/31/1992": {"Duration": "12/31/1992", "Total Revenue": "240,600", "Total Expenses": "48,700", "Pretax Income": "0", "Tax Provision": "40,500", "Earnings from Equity Interest Net of Tax": "170,700", "Net Income Common Stockholders": "130,200", "Diluted NI Available to Com Stockholders": "130,200", "Basic EPS": "1.24", "Diluted EPS": "1.24", "Basic Average Shares": "105,000", "Diluted Average Shares": "105,000", "Net Income from Continuing & Discontinued Operation": "130,200", "Normalized Income": "130,200", "EBIT": "14,200", "Reconciled Depreciation": "4,600", "Net Income from Continuing Operation Net Minority Interest": "130,200", "Total Unusual Items Excluding Goodwill": "-", "Total Unusual Items": "-", "Tax Rate for Calcs": "0", "Tax Effect of Unusual Items": "0", "Interest Expense": "14,200"}, "12/31/1991": {"Duration": "12/31/1991", "Total Revenue": "187,300", "Total Expenses": "37,700", "Pretax Income": "0", "Tax Provision": "33,200", "Earnings from Equity Interest Net of Tax": "146,900", "Net Income Common Stockholders": "113,700", "Diluted NI Available to Com Stockholders": "113,700", "Basic EPS": "1.09", "Diluted EPS": "1.09", "Basic Average Shares": "104,312", "Diluted Average Shares": "104,312", "Net Income from Continuing & Discontinued Operation": "113,700", "Normalized Income": "113,700", "EBIT": "6,300", "Reconciled Depreciation": "2,400", "Net Income from Continuing Operation Net Minority Interest": "113,700", "Total Unusual Items Excluding Goodwill": "-", "Total Unusual Items": "-", "Tax Rate for Calcs": "0", "Tax Effect of Unusual Items": "0", "Interest Expense": "6,300"}}, "bs": {"12/31/2020": {"Duration": "12/31/2020", "Total Assets": "13,220,000", "Total Liabilities Net Minority Interest": "12,080,000", "Total Equity Gross Minority Interest": "1,140,000", "Total Capitalization": "8,312,000", "Common Stock Equity": "1,080,000", "Capital Lease Obligations": "-", "Net Tangible Assets": "671,000", "Invested Capital": "8,312,000", "Tangible Book Value": "671,000", "Total Debt": "7,232,000", "Net Debt": "7,212,000", "Share Issued": "45,865", "Ordinary Shares Number": "45,809", "Treasury Shares Number": "55.942"}, "12/31/2019": {"Duration": "12/31/2019", "Total Assets": "13,320,000", "Total Liabilities Net Minority Interest": "11,783,000", "Total Equity Gross Minority Interest": "1,537,000", "Total Capitalization": "8,854,000", "Common Stock Equity": "1,477,000", "Capital Lease Obligations": "-", "Net Tangible Assets": "1,050,000", "Invested Capital": "8,854,000", "Tangible Book Value": "1,050,000", "Total Debt": "7,377,000", "Net Debt": "7,353,000", "Share Issued": "45,572", "Ordinary Shares Number": "45,555", "Treasury Shares Number": "16.343"}, "12/31/2018": {"Duration": "12/31/2018", "Total Assets": "14,588,711", "Total Liabilities Net Minority Interest": "12,955,564", "Total Equity Gross Minority Interest": "1,633,147", "Total Capitalization": "9,789,522", "Common Stock Equity": "1,591,997", "Capital Lease Obligations": "-", "Net Tangible Assets": "873,066", "Invested Capital": "9,789,522", "Tangible Book Value": "873,066", "Total Debt": "8,197,525", "Net Debt": "8,134,436", "Share Issued": "45,365", "Ordinary Shares Number": "45,336", "Treasury Shares Number": "28.892"}, "12/31/2017": {"Duration": "12/31/2017", "Total Assets": "23,192,374", "Total Liabilities Net Minority Interest": "21,547,116", "Total Equity Gross Minority Interest": "1,645,258", "Total Capitalization": "14,533,388", "Common Stock Equity": "1,381,148", "Capital Lease Obligations": "-", "Net Tangible Assets": "534,175", "Invested Capital": "14,533,388", "Tangible Book Value": "534,175", "Total Debt": "13,152,240", "Net Debt": "12,528,537", "Share Issued": "45,301", "Ordinary Shares Number": "45,276", "Treasury Shares Number": "24.816"}, "12/31/2016": {"Duration": "12/31/2016", "Total Assets": "22,635,702", "Total Liabilities Net Minority Interest": "20,657,678", "Total Equity Gross Minority Interest": "1,978,024", "Total Capitalization": "13,984,255", "Common Stock Equity": "1,713,914", "Capital Lease Obligations": "-", "Net Tangible Assets": "751,834", "Invested Capital": "13,984,255", "Tangible Book Value": "751,834", "Total Debt": "12,270,341", "Net Debt": "12,179,316", "Share Issued": "45,195", "Ordinary Shares Number": "45,195", "Treasury Shares Number": "-"}, "12/31/2015": {"Duration": "12/31/2015", "Total Assets": "23,728,070", "Total Liabilities Net Minority Interest": "21,769,724", "Total Equity Gross Minority Interest": "1,958,346", "Total Capitalization": "15,137,709", "Common Stock Equity": "1,684,799", "Capital Lease Obligations": "-", "Net Tangible Assets": "472,687", "Invested Capital": "15,137,709", "Tangible Book Value": "472,687", "Total Debt": "13,452,910", "Net Debt": "13,417,166", "Share Issued": "45,044", "Ordinary Shares Number": "45,036", "Treasury Shares Number": "8.202"}, "12/31/2014": {"Duration": "12/31/2014", "Total Assets": "25,159,864", "Total Liabilities Net Minority Interest": "23,486,129", "Total Equity Gross Minority Interest": "1,673,735", "Total Capitalization": "15,252,297", "Common Stock Equity": "1,399,105", "Capital Lease Obligations": "-", "Net Tangible Assets": "-526,326", "Invested Capital": "15,252,297", "Tangible Book Value": "-526,326", "Total Debt": "13,853,192", "Net Debt": "13,779,289", "Share Issued": "45,006", "Ordinary Shares Number": "45,003", "Treasury Shares Number": "2.459"}, "12/31/2013": {"Duration": "12/31/2013", "Total Assets": "27,106,939", "Total Liabilities Net Minority Interest": "26,128,517", "Total Equity Gross Minority Interest": "978,422", "Total Capitalization": "15,757,914", "Common Stock Equity": "702,983", "Capital Lease Obligations": "-", "Net Tangible Assets": "-1,485,633", "Invested Capital": "15,757,914", "Tangible Book Value": "-1,485,633", "Total Debt": "15,054,931", "Net Debt": "14,977,561", "Share Issued": "45,003", "Ordinary Shares Number": "45,003", "Treasury Shares Number": "0.937"}, "12/31/2012": {"Duration": "12/31/2012", "Total Assets": "27,007,164", "Total Liabilities Net Minority Interest": "30,254,131", "Total Equity Gross Minority Interest": "-3,246,967", "Total Capitalization": "11,678,651", "Common Stock Equity": "-3,907,527", "Capital Lease Obligations": "356,091", "Net Tangible Assets": "-3,907,527", "Invested Capital": "11,678,651", "Tangible Book Value": "-3,907,527", "Total Debt": "15,586,178", "Net Debt": "15,542,341", "Share Issued": "308,017", "Ordinary Shares Number": "302,436", "Treasury Shares Number": "5,581"}, "12/31/2011": {"Duration": "12/31/2011", "Total Assets": "27,113,695", "Total Liabilities Net Minority Interest": "30,263,228", "Total Equity Gross Minority Interest": "-3,149,533", "Total Capitalization": "10,699,166", "Common Stock Equity": "-3,812,975", "Capital Lease Obligations": "-", "Net Tangible Assets": "-3,812,975", "Invested Capital": "10,699,166", "Tangible Book Value": "-3,812,975", "Total Debt": "14,512,141", "Net Debt": "14,496,142", "Share Issued": "313,605", "Ordinary Shares Number": "308,017", "Treasury Shares Number": "5,588"}, "12/31/2010": {"Duration": "12/31/2010", "Total Assets": "29,047,113", "Total Liabilities Net Minority Interest": "30,401,341", "Total Equity Gross Minority Interest": "-1,354,228", "Total Capitalization": "14,300,750", "Common Stock Equity": "-2,008,536", "Capital Lease Obligations": "-", "Net Tangible Assets": "-2,008,536", "Invested Capital": "14,300,750", "Tangible Book Value": "-2,008,536", "Total Debt": "16,309,286", "Net Debt": "16,299,789", "Share Issued": "313,910", "Ordinary Shares Number": "308,017", "Treasury Shares Number": "5,893"}, "12/31/2009": {"Duration": "12/31/2009", "Total Assets": "18,886,367", "Total Liabilities Net Minority Interest": "20,520,012", "Total Equity Gross Minority Interest": "-1,633,645", "Total Capitalization": "2,352,399", "Common Stock Equity": "-2,287,785", "Capital Lease Obligations": "-", "Net Tangible Assets": "-2,287,785", "Invested Capital": "2,352,399", "Tangible Book Value": "-2,287,785", "Total Debt": "4,640,184", "Net Debt": "4,526,954", "Share Issued": "301,158", "Ordinary Shares Number": "294,378", "Treasury Shares Number": "6,780"}, "12/31/2008": {"Duration": "12/31/2008", "Total Assets": "17,256,398", "Total Liabilities Net Minority Interest": "20,338,707", "Total Equity Gross Minority Interest": "-3,082,309", "Total Capitalization": "-1,913,619", "Common Stock Equity": "-3,782,309", "Capital Lease Obligations": "-", "Net Tangible Assets": "-3,782,309", "Invested Capital": "-1,913,619", "Tangible Book Value": "-3,782,309", "Total Debt": "1,868,690", "Net Debt": "1,760,879", "Share Issued": "294,378", "Ordinary Shares Number": "294,378", "Treasury Shares Number": "-"}, "12/31/2007": {"Duration": "12/31/2007", "Total Assets": "23,565,011", "Total Liabilities Net Minority Interest": "21,285,118", "Total Equity Gross Minority Interest": "2,279,893", "Total Capitalization": "3,949,838", "Common Stock Equity": "2,279,893", "Capital Lease Obligations": "-", "Net Tangible Assets": "2,279,893", "Invested Capital": "12,656,264", "Tangible Book Value": "2,279,893", "Total Debt": "10,376,371", "Net Debt": "10,252,438", "Share Issued": "101,550", "Ordinary Shares Number": "101,550", "Treasury Shares Number": "-"}, "12/31/2006": {"Duration": "12/31/2006", "Total Assets": "20,267,813", "Total Liabilities Net Minority Interest": "14,083,624", "Total Equity Gross Minority Interest": "6,184,189", "Total Capitalization": "7,175,993", "Common Stock Equity": "6,184,189", "Capital Lease Obligations": "-", "Net Tangible Assets": "6,184,189", "Invested Capital": "15,532,870", "Tangible Book Value": "6,184,189", "Total Debt": "9,348,681", "Net Debt": "9,316,813", "Share Issued": "105,731", "Ordinary Shares Number": "105,731", "Treasury Shares Number": "-"}, "12/31/2005": {"Duration": "12/31/2005", "Total Assets": "19,725,140", "Total Liabilities Net Minority Interest": "14,352,933", "Total Equity Gross Minority Interest": "5,372,207", "Total Capitalization": "7,605,789", "Common Stock Equity": "5,372,207", "Capital Lease Obligations": "-", "Net Tangible Assets": "5,372,207", "Invested Capital": "14,858,579", "Tangible Book Value": "5,372,207", "Total Debt": "9,486,372", "Net Debt": "9,458,077", "Share Issued": "105,639", "Ordinary Shares Number": "105,639", "Treasury Shares Number": "-"}, "12/31/2004": {"Duration": "12/31/2004", "Total Assets": "18,585,258", "Total Liabilities Net Minority Interest": "13,560,801", "Total Equity Gross Minority Interest": "5,024,457", "Total Capitalization": "6,890,664", "Common Stock Equity": "5,024,457", "Capital Lease Obligations": "-", "Net Tangible Assets": "5,024,457", "Invested Capital": "13,971,384", "Tangible Book Value": "5,024,457", "Total Debt": "8,946,927", "Net Debt": "8,926,970", "Share Issued": "108,916", "Ordinary Shares Number": "108,916", "Treasury Shares Number": "-"}, "12/31/2003": {"Duration": "12/31/2003", "Total Assets": "16,747,314", "Total Liabilities Net Minority Interest": "12,492,756", "Total Equity Gross Minority Interest": "4,254,558", "Total Capitalization": "5,046,333", "Common Stock Equity": "4,254,558", "Capital Lease Obligations": "-", "Net Tangible Assets": "4,254,558", "Invested Capital": "12,122,736", "Tangible Book Value": "4,254,558", "Total Debt": "7,868,178", "Net Debt": "7,843,729", "Share Issued": "107,144", "Ordinary Shares Number": "107,144", "Treasury Shares Number": "-"}, "12/31/2002": {"Duration": "12/31/2002", "Total Assets": "15,355,538", "Total Liabilities Net Minority Interest": "11,730,359", "Total Equity Gross Minority Interest": "3,625,179", "Total Capitalization": "4,241,894", "Common Stock Equity": "3,625,179", "Capital Lease Obligations": "-", "Net Tangible Assets": "3,625,179", "Invested Capital": "11,524,749", "Tangible Book Value": "3,625,179", "Total Debt": "7,899,570", "Net Debt": "7,873,754", "Share Issued": "105,991", "Ordinary Shares Number": "105,991", "Treasury Shares Number": "-"}, "12/31/2001": {"Duration": "12/31/2001", "Total Assets": "12,267,695", "Total Liabilities Net Minority Interest": "9,284,007", "Total Equity Gross Minority Interest": "2,983,688", "Total Capitalization": "3,603,003", "Common Stock Equity": "2,983,688", "Capital Lease Obligations": "-", "Net Tangible Assets": "2,983,688", "Invested Capital": "9,114,931", "Tangible Book Value": "2,983,688", "Total Debt": "6,131,243", "Net Debt": "6,054,663", "Share Issued": "105,584", "Ordinary Shares Number": "105,584", "Treasury Shares Number": "-"}, "12/31/2000": {"Duration": "12/31/2000", "Total Assets": "10,120,300", "Total Liabilities Net Minority Interest": "7,524,186", "Total Equity Gross Minority Interest": "2,596,114", "Total Capitalization": "3,020,175", "Common Stock Equity": "2,596,114", "Capital Lease Obligations": "-", "Net Tangible Assets": "2,596,114", "Invested Capital": "7,913,106", "Tangible Book Value": "2,596,114", "Total Debt": "5,316,992", "Net Debt": "5,271,564", "Share Issued": "105,551", "Ordinary Shares Number": "105,551", "Treasury Shares Number": "-"}, "12/31/1999": {"Duration": "12/31/1999", "Total Assets": "11,345,096", "Total Liabilities Net Minority Interest": "9,326,646", "Total Equity Gross Minority Interest": "2,018,450", "Total Capitalization": "2,442,445", "Common Stock Equity": "2,018,450", "Capital Lease Obligations": "-", "Net Tangible Assets": "2,018,450", "Invested Capital": "8,582,699", "Tangible Book Value": "2,018,450", "Total Debt": "6,564,249", "Net Debt": "6,550,661", "Share Issued": "69,828", "Ordinary Shares Number": "69,828", "Treasury Shares Number": "-"}, "12/31/1998": {"Duration": "12/31/1998", "Total Assets": "11,212,311", "Total Liabilities Net Minority Interest": "9,116,221", "Total Equity Gross Minority Interest": "2,096,090", "Total Capitalization": "2,520,019", "Common Stock Equity": "2,096,090", "Capital Lease Obligations": "-", "Net Tangible Assets": "2,096,090", "Invested Capital": "8,476,782", "Tangible Book Value": "2,096,090", "Total Debt": "6,380,692", "Net Debt": "6,372,453", "Share Issued": "70,111", "Ordinary Shares Number": "70,111", "Treasury Shares Number": "-"}, "12/31/1997": {"Duration": "12/31/1997", "Total Assets": "8,249,722", "Total Liabilities Net Minority Interest": "6,377,240", "Total Equity Gross Minority Interest": "1,872,482", "Total Capitalization": "2,096,346", "Common Stock Equity": "1,872,482", "Capital Lease Obligations": "-", "Net Tangible Assets": "1,872,482", "Invested Capital": "6,417,310", "Tangible Book Value": "1,872,482", "Total Debt": "4,544,828", "Net Debt": "4,535,572", "Share Issued": "70,111", "Ordinary Shares Number": "70,111", "Treasury Shares Number": "-"}, "12/31/1996": {"Duration": "12/31/1996", "Total Assets": "5,875,965", "Total Liabilities Net Minority Interest": "4,260,949", "Total Equity Gross Minority Interest": "1,615,016", "Total Capitalization": "1,838,814", "Common Stock Equity": "1,615,016", "Capital Lease Obligations": "-", "Net Tangible Assets": "1,615,016", "Invested Capital": "1,838,814", "Tangible Book Value": "1,615,016", "Total Debt": "223,798", "Net Debt": "216,064", "Share Issued": "105,217", "Ordinary Shares Number": "105,217", "Treasury Shares Number": "-"}, "12/31/1995": {"Duration": "12/31/1995", "Total Assets": "5,309,300", "Total Liabilities Net Minority Interest": "3,905,300", "Total Equity Gross Minority Interest": "1,404,000", "Total Capitalization": "1,627,700", "Common Stock Equity": "1,404,000", "Capital Lease Obligations": "-", "Net Tangible Assets": "1,404,000", "Invested Capital": "1,627,700", "Tangible Book Value": "1,404,000", "Total Debt": "223,700", "Net Debt": "223,700", "Share Issued": "105,139", "Ordinary Shares Number": "105,139", "Treasury Shares Number": "-"}, "12/31/1994": {"Duration": "12/31/1994", "Total Assets": "4,293,300", "Total Liabilities Net Minority Interest": "3,259,800", "Total Equity Gross Minority Interest": "1,033,500", "Total Capitalization": "1,257,200", "Common Stock Equity": "1,033,500", "Capital Lease Obligations": "-", "Net Tangible Assets": "1,033,500", "Invested Capital": "1,257,200", "Tangible Book Value": "1,033,500", "Total Debt": "223,700", "Net Debt": "223,700", "Share Issued": "105,040", "Ordinary Shares Number": "105,040", "Treasury Shares Number": "-"}, "12/31/1993": {"Duration": "12/31/1993", "Total Assets": "3,807,200", "Total Liabilities Net Minority Interest": "2,707,500", "Total Equity Gross Minority Interest": "1,099,700", "Total Capitalization": "1,323,300", "Common Stock Equity": "1,099,700", "Capital Lease Obligations": "-", "Net Tangible Assets": "1,099,700", "Invested Capital": "1,323,300", "Tangible Book Value": "1,099,700", "Total Debt": "223,600", "Net Debt": "223,600", "Share Issued": "105,895", "Ordinary Shares Number": "105,895", "Treasury Shares Number": "-"}, "12/31/1992": {"Duration": "12/31/1992", "Total Assets": "2,074,500", "Total Liabilities Net Minority Interest": "1,213,200", "Total Equity Gross Minority Interest": "861,300", "Total Capitalization": "1,010,500", "Common Stock Equity": "861,300", "Capital Lease Obligations": "-", "Net Tangible Assets": "861,300", "Invested Capital": "1,010,500", "Tangible Book Value": "861,300", "Total Debt": "149,200", "Net Debt": "149,200", "Share Issued": "105,682", "Ordinary Shares Number": "105,682", "Treasury Shares Number": "-"}, "12/31/1991": {"Duration": "12/31/1991", "Total Assets": "1,431,800", "Total Liabilities Net Minority Interest": "684,400", "Total Equity Gross Minority Interest": "747,400", "Total Capitalization": "896,500", "Common Stock Equity": "747,400", "Capital Lease Obligations": "-", "Net Tangible Assets": "747,400", "Invested Capital": "896,500", "Tangible Book Value": "747,400", "Total Debt": "149,100", "Net Debt": "149,100", "Share Issued": "104,948", "Ordinary Shares Number": "104,948", "Treasury Shares Number": "-"}}, "cf": {"TTM": {"Duration": "TTM", "Operating Cash Flow": "-128,000", "Investing Cash Flow": "304,000", "Financing Cash Flow": "-226,000", "Other Cash Adjustment Inside Change in Cash": "-", "End Cash Position": "41,000", "Income Tax Paid Supplemental Data": "-", "Interest Paid Supplemental Data": "-", "Issuance of Capital Stock": "-", "Issuance of Debt": "-", "Repayment of Debt": "-60,000", "Repurchase of Capital Stock": "-", "Free Cash Flow": "-128,000"}, "12/31/2020": {"Duration": "12/31/2020", "Operating Cash Flow": "-175,000", "Investing Cash Flow": "432,000", "Financing Cash Flow": "-303,000", "Other Cash Adjustment Inside Change in Cash": "-", "End Cash Position": "35,000", "Income Tax Paid Supplemental Data": "-", "Interest Paid Supplemental Data": "-", "Issuance of Capital Stock": "0", "Issuance of Debt": "0", "Repayment of Debt": "-121,000", "Repurchase of Capital Stock": "0", "Free Cash Flow": "-175,000"}, "12/31/2019": {"Duration": "12/31/2019", "Operating Cash Flow": "-311,000", "Investing Cash Flow": "1,000,000", "Financing Cash Flow": "-691,000", "Other Cash Adjustment Inside Change in Cash": "-", "End Cash Position": "81,000", "Income Tax Paid Supplemental Data": "-", "Interest Paid Supplemental Data": "-", "Issuance of Capital Stock": "19,000", "Issuance of Debt": "12,000", "Repayment of Debt": "-178,000", "Repurchase of Capital Stock": "0", "Free Cash Flow": "-311,000"}, "12/31/2018": {"Duration": "12/31/2018", "Operating Cash Flow": "-1,543,263", "Investing Cash Flow": "1,587,856", "Financing Cash Flow": "-585,378", "Other Cash Adjustment Inside Change in Cash": "-", "End Cash Position": "83,493", "Income Tax Paid Supplemental Data": "-", "Interest Paid Supplemental Data": "-", "Issuance of Capital Stock": "-", "Issuance of Debt": "264,190", "Repayment of Debt": "-479,313", "Repurchase of Capital Stock": "-11,048", "Free Cash Flow": "-1,543,263"}, "12/31/2017": {"Duration": "12/31/2017", "Operating Cash Flow": "-212,768", "Investing Cash Flow": "928,769", "Financing Cash Flow": "-182,117", "Other Cash Adjustment Inside Change in Cash": "-1,206", "End Cash Position": "623,703", "Income Tax Paid Supplemental Data": "-", "Interest Paid Supplemental Data": "-", "Issuance of Capital Stock": "-", "Issuance of Debt": "-", "Repayment of Debt": "-98,491", "Repurchase of Capital Stock": "-", "Free Cash Flow": "-212,768"}, "12/31/2016": {"Duration": "12/31/2016", "Operating Cash Flow": "843,540", "Investing Cash Flow": "-714,643", "Financing Cash Flow": "-69,711", "Other Cash Adjustment Inside Change in Cash": "-", "End Cash Position": "91,025", "Income Tax Paid Supplemental Data": "21,437", "Interest Paid Supplemental Data": "4,537", "Issuance of Capital Stock": "-", "Issuance of Debt": "0", "Repayment of Debt": "-49,032", "Repurchase of Capital Stock": "-", "Free Cash Flow": "843,540"}, "12/31/2015": {"Duration": "12/31/2015", "Operating Cash Flow": "87,542", "Investing Cash Flow": "-172,602", "Financing Cash Flow": "46,901", "Other Cash Adjustment Inside Change in Cash": "-", "End Cash Position": "35,744", "Income Tax Paid Supplemental Data": "16,969", "Interest Paid Supplemental Data": "1,847", "Issuance of Capital Stock": "-", "Issuance of Debt": "143,430", "Repayment of Debt": "-27,285", "Repurchase of Capital Stock": "-", "Free Cash Flow": "87,542"}, "12/31/2014": {"Duration": "12/31/2014", "Operating Cash Flow": "-971,509", "Investing Cash Flow": "1,275,153", "Financing Cash Flow": "-307,111", "Other Cash Adjustment Inside Change in Cash": "-", "End Cash Position": "73,903", "Income Tax Paid Supplemental Data": "4,400", "Interest Paid Supplemental Data": "82,686", "Issuance of Capital Stock": "-", "Issuance of Debt": "224,262", "Repayment of Debt": "-331,419", "Repurchase of Capital Stock": "-", "Free Cash Flow": "-971,509"}, "12/31/2012": {"Duration": "12/31/2012", "Operating Cash Flow": "-613,898", "Investing Cash Flow": "1,037,980", "Financing Cash Flow": "-396,244", "Other Cash Adjustment Inside Change in Cash": "-", "End Cash Position": "43,837", "Income Tax Paid Supplemental Data": "1,493", "Interest Paid Supplemental Data": "8,836", "Issuance of Capital Stock": "-", "Issuance of Debt": "-", "Repayment of Debt": "-209,458", "Repurchase of Capital Stock": "-", "Free Cash Flow": "-613,898"}, "12/31/2011": {"Duration": "12/31/2011", "Operating Cash Flow": "3,557", "Investing Cash Flow": "228,026", "Financing Cash Flow": "-225,081", "Other Cash Adjustment Inside Change in Cash": "-", "End Cash Position": "15,999", "Income Tax Paid Supplemental Data": "1,991", "Interest Paid Supplemental Data": "8,456", "Issuance of Capital Stock": "-", "Issuance of Debt": "-", "Repayment of Debt": "-", "Repurchase of Capital Stock": "-", "Free Cash Flow": "3,557"}, "12/31/2010": {"Duration": "12/31/2010", "Operating Cash Flow": "-2,087,013", "Investing Cash Flow": "2,471,708", "Financing Cash Flow": "-487,277", "Other Cash Adjustment Inside Change in Cash": "-", "End Cash Position": "9,497", "Income Tax Paid Supplemental Data": "0", "Interest Paid Supplemental Data": "81,152", "Issuance of Capital Stock": "-", "Issuance of Debt": "-", "Repayment of Debt": "-", "Repurchase of Capital Stock": "-", "Free Cash Flow": "-2,087,013"}, "12/31/2009": {"Duration": "12/31/2009", "Operating Cash Flow": "-1,850,752", "Investing Cash Flow": "4,585,458", "Financing Cash Flow": "-2,729,287", "Other Cash Adjustment Inside Change in Cash": "-", "End Cash Position": "113,230", "Income Tax Paid Supplemental Data": "0", "Interest Paid Supplemental Data": "144,886", "Issuance of Capital Stock": "0", "Issuance of Debt": "0", "Repayment of Debt": "-998,133", "Repurchase of Capital Stock": "0", "Free Cash Flow": "-1,850,752"}, "12/31/2008": {"Duration": "12/31/2008", "Operating Cash Flow": "-1,423,051", "Investing Cash Flow": "5,249,696", "Financing Cash Flow": "-3,842,767", "Other Cash Adjustment Inside Change in Cash": "-", "End Cash Position": "107,811", "Income Tax Paid Supplemental Data": "29,641", "Interest Paid Supplemental Data": "105,597", "Issuance of Capital Stock": "1,182,032", "Issuance of Debt": "213,381", "Repayment of Debt": "-5,362,970", "Repurchase of Capital Stock": "-19,388", "Free Cash Flow": "-1,423,051"}, "12/31/2007": {"Duration": "12/31/2007", "Operating Cash Flow": "945,384", "Investing Cash Flow": "-1,418,187", "Financing Cash Flow": "564,868", "Other Cash Adjustment Inside Change in Cash": "-", "End Cash Position": "123,933", "Income Tax Paid Supplemental Data": "-", "Interest Paid Supplemental Data": "-", "Issuance of Capital Stock": "27,294", "Issuance of Debt": "3,175,550", "Repayment of Debt": "0", "Repurchase of Capital Stock": "-449,392", "Free Cash Flow": "945,384"}, "12/31/2006": {"Duration": "12/31/2006", "Operating Cash Flow": "903,133", "Investing Cash Flow": "-1,512,105", "Financing Cash Flow": "613,221", "Other Cash Adjustment Inside Change in Cash": "-", "End Cash Position": "31,868", "Income Tax Paid Supplemental Data": "-", "Interest Paid Supplemental Data": "-", "Issuance of Capital Stock": "61,013", "Issuance of Debt": "2,389,288", "Repayment of Debt": "-200,000", "Repurchase of Capital Stock": "-126,703", "Free Cash Flow": "903,133"}, "12/31/2005": {"Duration": "12/31/2005", "Operating Cash Flow": "1,007,498", "Investing Cash Flow": "-1,464,192", "Financing Cash Flow": "465,032", "Other Cash Adjustment Inside Change in Cash": "-", "End Cash Position": "28,295", "Income Tax Paid Supplemental Data": "-", "Interest Paid Supplemental Data": "-", "Issuance of Capital Stock": "32,372", "Issuance of Debt": "2,148,361", "Repayment of Debt": "-54,982", "Repurchase of Capital Stock": "-309,670", "Free Cash Flow": "1,007,498"}, "12/31/2004": {"Duration": "12/31/2004", "Operating Cash Flow": "949,702", "Investing Cash Flow": "-1,609,559", "Financing Cash Flow": "655,275", "Other Cash Adjustment Inside Change in Cash": "-", "End Cash Position": "19,957", "Income Tax Paid Supplemental Data": "-", "Interest Paid Supplemental Data": "-", "Issuance of Capital Stock": "74,062", "Issuance of Debt": "2,938,367", "Repayment of Debt": "-2,040,327", "Repurchase of Capital Stock": "-51,781", "Free Cash Flow": "949,702"}, "12/31/2003": {"Duration": "12/31/2003", "Operating Cash Flow": "1,003,615", "Investing Cash Flow": "-1,074,081", "Financing Cash Flow": "69,099", "Other Cash Adjustment Inside Change in Cash": "-", "End Cash Position": "24,449", "Income Tax Paid Supplemental Data": "-", "Interest Paid Supplemental Data": "-", "Issuance of Capital Stock": "62,543", "Issuance of Debt": "2,297,110", "Repayment of Debt": "-2,357,006", "Repurchase of Capital Stock": "-20,247", "Free Cash Flow": "1,003,615"}, "12/31/2002": {"Duration": "12/31/2002", "Operating Cash Flow": "805,488", "Investing Cash Flow": "-2,506,404", "Financing Cash Flow": "1,650,152", "Other Cash Adjustment Inside Change in Cash": "-", "End Cash Position": "25,816", "Income Tax Paid Supplemental Data": "-", "Interest Paid Supplemental Data": "-", "Issuance of Capital Stock": "54,966", "Issuance of Debt": "0", "Repayment of Debt": "0", "Repurchase of Capital Stock": "-41,101", "Free Cash Flow": "805,488"}, "12/31/2001": {"Duration": "12/31/2001", "Operating Cash Flow": "671,831", "Investing Cash Flow": "-1,401,444", "Financing Cash Flow": "760,765", "Other Cash Adjustment Inside Change in Cash": "-", "End Cash Position": "76,580", "Income Tax Paid Supplemental Data": "-", "Interest Paid Supplemental Data": "-", "Issuance of Capital Stock": "38,287", "Issuance of Debt": "193,700", "Repayment of Debt": "-7,500", "Repurchase of Capital Stock": "-40,876", "Free Cash Flow": "671,831"}, "12/31/2000": {"Duration": "12/31/2000", "Operating Cash Flow": "481,328", "Investing Cash Flow": "776,485", "Financing Cash Flow": "-1,225,973", "Other Cash Adjustment Inside Change in Cash": "-", "End Cash Position": "45,428", "Income Tax Paid Supplemental Data": "-", "Interest Paid Supplemental Data": "-", "Issuance of Capital Stock": "37,926", "Issuance of Debt": "0", "Repayment of Debt": "-", "Repurchase of Capital Stock": "-23,618", "Free Cash Flow": "481,328"}, "12/31/1999": {"Duration": "12/31/1999", "Operating Cash Flow": "454,400", "Investing Cash Flow": "-630,293", "Financing Cash Flow": "181,242", "Other Cash Adjustment Inside Change in Cash": "-", "End Cash Position": "13,588", "Income Tax Paid Supplemental Data": "-", "Interest Paid Supplemental Data": "-", "Issuance of Capital Stock": "17,518", "Issuance of Debt": "0", "Repayment of Debt": "-", "Repurchase of Capital Stock": "-17,626", "Free Cash Flow": "454,400"}, "12/31/1998": {"Duration": "12/31/1998", "Operating Cash Flow": "337,657", "Investing Cash Flow": "-2,061,687", "Financing Cash Flow": "1,723,013", "Other Cash Adjustment Inside Change in Cash": "-", "End Cash Position": "8,239", "Income Tax Paid Supplemental Data": "-", "Interest Paid Supplemental Data": "-", "Issuance of Capital Stock": "45,966", "Issuance of Debt": "193,700", "Repayment of Debt": "-", "Repurchase of Capital Stock": "-52,738", "Free Cash Flow": "337,657"}, "12/31/1997": {"Duration": "12/31/1997", "Operating Cash Flow": "324,517", "Investing Cash Flow": "-1,887,275", "Financing Cash Flow": "1,564,280", "Other Cash Adjustment Inside Change in Cash": "-", "End Cash Position": "9,256", "Income Tax Paid Supplemental Data": "-", "Interest Paid Supplemental Data": "-", "Issuance of Capital Stock": "29,169", "Issuance of Debt": "-", "Repayment of Debt": "-", "Repurchase of Capital Stock": "-40,397", "Free Cash Flow": "324,517"}, "12/31/1996": {"Duration": "12/31/1996", "Operating Cash Flow": "190,630", "Investing Cash Flow": "-658,252", "Financing Cash Flow": "463,189", "Other Cash Adjustment Inside Change in Cash": "-", "End Cash Position": "7,734", "Income Tax Paid Supplemental Data": "-", "Interest Paid Supplemental Data": "-", "Issuance of Capital Stock": "17,211", "Issuance of Debt": "-", "Repayment of Debt": "-", "Repurchase of Capital Stock": "-31,751", "Free Cash Flow": "190,630"}, "12/31/1995": {"Duration": "12/31/1995", "Operating Cash Flow": "231,300", "Investing Cash Flow": "-401,300", "Financing Cash Flow": "177,700", "Other Cash Adjustment Inside Change in Cash": "-", "End Cash Position": "-", "Income Tax Paid Supplemental Data": "-", "Interest Paid Supplemental Data": "-", "Issuance of Capital Stock": "6,300", "Issuance of Debt": "-", "Repayment of Debt": "-", "Repurchase of Capital Stock": "-5,900", "Free Cash Flow": "231,300"}, "12/31/1994": {"Duration": "12/31/1994", "Operating Cash Flow": "265,600", "Investing Cash Flow": "-799,500", "Financing Cash Flow": "534,300", "Other Cash Adjustment Inside Change in Cash": "-100", "End Cash Position": "-", "Income Tax Paid Supplemental Data": "-", "Interest Paid Supplemental Data": "-", "Issuance of Capital Stock": "-", "Issuance of Debt": "-", "Repayment of Debt": "-", "Repurchase of Capital Stock": "-11,900", "Free Cash Flow": "265,600"}, "12/31/1993": {"Duration": "12/31/1993", "Operating Cash Flow": "201,800", "Investing Cash Flow": "-1,388,900", "Financing Cash Flow": "1,191,100", "Other Cash Adjustment Inside Change in Cash": "-", "End Cash Position": "-", "Income Tax Paid Supplemental Data": "-", "Interest Paid Supplemental Data": "-", "Issuance of Capital Stock": "-", "Issuance of Debt": "73,900", "Repayment of Debt": "-", "Repurchase of Capital Stock": "-", "Free Cash Flow": "201,800"}, "12/31/1992": {"Duration": "12/31/1992", "Operating Cash Flow": "-27,800", "Investing Cash Flow": "-296,300", "Financing Cash Flow": "321,200", "Other Cash Adjustment Inside Change in Cash": "-", "End Cash Position": "-", "Income Tax Paid Supplemental Data": "-", "Interest Paid Supplemental Data": "-", "Issuance of Capital Stock": "4,300", "Issuance of Debt": "-", "Repayment of Debt": "-", "Repurchase of Capital Stock": "-", "Free Cash Flow": "-27,800"}, "12/31/1991": {"Duration": "12/31/1991", "Operating Cash Flow": "197,500", "Investing Cash Flow": "-176,400", "Financing Cash Flow": "-18,500", "Other Cash Adjustment Inside Change in Cash": "-", "End Cash Position": "-", "Income Tax Paid Supplemental Data": "-", "Interest Paid Supplemental Data": "-", "Issuance of Capital Stock": "-", "Issuance of Debt": "146,800", "Repayment of Debt": "-150,000", "Repurchase of Capital Stock": "-", "Free Cash Flow": "197,500"}}, "ks": {"Current": {"Duration": "Current", "Market Cap (intraday) 5": "670.78M", "Enterprise Value 3": "7.88B", "Trailing P/E ": "N/A", "Forward P/E 1": "N/A", "PEG Ratio (5 yr expected) 1": "N/A", "Price/Sales (ttm)": "4.30", "Price/Book (mrq)": "0.62", "Enterprise Value/Revenue 3": "24.56", "Enterprise Value/EBITDA 7": "N/A"}, "3/31/2021": {"Duration": "3/31/2021", "Market Cap (intraday) 5": "767.54M", "Enterprise Value 3": "7.98B", "Trailing P/E ": "N/A", "Forward P/E 1": "N/A", "PEG Ratio (5 yr expected) 1": "N/A", "Price/Sales (ttm)": "4.95", "Price/Book (mrq)": "0.72", "Enterprise Value/Revenue 3": "84.00", "Enterprise Value/EBITDA 7": "N/A"}, "12/31/2020": {"Duration": "12/31/2020", "Market Cap (intraday) 5": "704.54M", "Enterprise Value 3": "7.57B", "Trailing P/E ": "N/A", "Forward P/E 1": "N/A", "PEG Ratio (5 yr expected) 1": "N/A", "Price/Sales (ttm)": "4.40", "Price/Book (mrq)": "0.68", "Enterprise Value/Revenue 3": "87.05", "Enterprise Value/EBITDA 7": "N/A"}, "9/30/2020": {"Duration": "9/30/2020", "Market Cap (intraday) 5": "584.98M", "Enterprise Value 3": "7.44B", "Trailing P/E ": "N/A", "Forward P/E 1": "N/A", "PEG Ratio (5 yr expected) 1": "N/A", "Price/Sales (ttm)": "1.87", "Price/Book (mrq)": "0.55", "Enterprise Value/Revenue 3": "118.13", "Enterprise Value/EBITDA 7": "N/A"}, "6/30/2020": {"Duration": "6/30/2020", "Market Cap (intraday) 5": "655.56M", "Enterprise Value 3": "7.62B", "Trailing P/E ": "N/A", "Forward P/E 1": "N/A", "PEG Ratio (5 yr expected) 1": "N/A", "Price/Sales (ttm)": "2.02", "Price/Book (mrq)": "0.65", "Enterprise Value/Revenue 3": "101.61", "Enterprise Value/EBITDA 7": "N/A"}, "3/31/2020": {"Duration": "3/31/2020", "Market Cap (intraday) 5": "562.43M", "Enterprise Value 3": "7.92B", "Trailing P/E ": "N/A", "Forward P/E 1": "N/A", "PEG Ratio (5 yr expected) 1": "N/A", "Price/Sales (ttm)": "1.14", "Price/Book (mrq)": "0.38", "Enterprise Value/Revenue 3": "-113.08", "Enterprise Value/EBITDA 7": "N/A"}, "12/31/2019": {"Duration": "12/31/2019", "Market Cap (intraday) 5": "982.60M", "Enterprise Value 3": "8.24B", "Trailing P/E ": "N/A", "Forward P/E 1": "N/A", "PEG Ratio (5 yr expected) 1": "N/A", "Price/Sales (ttm)": "2.17", "Price/Book (mrq)": "0.63", "Enterprise Value/Revenue 3": "90.19", "Enterprise Value/EBITDA 7": "N/A"}, "9/30/2019": {"Duration": "9/30/2019", "Market Cap (intraday) 5": "890.53M", "Enterprise Value 3": "9.47B", "Trailing P/E ": "N/A", "Forward P/E 1": "N/A", "PEG Ratio (5 yr expected) 1": "N/A", "Price/Sales (ttm)": "2.42", "Price/Book (mrq)": "0.60", "Enterprise Value/Revenue 3": "43.80", "Enterprise Value/EBITDA 7": "N/A"}, "6/30/2019": {"Duration": "6/30/2019", "Market Cap (intraday) 5": "767.02M", "Enterprise Value 3": "9.41B", "Trailing P/E ": "N/A", "Forward P/E 1": "N/A", "PEG Ratio (5 yr expected) 1": "N/A", "Price/Sales (ttm)": "1.80", "Price/Book (mrq)": "0.47", "Enterprise Value/Revenue 3": "105.60", "Enterprise Value/EBITDA 7": "N/A"}, "3/31/2019": {"Duration": "3/31/2019", "Market Cap (intraday) 5": "821.59M", "Enterprise Value 3": "8.96B", "Trailing P/E ": "4.54", "Forward P/E 1": "N/A", "PEG Ratio (5 yr expected) 1": "N/A", "Price/Sales (ttm)": "1.66", "Price/Book (mrq)": "0.52", "Enterprise Value/Revenue 3": "89.23", "Enterprise Value/EBITDA 7": "N/A"}, "12/31/2018": {"Duration": "12/31/2018", "Market Cap (intraday) 5": "781.60M", "Enterprise Value 3": "9.25B", "Trailing P/E ": "4.31", "Forward P/E 1": "N/A", "PEG Ratio (5 yr expected) 1": "N/A", "Price/Sales (ttm)": "1.24", "Price/Book (mrq)": "0.44", "Enterprise Value/Revenue 3": "178.10", "Enterprise Value/EBITDA 7": "N/A"}, "9/30/2018": {"Duration": "9/30/2018", "Market Cap (intraday) 5": "925.68M", "Enterprise Value 3": "15.13B", "Trailing P/E ": "9.77", "Forward P/E 1": "N/A", "PEG Ratio (5 yr expected) 1": "N/A", "Price/Sales (ttm)": "1.45", "Price/Book (mrq)": "0.51", "Enterprise Value/Revenue 3": "112.92", "Enterprise Value/EBITDA 7": "N/A"}, "6/30/2018": {"Duration": "6/30/2018", "Market Cap (intraday) 5": "899.84M", "Enterprise Value 3": "16.09B", "Trailing P/E ": "8.94", "Forward P/E 1": "N/A", "PEG Ratio (5 yr expected) 1": "N/A", "Price/Sales (ttm)": "1.36", "Price/Book (mrq)": "0.49", "Enterprise Value/Revenue 3": "106.81", "Enterprise Value/EBITDA 7": "N/A"}, "3/31/2018": {"Duration": "3/31/2018", "Market Cap (intraday) 5": "709.97M", "Enterprise Value 3": "13.24B", "Trailing P/E ": "N/A", "Forward P/E 1": "N/A", "PEG Ratio (5 yr expected) 1": "N/A", "Price/Sales (ttm)": "1.15", "Price/Book (mrq)": "0.51", "Enterprise Value/Revenue 3": "77.44", "Enterprise Value/EBITDA 7": "N/A"}, "12/31/2017": {"Duration": "12/31/2017", "Market Cap (intraday) 5": "723.11M", "Enterprise Value 3": "13.83B", "Trailing P/E ": "N/A", "Forward P/E 1": "N/A", "PEG Ratio (5 yr expected) 1": "N/A", "Price/Sales (ttm)": "1.10", "Price/Book (mrq)": "0.48", "Enterprise Value/Revenue 3": "73.12", "Enterprise Value/EBITDA 7": "N/A"}, "9/30/2017": {"Duration": "9/30/2017", "Market Cap (intraday) 5": "781.04M", "Enterprise Value 3": "13.62B", "Trailing P/E ": "N/A", "Forward P/E 1": "N/A", "PEG Ratio (5 yr expected) 1": "N/A", "Price/Sales (ttm)": "1.17", "Price/Book (mrq)": "0.47", "Enterprise Value/Revenue 3": "102.41", "Enterprise Value/EBITDA 7": "N/A"}, "6/30/2017": {"Duration": "6/30/2017", "Market Cap (intraday) 5": "784.72M", "Enterprise Value 3": "13.25B", "Trailing P/E ": "N/A", "Forward P/E 1": "N/A", "PEG Ratio (5 yr expected) 1": "N/A", "Price/Sales (ttm)": "1.30", "Price/Book (mrq)": "0.48", "Enterprise Value/Revenue 3": "77.61", "Enterprise Value/EBITDA 7": "N/A"}, "3/31/2017": {"Duration": "3/31/2017", "Market Cap (intraday) 5": "853.02M", "Enterprise Value 3": "13.11B", "Trailing P/E ": "11.50", "Forward P/E 1": "N/A", "PEG Ratio (5 yr expected) 1": "N/A", "Price/Sales (ttm)": "1.72", "Price/Book (mrq)": "0.50", "Enterprise Value/Revenue 3": "106.20", "Enterprise Value/EBITDA 7": "N/A"}, "12/31/2016": {"Duration": "12/31/2016", "Market Cap (intraday) 5": "1.02B", "Enterprise Value 3": "14.12B", "Trailing P/E ": "1.85", "Forward P/E 1": "N/A", "PEG Ratio (5 yr expected) 1": "N/A", "Price/Sales (ttm)": "2.34", "Price/Book (mrq)": "0.53", "Enterprise Value/Revenue 3": "59.44", "Enterprise Value/EBITDA 7": "N/A"}, "9/30/2016": {"Duration": "9/30/2016", "Market Cap (intraday) 5": "829.79M", "Enterprise Value 3": "13.45B", "Trailing P/E ": "12.95", "Forward P/E 1": "N/A", "PEG Ratio (5 yr expected) 1": "N/A", "Price/Sales (ttm)": "2.21", "Price/Book (mrq)": "0.46", "Enterprise Value/Revenue 3": "92.73", "Enterprise Value/EBITDA 7": "N/A"}, "6/30/2016": {"Duration": "6/30/2016", "Market Cap (intraday) 5": "742.70M", "Enterprise Value 3": "13.93B", "Trailing P/E ": "2.59", "Forward P/E 1": "N/A", "PEG Ratio (5 yr expected) 1": "N/A", "Price/Sales (ttm)": "1.49", "Price/Book (mrq)": "0.43", "Enterprise Value/Revenue 3": "135.03", "Enterprise Value/EBITDA 7": "N/A"}, "3/31/2016": {"Duration": "3/31/2016", "Market Cap (intraday) 5": "711.74M", "Enterprise Value 3": "14.23B", "Trailing P/E ": "1.47", "Forward P/E 1": "N/A", "PEG Ratio (5 yr expected) 1": "N/A", "Price/Sales (ttm)": "1.13", "Price/Book (mrq)": "0.42", "Enterprise Value/Revenue 3": "908.23", "Enterprise Value/EBITDA 7": "N/A"}, "12/31/2015": {"Duration": "12/31/2015", "Market Cap (intraday) 5": "634.56M", "Enterprise Value 3": "14.62B", "Trailing P/E ": "1.18", "Forward P/E 1": "N/A", "PEG Ratio (5 yr expected) 1": "N/A", "Price/Sales (ttm)": "1.18", "Price/Book (mrq)": "0.47", "Enterprise Value/Revenue 3": "85.65", "Enterprise Value/EBITDA 7": "N/A"}, "9/30/2015": {"Duration": "9/30/2015", "Market Cap (intraday) 5": "651.45M", "Enterprise Value 3": "15.30B", "Trailing P/E ": "0.66", "Forward P/E 1": "N/A", "PEG Ratio (5 yr expected) 1": "N/A", "Price/Sales (ttm)": "1.11", "Price/Book (mrq)": "0.37", "Enterprise Value/Revenue 3": "177.39", "Enterprise Value/EBITDA 7": "N/A"}, "6/30/2015": {"Duration": "6/30/2015", "Market Cap (intraday) 5": "748.86M", "Enterprise Value 3": "15.16B", "Trailing P/E ": "1.44", "Forward P/E 1": "N/A", "PEG Ratio (5 yr expected) 1": "N/A", "Price/Sales (ttm)": "1.74", "Price/Book (mrq)": "0.48", "Enterprise Value/Revenue 3": "65.32", "Enterprise Value/EBITDA 7": "N/A"}, "3/31/2015": {"Duration": "3/31/2015", "Market Cap (intraday) 5": "1.09B", "Enterprise Value 3": "15.03B", "Trailing P/E ": "2.35", "Forward P/E 1": "N/A", "PEG Ratio (5 yr expected) 1": "N/A", "Price/Sales (ttm)": "2.82", "Price/Book (mrq)": "0.78", "Enterprise Value/Revenue 3": "96.59", "Enterprise Value/EBITDA 7": "N/A"}, "12/31/2014": {"Duration": "12/31/2014", "Market Cap (intraday) 5": "1.10B", "Enterprise Value 3": "15.60B", "Trailing P/E ": "N/A", "Forward P/E 1": "N/A", "PEG Ratio (5 yr expected) 1": "N/A", "Price/Sales (ttm)": "1.33", "Price/Book (mrq)": "1.13", "Enterprise Value/Revenue 3": "191.19", "Enterprise Value/EBITDA 7": "N/A"}, "9/30/2014": {"Duration": "9/30/2014", "Market Cap (intraday) 5": "994.58M", "Enterprise Value 3": "16.52B", "Trailing P/E ": "N/A", "Forward P/E 1": "N/A", "PEG Ratio (5 yr expected) 1": "N/A", "Price/Sales (ttm)": "1.20", "Price/Book (mrq)": "1.05", "Enterprise Value/Revenue 3": "106.36", "Enterprise Value/EBITDA 7": "N/A"}, "6/30/2014": {"Duration": "6/30/2014", "Market Cap (intraday) 5": "1.23B", "Enterprise Value 3": "16.41B", "Trailing P/E ": "N/A", "Forward P/E 1": "N/A", "PEG Ratio (5 yr expected) 1": "N/A", "Price/Sales (ttm)": "1.48", "Price/Book (mrq)": "1.29", "Enterprise Value/Revenue 3": "286.19", "Enterprise Value/EBITDA 7": "N/A"}, "3/31/2014": {"Duration": "3/31/2014", "Market Cap (intraday) 5": "1.40B", "Enterprise Value 3": "16.73B", "Trailing P/E ": "N/A", "Forward P/E 1": "N/A", "PEG Ratio (5 yr expected) 1": "N/A", "Price/Sales (ttm)": "11.30", "Price/Book (mrq)": "1.99", "Enterprise Value/Revenue 3": "153.32", "Enterprise Value/EBITDA 7": "N/A"}, "9/30/2013": {"Duration": "9/30/2013", "Market Cap (intraday) 5": "816.35M", "Enterprise Value 3": "16.37B", "Trailing P/E ": "N/A", "Forward P/E 1": "N/A", "PEG Ratio (5 yr expected) 1": "N/A", "Price/Sales (ttm)": "6.61", "Price/Book (mrq)": "2.84", "Enterprise Value/Revenue 3": "95.40", "Enterprise Value/EBITDA 7": "N/A"}}, "inside": {"Date": ["INSIDER NAME", "TITLE", "DATE", "TRANSATION", "SHARE", "PRICE", "AMOUNT"], "2021-03-08 19:58:34": ["BARRANCO DAVID", "SENIOR MANAGING DIRECTOR", "2021-03-04", "OPTION EXERCISE", "2,162", "0.00", "0"], "2021-03-08 19:56:53": ["EISMAN ROBERT BRYAN", "SR. MD & CAO", "2021-03-04", "OPTION EXERCISE", "1,813", "0.00", "0"], "2021-03-08 19:55:28": ["TRICK DAVID", "EXEC VP, CFO & TREASURER", "2021-03-04", "OPTION EXERCISE", "3,470", "0.00", "0"], "2021-03-08 19:52:44": ["LEBLANC CLAUDE", "CHIEF EXECUTIVE OFFICER", "2021-03-04", "OPTION EXERCISE", "9,342", "0.00", "0"], "2021-03-08 19:50:42": ["SMITH R SHARON", "SENIOR MANAGING DIRECTOR", "2021-03-04", "OPTION EXERCISE", "1,921", "0.00", "0"], "2021-03-08 19:49:01": ["REILLY MICHAEL FRANCIS", "SENIOR MANAGING DIRECTOR", "2021-03-04", "OPTION EXERCISE", "1,723", "0.00", "0"], "2021-03-08 19:47:08": ["KSENAK STEPHEN MICHAEL", "SR. MD & GENERAL COUNSEL", "2021-03-04", "OPTION EXERCISE", "2,389", "0.00", "0"], "2021-03-03 16:08:27": ["TRICK DAVID", "EXEC VP, CFO & TREASURER", "2021-03-01", "OPTION EXERCISE", "38,289", "0.00", "0"], "2021-03-03 16:07:20": ["LEBLANC CLAUDE", "CHIEF EXECUTIVE OFFICER", "2021-03-01", "OPTION EXERCISE", "258,449", "0.00", "0"], "2021-03-03 16:06:17": ["KSENAK STEPHEN MICHAEL", "SR. MD & GENERAL COUNSEL", "2021-03-01", "OPTION EXERCISE", "31,109", "0.00", "0"], "2021-03-03 16:05:13": ["REILLY MICHAEL FRANCIS", "SENIOR MANAGING DIRECTOR", "2021-03-01", "OPTION EXERCISE", "26,323", "0.00", "0"], "2021-03-03 16:04:10": ["BARRANCO DAVID", "SENIOR MANAGING DIRECTOR", "2021-03-01", "OPTION EXERCISE", "28,717", "0.00", "0"], "2021-03-03 16:03:03": ["SMITH R SHARON", "SENIOR MANAGING DIRECTOR", "2021-03-01", "OPTION EXERCISE", "28,717", "0.00", "0"], "2021-03-03 16:02:05": ["EISMAN ROBERT BRYAN", "SR. MD & CAO", "2021-03-01", "OPTION EXERCISE", "23,931", "0.00", "0"], "2021-01-04 16:13:13": ["REILLY MICHAEL FRANCIS", "SENIOR MANAGING DIRECTOR", "2021-01-02", "OPTION EXERCISE", "3,411", "0.00", "0"], "2021-01-04 16:11:09": ["BARRANCO DAVID", "SENIOR MANAGING DIRECTOR", "2021-01-02", "OPTION EXERCISE", "5,803", "0.00", "0"], "2021-01-04 16:09:35": ["EISMAN ROBERT BRYAN", "SR. MD & CAO", "2021-01-02", "OPTION EXERCISE", "2,786", "0.00", "0"], "2021-01-04 16:07:58": ["SMITH R SHARON", "SENIOR MANAGING DIRECTOR", "2021-01-02", "OPTION EXERCISE", "4,752", "0.00", "0"], "2021-01-04 16:06:24": ["KSENAK STEPHEN MICHAEL", "SR. MD & GENERAL COUNSEL", "2021-01-02", "OPTION EXERCISE", "4,966", "0.00", "0"], "2021-01-04 16:04:08": ["TRICK DAVID", "EXEC VP, CFO & TREASURER", "2021-01-02", "OPTION EXERCISE", "6,230", "0.00", "0"], "2021-01-04 16:02:20": ["LEBLANC CLAUDE", "CHIEF EXECUTIVE OFFICER", "2021-01-02", "OPTION EXERCISE", "28,549", "0.00", "0"]}}}, {"ITIC": {"quote": {"04/24/2021": {"value": "166.10", "Market Cap": "311.223M", "Beta (5Y Monthly)": "0.85", "PE Ratio (TTM)": "7.99", "EPS (TTM)": "20.80", "Earnings Date": "May 03, 2021 - May 07, 2021", "Forward Dividend & Yield": "1.76 (1.06%)", "Ex-Dividend Date": "Mar 22, 2021", "1y Target Est": "N/A"}}, "fin": {"TTM": {"Duration": "TTM", "Total Revenue": "278,585", "Total Expenses": "203,080", "Pretax Income": "75,505", "Tax Provision": "15,251", "Earnings from Equity Interest Net of Tax": "-", "Net Income Common Stockholders": "60,254", "Diluted NI Available to Com Stockholders": "60,254", "Basic EPS": "-", "Diluted EPS": "-", "Basic Average Shares": "-", "Diluted Average Shares": "-", "Net Income from Continuing & Discontinued Operation": "60,254", "Normalized Income": "60,254", "Rent Expense Supplemental": "-", "EBIT": "-", "Reconciled Depreciation": "278", "Net Income from Continuing Operation Net Minority Interest": "60,254", "Total Unusual Items Excluding Goodwill": "-", "Total Unusual Items": "-", "Tax Rate for Calcs": "0", "Tax Effect of Unusual Items": "0", "Interest Expense": "-"}, "12/31/2020": {"Duration": "12/31/2020", "Total Revenue": "236,408", "Total Expenses": "186,747", "Pretax Income": "49,661", "Tax Provision": "10,241", "Earnings from Equity Interest Net of Tax": "-", "Net Income Common Stockholders": "39,420", "Diluted NI Available to Com Stockholders": "39,420", "Basic EPS": "-", "Diluted EPS": "-", "Basic Average Shares": "-", "Diluted Average Shares": "-", "Net Income from Continuing & Discontinued Operation": "39,420", "Normalized Income": "39,420", "Rent Expense Supplemental": "-", "EBIT": "-", "Reconciled Depreciation": "297", "Net Income from Continuing Operation Net Minority Interest": "39,420", "Total Unusual Items Excluding Goodwill": "-", "Total Unusual Items": "-", "Tax Rate for Calcs": "0", "Tax Effect of Unusual Items": "0", "Interest Expense": "-"}, "12/31/2019": {"Duration": "12/31/2019", "Total Revenue": "183,502", "Total Expenses": "143,679", "Pretax Income": "39,823", "Tax Provision": "8,365", "Earnings from Equity Interest Net of Tax": "-", "Net Income Common Stockholders": "31,458", "Diluted NI Available to Com Stockholders": "31,458", "Basic EPS": "16.66", "Diluted EPS": "16.59", "Basic Average Shares": "1,888", "Diluted Average Shares": "1,896", "Net Income from Continuing & Discontinued Operation": "31,458", "Normalized Income": "31,458", "Rent Expense Supplemental": "-", "EBIT": "-", "Reconciled Depreciation": "238", "Net Income from Continuing Operation Net Minority Interest": "31,458", "Total Unusual Items Excluding Goodwill": "-", "Total Unusual Items": "-", "Tax Rate for Calcs": "0", "Tax Effect of Unusual Items": "0", "Interest Expense": "-"}, "12/31/2018": {"Duration": "12/31/2018", "Total Revenue": "156,259", "Total Expenses": "129,190", "Pretax Income": "27,069", "Tax Provision": "5,210", "Earnings from Equity Interest Net of Tax": "-", "Net Income Common Stockholders": "21,892", "Diluted NI Available to Com Stockholders": "21,892", "Basic EPS": "11.60", "Diluted EPS": "11.54", "Basic Average Shares": "1,887", "Diluted Average Shares": "1,897", "Net Income from Continuing & Discontinued Operation": "21,859", "Normalized Income": "21,859", "Rent Expense Supplemental": "-", "EBIT": "-", "Reconciled Depreciation": "2,234", "Net Income from Continuing Operation Net Minority Interest": "21,859", "Total Unusual Items Excluding Goodwill": "-", "Total Unusual Items": "-", "Tax Rate for Calcs": "0", "Tax Effect of Unusual Items": "0", "Interest Expense": "-"}, "12/31/2017": {"Duration": "12/31/2017", "Total Revenue": "161,649", "Total Expenses": "131,379", "Pretax Income": "30,271", "Tax Provision": "4,570", "Earnings from Equity Interest Net of Tax": "-", "Net Income Common Stockholders": "25,707", "Diluted NI Available to Com Stockholders": "25,707", "Basic EPS": "13.63", "Diluted EPS": "13.56", "Basic Average Shares": "1,886", "Diluted Average Shares": "1,896", "Net Income from Continuing & Discontinued Operation": "25,701", "Normalized Income": "25,701", "Rent Expense Supplemental": "8,967", "EBIT": "-", "Reconciled Depreciation": "2,351", "Net Income from Continuing Operation Net Minority Interest": "25,701", "Total Unusual Items Excluding Goodwill": "-2,585", "Total Unusual Items": "-2,585", "Tax Rate for Calcs": "0", "Tax Effect of Unusual Items": "0", "Interest Expense": "-"}, "12/31/2016": {"Duration": "12/31/2016", "Total Revenue": "138,492", "Total Expenses": "110,361", "Pretax Income": "28,131", "Tax Provision": "8,616", "Earnings from Equity Interest Net of Tax": "-", "Net Income Common Stockholders": "19,523", "Diluted NI Available to Com Stockholders": "19,523", "Basic EPS": "10.23", "Diluted EPS": "10.19", "Basic Average Shares": "1,908", "Diluted Average Shares": "1,915", "Net Income from Continuing & Discontinued Operation": "19,515", "Normalized Income": "19,515", "Rent Expense Supplemental": "6,266", "EBIT": "-", "Reconciled Depreciation": "1,520", "Net Income from Continuing Operation Net Minority Interest": "19,515", "Total Unusual Items Excluding Goodwill": "-", "Total Unusual Items": "-", "Tax Rate for Calcs": "0", "Tax Effect of Unusual Items": "0", "Interest Expense": "-"}, "12/31/2015": {"Duration": "12/31/2015", "Total Revenue": "127,200", "Total Expenses": "109,423", "Pretax Income": "17,777", "Tax Provision": "5,228", "Earnings from Equity Interest Net of Tax": "-", "Net Income Common Stockholders": "12,534", "Diluted NI Available to Com Stockholders": "12,534", "Basic EPS": "6.32", "Diluted EPS": "6.30", "Basic Average Shares": "1,984", "Diluted Average Shares": "1,990", "Net Income from Continuing & Discontinued Operation": "12,549", "Normalized Income": "12,549", "Rent Expense Supplemental": "5,885", "EBIT": "-", "Reconciled Depreciation": "1,834", "Net Income from Continuing Operation Net Minority Interest": "12,549", "Total Unusual Items Excluding Goodwill": "-", "Total Unusual Items": "-", "Tax Rate for Calcs": "0", "Tax Effect of Unusual Items": "0", "Interest Expense": "-"}, "12/31/2014": {"Duration": "12/31/2014", "Total Revenue": "123,119", "Total Expenses": "109,631", "Pretax Income": "13,488", "Tax Provision": "3,816", "Earnings from Equity Interest Net of Tax": "-", "Net Income Common Stockholders": "9,649", "Diluted NI Available to Com Stockholders": "9,649", "Basic EPS": "4.75", "Diluted EPS": "4.74", "Basic Average Shares": "2,032", "Diluted Average Shares": "2,038", "Net Income from Continuing & Discontinued Operation": "9,672", "Normalized Income": "9,672", "Rent Expense Supplemental": "5,050", "EBIT": "-", "Reconciled Depreciation": "1,464", "Net Income from Continuing Operation Net Minority Interest": "9,672", "Total Unusual Items Excluding Goodwill": "-", "Total Unusual Items": "-", "Tax Rate for Calcs": "0", "Tax Effect of Unusual Items": "0", "Interest Expense": "-"}, "12/31/2013": {"Duration": "12/31/2013", "Total Revenue": "126,251", "Total Expenses": "104,709", "Pretax Income": "21,543", "Tax Provision": "6,746", "Earnings from Equity Interest Net of Tax": "-", "Net Income Common Stockholders": "14,708", "Diluted NI Available to Com Stockholders": "14,708", "Basic EPS": "7.15", "Diluted EPS": "7.08", "Basic Average Shares": "2,056", "Diluted Average Shares": "2,077", "Net Income from Continuing & Discontinued Operation": "14,797", "Normalized Income": "14,797", "Rent Expense Supplemental": "4,430", "EBIT": "-", "Reconciled Depreciation": "1,177", "Net Income from Continuing Operation Net Minority Interest": "14,797", "Total Unusual Items Excluding Goodwill": "-", "Total Unusual Items": "-", "Tax Rate for Calcs": "0", "Tax Effect of Unusual Items": "0", "Interest Expense": "-"}, "12/31/2012": {"Duration": "12/31/2012", "Total Revenue": "115,079", "Total Expenses": "98,999", "Pretax Income": "16,080", "Tax Provision": "4,889", "Earnings from Equity Interest Net of Tax": "-", "Net Income Common Stockholders": "11,102", "Diluted NI Available to Com Stockholders": "11,102", "Basic EPS": "5.33", "Diluted EPS": "5.24", "Basic Average Shares": "2,082", "Diluted Average Shares": "2,117", "Net Income from Continuing & Discontinued Operation": "11,191", "Normalized Income": "11,191", "Rent Expense Supplemental": "3,937", "EBIT": "-", "Reconciled Depreciation": "954.928", "Net Income from Continuing Operation Net Minority Interest": "11,191", "Total Unusual Items Excluding Goodwill": "-", "Total Unusual Items": "-", "Tax Rate for Calcs": "0", "Tax Effect of Unusual Items": "0", "Interest Expense": "-"}, "12/31/2011": {"Duration": "12/31/2011", "Total Revenue": "90,685", "Total Expenses": "81,186", "Pretax Income": "9,499", "Tax Provision": "2,565", "Earnings from Equity Interest Net of Tax": "-", "Net Income Common Stockholders": "6,934", "Diluted NI Available to Com Stockholders": "6,934", "Basic EPS": "3.22", "Diluted EPS": "3.20", "Basic Average Shares": "2,151", "Diluted Average Shares": "2,170", "Net Income from Continuing & Discontinued Operation": "6,934", "Normalized Income": "6,934", "Rent Expense Supplemental": "-", "EBIT": "-", "Reconciled Depreciation": "814.646", "Net Income from Continuing Operation Net Minority Interest": "6,934", "Total Unusual Items Excluding Goodwill": "-", "Total Unusual Items": "-", "Tax Rate for Calcs": "0", "Tax Effect of Unusual Items": "0", "Interest Expense": "-"}, "12/31/2010": {"Duration": "12/31/2010", "Total Revenue": "71,309", "Total Expenses": "62,694", "Pretax Income": "8,616", "Tax Provision": "2,243", "Earnings from Equity Interest Net of Tax": "-", "Net Income Common Stockholders": "6,373", "Diluted NI Available to Com Stockholders": "6,373", "Basic EPS": "2.79", "Diluted EPS": "2.78", "Basic Average Shares": "2,285", "Diluted Average Shares": "2,290", "Net Income from Continuing & Discontinued Operation": "6,373", "Normalized Income": "6,373", "Rent Expense Supplemental": "-", "EBIT": "-", "Reconciled Depreciation": "851.847", "Net Income from Continuing Operation Net Minority Interest": "6,373", "Total Unusual Items Excluding Goodwill": "-", "Total Unusual Items": "-", "Tax Rate for Calcs": "0", "Tax Effect of Unusual Items": "0", "Interest Expense": "-"}, "12/31/2009": {"Duration": "12/31/2009", "Total Revenue": "71,308", "Total Expenses": "65,392", "Pretax Income": "5,916", "Tax Provision": "1,087", "Earnings from Equity Interest Net of Tax": "-", "Net Income Common Stockholders": "4,829", "Diluted NI Available to Com Stockholders": "4,829", "Basic EPS": "2.11", "Diluted EPS": "2.10", "Basic Average Shares": "2,292", "Diluted Average Shares": "2,299", "Net Income from Continuing & Discontinued Operation": "4,829", "Normalized Income": "4,829", "Rent Expense Supplemental": "-", "EBIT": "-", "Reconciled Depreciation": "971.821", "Net Income from Continuing Operation Net Minority Interest": "4,829", "Total Unusual Items Excluding Goodwill": "-", "Total Unusual Items": "-", "Tax Rate for Calcs": "0", "Tax Effect of Unusual Items": "0", "Interest Expense": "-"}, "12/31/2008": {"Duration": "12/31/2008", "Total Revenue": "71,123", "Total Expenses": "74,340", "Pretax Income": "-3,217", "Tax Provision": "-2,034", "Earnings from Equity Interest Net of Tax": "-", "Net Income Common Stockholders": "-1,183", "Diluted NI Available to Com Stockholders": "-1,183", "Basic EPS": "-0.50", "Diluted EPS": "-0.50", "Basic Average Shares": "2,364", "Diluted Average Shares": "2,364", "Net Income from Continuing & Discontinued Operation": "-1,183", "Normalized Income": "-1,183", "Rent Expense Supplemental": "-", "EBIT": "-", "Reconciled Depreciation": "1,234", "Net Income from Continuing Operation Net Minority Interest": "-1,183", "Total Unusual Items Excluding Goodwill": "-", "Total Unusual Items": "-", "Tax Rate for Calcs": "0", "Tax Effect of Unusual Items": "0", "Interest Expense": "-"}, "12/31/2007": {"Duration": "12/31/2007", "Total Revenue": "84,942", "Total Expenses": "73,118", "Pretax Income": "11,824", "Tax Provision": "3,422", "Earnings from Equity Interest Net of Tax": "-", "Net Income Common Stockholders": "8,402", "Diluted NI Available to Com Stockholders": "8,402", "Basic EPS": "3.39", "Diluted EPS": "3.35", "Basic Average Shares": "2,479", "Diluted Average Shares": "2,509", "Net Income from Continuing & Discontinued Operation": "8,402", "Normalized Income": "8,402", "Rent Expense Supplemental": "-", "EBIT": "-", "Reconciled Depreciation": "1,476", "Net Income from Continuing Operation Net Minority Interest": "8,402", "Total Unusual Items Excluding Goodwill": "-", "Total Unusual Items": "-", "Tax Rate for Calcs": "0", "Tax Effect of Unusual Items": "0", "Interest Expense": "-"}, "12/31/2006": {"Duration": "12/31/2006", "Total Revenue": "84,662", "Total Expenses": "67,332", "Pretax Income": "17,329", "Tax Provision": "4,144", "Earnings from Equity Interest Net of Tax": "-", "Net Income Common Stockholders": "13,185", "Diluted NI Available to Com Stockholders": "13,185", "Basic EPS": "5.22", "Diluted EPS": "5.14", "Basic Average Shares": "2,528", "Diluted Average Shares": "2,564", "Net Income from Continuing & Discontinued Operation": "13,185", "Normalized Income": "13,185", "Rent Expense Supplemental": "-", "EBIT": "-", "Reconciled Depreciation": "1,344", "Net Income from Continuing Operation Net Minority Interest": "13,185", "Total Unusual Items Excluding Goodwill": "-", "Total Unusual Items": "-", "Tax Rate for Calcs": "0", "Tax Effect of Unusual Items": "0", "Interest Expense": "-"}, "12/31/2005": {"Duration": "12/31/2005", "Total Revenue": "87,864", "Total Expenses": "69,281", "Pretax Income": "18,583", "Tax Provision": "5,290", "Earnings from Equity Interest Net of Tax": "-", "Net Income Common Stockholders": "13,293", "Diluted NI Available to Com Stockholders": "13,293", "Basic EPS": "5.19", "Diluted EPS": "5.10", "Basic Average Shares": "2,560", "Diluted Average Shares": "2,608", "Net Income from Continuing & Discontinued Operation": "13,293", "Normalized Income": "13,293", "Rent Expense Supplemental": "-", "EBIT": "-", "Reconciled Depreciation": "1,090", "Net Income from Continuing Operation Net Minority Interest": "13,293", "Total Unusual Items Excluding Goodwill": "-", "Total Unusual Items": "-", "Tax Rate for Calcs": "0", "Tax Effect of Unusual Items": "0", "Interest Expense": "-"}, "12/31/2004": {"Duration": "12/31/2004", "Total Revenue": "79,841", "Total Expenses": "64,339", "Pretax Income": "15,502", "Tax Provision": "4,783", "Earnings from Equity Interest Net of Tax": "-", "Net Income Common Stockholders": "10,719", "Diluted NI Available to Com Stockholders": "10,719", "Basic EPS": "4.29", "Diluted EPS": "4.09", "Basic Average Shares": "2,497", "Diluted Average Shares": "2,621", "Net Income from Continuing & Discontinued Operation": "10,719", "Normalized Income": "10,719", "Rent Expense Supplemental": "-", "EBIT": "-", "Reconciled Depreciation": "1,013", "Net Income from Continuing Operation Net Minority Interest": "10,719", "Total Unusual Items Excluding Goodwill": "-", "Total Unusual Items": "-", "Tax Rate for Calcs": "0", "Tax Effect of Unusual Items": "0", "Interest Expense": "-"}, "12/31/2003": {"Duration": "12/31/2003", "Total Revenue": "90,830", "Total Expenses": "74,659", "Pretax Income": "16,171", "Tax Provision": "5,206", "Earnings from Equity Interest Net of Tax": "-", "Net Income Common Stockholders": "10,965", "Diluted NI Available to Com Stockholders": "10,965", "Basic EPS": "4.38", "Diluted EPS": "4.18", "Basic Average Shares": "2,504", "Diluted Average Shares": "2,624", "Net Income from Continuing & Discontinued Operation": "10,965", "Normalized Income": "10,965", "Rent Expense Supplemental": "-", "EBIT": "-", "Reconciled Depreciation": "874.961", "Net Income from Continuing Operation Net Minority Interest": "10,965", "Total Unusual Items Excluding Goodwill": "-", "Total Unusual Items": "-", "Tax Rate for Calcs": "0", "Tax Effect of Unusual Items": "0", "Interest Expense": "-"}, "12/31/2002": {"Duration": "12/31/2002", "Total Revenue": "73,247", "Total Expenses": "61,578", "Pretax Income": "11,669", "Tax Provision": "3,560", "Earnings from Equity Interest Net of Tax": "-", "Net Income Common Stockholders": "8,109", "Diluted NI Available to Com Stockholders": "8,109", "Basic EPS": "3.22", "Diluted EPS": "3.12", "Basic Average Shares": "2,517", "Diluted Average Shares": "2,598", "Net Income from Continuing & Discontinued Operation": "8,109", "Normalized Income": "8,109", "Rent Expense Supplemental": "-", "EBIT": "-", "Reconciled Depreciation": "986.894", "Net Income from Continuing Operation Net Minority Interest": "8,109", "Total Unusual Items Excluding Goodwill": "-", "Total Unusual Items": "-", "Tax Rate for Calcs": "0", "Tax Effect of Unusual Items": "0", "Interest Expense": "-"}, "12/31/2001": {"Duration": "12/31/2001", "Total Revenue": "64,472", "Total Expenses": "55,733", "Pretax Income": "8,739", "Tax Provision": "2,730", "Earnings from Equity Interest Net of Tax": "-", "Net Income Common Stockholders": "6,009", "Diluted NI Available to Com Stockholders": "6,009", "Basic EPS": "2.35", "Diluted EPS": "2.31", "Basic Average Shares": "2,554", "Diluted Average Shares": "2,600", "Net Income from Continuing & Discontinued Operation": "6,009", "Normalized Income": "6,009", "Rent Expense Supplemental": "-", "EBIT": "-", "Reconciled Depreciation": "1,414", "Net Income from Continuing Operation Net Minority Interest": "6,009", "Total Unusual Items Excluding Goodwill": "-", "Total Unusual Items": "-", "Tax Rate for Calcs": "0", "Tax Effect of Unusual Items": "0", "Interest Expense": "-"}, "12/31/2000": {"Duration": "12/31/2000", "Total Revenue": "42,230", "Total Expenses": "37,969", "Pretax Income": "4,260", "Tax Provision": "1,120", "Earnings from Equity Interest Net of Tax": "-", "Net Income Common Stockholders": "3,140", "Diluted NI Available to Com Stockholders": "3,140", "Basic EPS": "1.21", "Diluted EPS": "1.21", "Basic Average Shares": "2,595", "Diluted Average Shares": "2,601", "Net Income from Continuing & Discontinued Operation": "3,140", "Normalized Income": "3,140", "Rent Expense Supplemental": "-", "EBIT": "-", "Reconciled Depreciation": "794.689", "Net Income from Continuing Operation Net Minority Interest": "3,140", "Total Unusual Items Excluding Goodwill": "-", "Total Unusual Items": "-", "Tax Rate for Calcs": "0", "Tax Effect of Unusual Items": "0", "Interest Expense": "-"}, "12/31/1999": {"Duration": "12/31/1999", "Total Revenue": "47,367", "Total Expenses": "40,905", "Pretax Income": "6,461", "Tax Provision": "2,041", "Earnings from Equity Interest Net of Tax": "-", "Net Income Common Stockholders": "4,420", "Diluted NI Available to Com Stockholders": "4,420", "Basic EPS": "1.59", "Diluted EPS": "1.59", "Basic Average Shares": "2,777", "Diluted Average Shares": "2,786", "Net Income from Continuing & Discontinued Operation": "4,420", "Normalized Income": "4,420", "Rent Expense Supplemental": "-", "EBIT": "-", "Reconciled Depreciation": "470.843", "Net Income from Continuing Operation Net Minority Interest": "4,420", "Total Unusual Items Excluding Goodwill": "-", "Total Unusual Items": "-", "Tax Rate for Calcs": "0", "Tax Effect of Unusual Items": "0", "Interest Expense": "-"}, "12/31/1998": {"Duration": "12/31/1998", "Total Revenue": "48,476", "Total Expenses": "40,781", "Pretax Income": "7,696", "Tax Provision": "2,236", "Earnings from Equity Interest Net of Tax": "-", "Net Income Common Stockholders": "5,460", "Diluted NI Available to Com Stockholders": "5,460", "Basic EPS": "1.95", "Diluted EPS": "1.92", "Basic Average Shares": "2,806", "Diluted Average Shares": "2,841", "Net Income from Continuing & Discontinued Operation": "5,460", "Normalized Income": "5,460", "Rent Expense Supplemental": "-", "EBIT": "-", "Reconciled Depreciation": "393.026", "Net Income from Continuing Operation Net Minority Interest": "5,460", "Total Unusual Items Excluding Goodwill": "-", "Total Unusual Items": "-", "Tax Rate for Calcs": "0", "Tax Effect of Unusual Items": "0", "Interest Expense": "-"}, "12/31/1997": {"Duration": "12/31/1997", "Total Revenue": "32,391", "Total Expenses": "25,940", "Pretax Income": "6,451", "Tax Provision": "1,920", "Earnings from Equity Interest Net of Tax": "-", "Net Income Common Stockholders": "4,530", "Diluted NI Available to Com Stockholders": "4,530", "Basic EPS": "1.63", "Diluted EPS": "1.60", "Basic Average Shares": "2,782", "Diluted Average Shares": "2,827", "Net Income from Continuing & Discontinued Operation": "4,530", "Normalized Income": "4,530", "Rent Expense Supplemental": "-", "EBIT": "-", "Reconciled Depreciation": "346.547", "Net Income from Continuing Operation Net Minority Interest": "4,530", "Total Unusual Items Excluding Goodwill": "-", "Total Unusual Items": "-", "Tax Rate for Calcs": "0", "Tax Effect of Unusual Items": "0", "Interest Expense": "-"}, "12/31/1996": {"Duration": "12/31/1996", "Total Revenue": "22,991", "Total Expenses": "17,570", "Pretax Income": "5,422", "Tax Provision": "1,578", "Earnings from Equity Interest Net of Tax": "-", "Net Income Common Stockholders": "3,844", "Diluted NI Available to Com Stockholders": "3,844", "Basic EPS": "1.39", "Diluted EPS": "1.39", "Basic Average Shares": "2,772", "Diluted Average Shares": "2,800", "Net Income from Continuing & Discontinued Operation": "3,844", "Normalized Income": "3,844", "Rent Expense Supplemental": "-", "EBIT": "-", "Reconciled Depreciation": "328.682", "Net Income from Continuing Operation Net Minority Interest": "3,844", "Total Unusual Items Excluding Goodwill": "-", "Total Unusual Items": "-", "Tax Rate for Calcs": "0", "Tax Effect of Unusual Items": "0", "Interest Expense": "-"}, "12/31/1995": {"Duration": "12/31/1995", "Total Revenue": "17,366", "Total Expenses": "12,962", "Pretax Income": "4,404", "Tax Provision": "1,153", "Earnings from Equity Interest Net of Tax": "-", "Net Income Common Stockholders": "3,251", "Diluted NI Available to Com Stockholders": "3,251", "Basic EPS": "1.16", "Diluted EPS": "1.16", "Basic Average Shares": "2,805", "Diluted Average Shares": "2,840", "Net Income from Continuing & Discontinued Operation": "3,251", "Normalized Income": "3,251", "Rent Expense Supplemental": "-", "EBIT": "4,415", "Reconciled Depreciation": "307.649", "Net Income from Continuing Operation Net Minority Interest": "3,251", "Total Unusual Items Excluding Goodwill": "-", "Total Unusual Items": "-", "Tax Rate for Calcs": "0", "Tax Effect of Unusual Items": "0", "Interest Expense": "11.098"}, "12/31/1994": {"Duration": "12/31/1994", "Total Revenue": "16,900", "Total Expenses": "8,000", "Pretax Income": "0", "Tax Provision": "1,300", "Earnings from Equity Interest Net of Tax": "4,400", "Net Income Common Stockholders": "3,100", "Diluted NI Available to Com Stockholders": "3,100", "Basic EPS": "1.10", "Diluted EPS": "1.10", "Basic Average Shares": "2,818", "Diluted Average Shares": "2,818", "Net Income from Continuing & Discontinued Operation": "3,100", "Normalized Income": "3,100", "Rent Expense Supplemental": "-", "EBIT": "100", "Reconciled Depreciation": "300", "Net Income from Continuing Operation Net Minority Interest": "3,100", "Total Unusual Items Excluding Goodwill": "-", "Total Unusual Items": "-", "Tax Rate for Calcs": "0", "Tax Effect of Unusual Items": "0", "Interest Expense": "100"}, "12/31/1993": {"Duration": "12/31/1993", "Total Revenue": "2,600", "Total Expenses": "100", "Pretax Income": "0", "Tax Provision": "-100", "Earnings from Equity Interest Net of Tax": "2,200", "Net Income Common Stockholders": "2,300", "Diluted NI Available to Com Stockholders": "2,300", "Basic EPS": "0.81", "Diluted EPS": "0.81", "Basic Average Shares": "2,840", "Diluted Average Shares": "2,840", "Net Income from Continuing & Discontinued Operation": "2,300", "Normalized Income": "2,300", "Rent Expense Supplemental": "-", "EBIT": "100", "Reconciled Depreciation": "-", "Net Income from Continuing Operation Net Minority Interest": "2,300", "Total Unusual Items Excluding Goodwill": "-", "Total Unusual Items": "-", "Tax Rate for Calcs": "0", "Tax Effect of Unusual Items": "0", "Interest Expense": "100"}, "12/31/1992": {"Duration": "12/31/1992", "Total Revenue": "14,300", "Total Expenses": "2,700", "Pretax Income": "0", "Tax Provision": "500", "Earnings from Equity Interest Net of Tax": "2,000", "Net Income Common Stockholders": "-1,100", "Diluted NI Available to Com Stockholders": "-1,100", "Basic EPS": "-0.37", "Diluted EPS": "-0.37", "Basic Average Shares": "2,973", "Diluted Average Shares": "2,973", "Net Income from Continuing & Discontinued Operation": "1,500", "Normalized Income": "1,500", "Rent Expense Supplemental": "-", "EBIT": "100", "Reconciled Depreciation": "200", "Net Income from Continuing Operation Net Minority Interest": "1,500", "Total Unusual Items Excluding Goodwill": "-", "Total Unusual Items": "-", "Tax Rate for Calcs": "0", "Tax Effect of Unusual Items": "0", "Interest Expense": "100"}, "12/31/1991": {"Duration": "12/31/1991", "Total Revenue": "10,300", "Total Expenses": "6,400", "Pretax Income": "0", "Tax Provision": "200", "Earnings from Equity Interest Net of Tax": "1,000", "Net Income Common Stockholders": "800", "Diluted NI Available to Com Stockholders": "800", "Basic EPS": "0.28", "Diluted EPS": "0.28", "Basic Average Shares": "2,857", "Diluted Average Shares": "2,857", "Net Income from Continuing & Discontinued Operation": "800", "Normalized Income": "800", "Rent Expense Supplemental": "-", "EBIT": "-", "Reconciled Depreciation": "100", "Net Income from Continuing Operation Net Minority Interest": "800", "Total Unusual Items Excluding Goodwill": "-", "Total Unusual Items": "-", "Tax Rate for Calcs": "0", "Tax Effect of Unusual Items": "0", "Interest Expense": "-"}, "12/31/1990": {"Duration": "12/31/1990", "Total Revenue": "9,800", "Total Expenses": "1,500", "Pretax Income": "0", "Tax Provision": "300", "Earnings from Equity Interest Net of Tax": "1,800", "Net Income Common Stockholders": "1,500", "Diluted NI Available to Com Stockholders": "1,500", "Basic EPS": "0.51", "Diluted EPS": "0.51", "Basic Average Shares": "2,941", "Diluted Average Shares": "2,941", "Net Income from Continuing & Discontinued Operation": "1,500", "Normalized Income": "1,500", "Rent Expense Supplemental": "-", "EBIT": "-", "Reconciled Depreciation": "200", "Net Income from Continuing Operation Net Minority Interest": "1,500", "Total Unusual Items Excluding Goodwill": "-", "Total Unusual Items": "-", "Tax Rate for Calcs": "0", "Tax Effect of Unusual Items": "0", "Interest Expense": "-"}, "12/31/1989": {"Duration": "12/31/1989", "Total Revenue": "8,900", "Total Expenses": "1,100", "Pretax Income": "0", "Tax Provision": "300", "Earnings from Equity Interest Net of Tax": "1,700", "Net Income Common Stockholders": "1,400", "Diluted NI Available to Com Stockholders": "1,400", "Basic EPS": "0.50", "Diluted EPS": "0.50", "Basic Average Shares": "2,800", "Diluted Average Shares": "2,800", "Net Income from Continuing & Discontinued Operation": "1,400", "Normalized Income": "1,400", "Rent Expense Supplemental": "-", "EBIT": "-", "Reconciled Depreciation": "100", "Net Income from Continuing Operation Net Minority Interest": "1,400", "Total Unusual Items Excluding Goodwill": "-", "Total Unusual Items": "-", "Tax Rate for Calcs": "0", "Tax Effect of Unusual Items": "0", "Interest Expense": "-"}, "12/31/1988": {"Duration": "12/31/1988", "Total Revenue": "9,100", "Total Expenses": "300", "Pretax Income": "0", "Tax Provision": "600", "Earnings from Equity Interest Net of Tax": "2,300", "Net Income Common Stockholders": "1,700", "Diluted NI Available to Com Stockholders": "1,700", "Basic EPS": "0.59", "Diluted EPS": "0.59", "Basic Average Shares": "2,881", "Diluted Average Shares": "2,881", "Net Income from Continuing & Discontinued Operation": "1,700", "Normalized Income": "1,700", "Rent Expense Supplemental": "-", "EBIT": "300", "Reconciled Depreciation": "-", "Net Income from Continuing Operation Net Minority Interest": "1,700", "Total Unusual Items Excluding Goodwill": "-", "Total Unusual Items": "-", "Tax Rate for Calcs": "0", "Tax Effect of Unusual Items": "0", "Interest Expense": "300"}, "12/31/1987": {"Duration": "12/31/1987", "Total Revenue": "10,000", "Total Expenses": "-", "Pretax Income": "0", "Tax Provision": "500", "Earnings from Equity Interest Net of Tax": "3,000", "Net Income Common Stockholders": "2,500", "Diluted NI Available to Com Stockholders": "2,500", "Basic EPS": "0.89", "Diluted EPS": "0.89", "Basic Average Shares": "2,809", "Diluted Average Shares": "2,809", "Net Income from Continuing & Discontinued Operation": "2,500", "Normalized Income": "2,500", "Rent Expense Supplemental": "-", "EBIT": "-", "Reconciled Depreciation": "-", "Net Income from Continuing Operation Net Minority Interest": "2,500", "Total Unusual Items Excluding Goodwill": "-", "Total Unusual Items": "-", "Tax Rate for Calcs": "0", "Tax Effect of Unusual Items": "0", "Interest Expense": "-"}, "12/31/1986": {"Duration": "12/31/1986", "Total Revenue": "8,900", "Total Expenses": "-", "Pretax Income": "0", "Tax Provision": "1,400", "Earnings from Equity Interest Net of Tax": "3,200", "Net Income Common Stockholders": "1,800", "Diluted NI Available to Com Stockholders": "1,800", "Basic EPS": "0.26", "Diluted EPS": "0.26", "Basic Average Shares": "8,789", "Diluted Average Shares": "8,789", "Net Income from Continuing & Discontinued Operation": "1,800", "Normalized Income": "1,800", "Rent Expense Supplemental": "-", "EBIT": "-", "Reconciled Depreciation": "-", "Net Income from Continuing Operation Net Minority Interest": "1,800", "Total Unusual Items Excluding Goodwill": "-", "Total Unusual Items": "-", "Tax Rate for Calcs": "0", "Tax Effect of Unusual Items": "0", "Interest Expense": "-"}, "12/31/1985": {"Duration": "12/31/1985", "Total Revenue": "6,200", "Total Expenses": "100", "Pretax Income": "0", "Tax Provision": "1,000", "Earnings from Equity Interest Net of Tax": "2,200", "Net Income Common Stockholders": "1,200", "Diluted NI Available to Com Stockholders": "1,200", "Basic EPS": "0.13", "Diluted EPS": "0.13", "Basic Average Shares": "8,929", "Diluted Average Shares": "8,929", "Net Income from Continuing & Discontinued Operation": "1,200", "Normalized Income": "1,200", "Rent Expense Supplemental": "-", "EBIT": "100", "Reconciled Depreciation": "-", "Net Income from Continuing Operation Net Minority Interest": "1,200", "Total Unusual Items Excluding Goodwill": "-", "Total Unusual Items": "-", "Tax Rate for Calcs": "0", "Tax Effect of Unusual Items": "0", "Interest Expense": "100"}}, "bs": {"12/31/2020": {"Duration": "12/31/2020", "Total Assets": "282,925", "Total Liabilities Net Minority Interest": "82,503", "Total Equity Gross Minority Interest": "200,422", "Total Capitalization": "200,422", "Common Stock Equity": "200,422", "Capital Lease Obligations": "3,669", "Net Tangible Assets": "190,651", "Invested Capital": "200,422", "Tangible Book Value": "190,651", "Total Debt": "3,669", "Net Debt": "-", "Share Issued": "2,184", "Ordinary Shares Number": "1,892", "Treasury Shares Number": "292"}, "12/31/2019": {"Duration": "12/31/2019", "Total Assets": "263,893", "Total Liabilities Net Minority Interest": "72,531", "Total Equity Gross Minority Interest": "191,362", "Total Capitalization": "191,362", "Common Stock Equity": "191,362", "Capital Lease Obligations": "4,502", "Net Tangible Assets": "181,087", "Invested Capital": "191,362", "Tangible Book Value": "181,087", "Total Debt": "4,502", "Net Debt": "-", "Share Issued": "2,179", "Ordinary Shares Number": "1,887", "Treasury Shares Number": "292"}, "12/31/2018": {"Duration": "12/31/2018", "Total Assets": "244,268", "Total Liabilities Net Minority Interest": "68,629", "Total Equity Gross Minority Interest": "175,639", "Total Capitalization": "175,639", "Common Stock Equity": "175,639", "Capital Lease Obligations": "-", "Net Tangible Assets": "164,859", "Invested Capital": "175,639", "Tangible Book Value": "164,859", "Total Debt": "-", "Net Debt": "-", "Share Issued": "2,179", "Ordinary Shares Number": "1,887", "Treasury Shares Number": "292"}, "12/31/2017": {"Duration": "12/31/2017", "Total Assets": "248,913", "Total Liabilities Net Minority Interest": "70,992", "Total Equity Gross Minority Interest": "177,920", "Total Capitalization": "177,835", "Common Stock Equity": "177,835", "Capital Lease Obligations": "-", "Net Tangible Assets": "166,478", "Invested Capital": "177,835", "Tangible Book Value": "166,478", "Total Debt": "-", "Net Debt": "-", "Share Issued": "2,178", "Ordinary Shares Number": "1,886", "Treasury Shares Number": "291.676"}, "12/31/2016": {"Duration": "12/31/2016", "Total Assets": "228,938", "Total Liabilities Net Minority Interest": "73,802", "Total Equity Gross Minority Interest": "155,136", "Total Capitalization": "155,045", "Common Stock Equity": "155,045", "Capital Lease Obligations": "-", "Net Tangible Assets": "142,788", "Invested Capital": "155,045", "Tangible Book Value": "142,788", "Total Debt": "-", "Net Debt": "-", "Share Issued": "2,176", "Ordinary Shares Number": "1,884", "Treasury Shares Number": "291.676"}, "12/31/2015": {"Duration": "12/31/2015", "Total Assets": "211,522", "Total Liabilities Net Minority Interest": "68,745", "Total Equity Gross Minority Interest": "142,777", "Total Capitalization": "142,670", "Common Stock Equity": "142,670", "Capital Lease Obligations": "-", "Net Tangible Assets": "141,449", "Invested Capital": "142,670", "Tangible Book Value": "141,449", "Total Debt": "-", "Net Debt": "-", "Share Issued": "2,241", "Ordinary Shares Number": "1,950", "Treasury Shares Number": "291.676"}, "12/31/2014": {"Duration": "12/31/2014", "Total Assets": "198,039", "Total Liabilities Net Minority Interest": "60,476", "Total Equity Gross Minority Interest": "137,564", "Total Capitalization": "137,564", "Common Stock Equity": "137,564", "Capital Lease Obligations": "-", "Net Tangible Assets": "136,273", "Invested Capital": "137,564", "Tangible Book Value": "136,273", "Total Debt": "-", "Net Debt": "-", "Share Issued": "2,315", "Ordinary Shares Number": "2,023", "Treasury Shares Number": "291.676"}, "12/31/2013": {"Duration": "12/31/2013", "Total Assets": "188,306", "Total Liabilities Net Minority Interest": "60,244", "Total Equity Gross Minority Interest": "128,062", "Total Capitalization": "128,062", "Common Stock Equity": "128,062", "Capital Lease Obligations": "-", "Net Tangible Assets": "126,702", "Invested Capital": "128,062", "Tangible Book Value": "126,702", "Total Debt": "-", "Net Debt": "-", "Share Issued": "2,329", "Ordinary Shares Number": "2,037", "Treasury Shares Number": "291.676"}, "12/31/2012": {"Duration": "12/31/2012", "Total Assets": "171,918", "Total Liabilities Net Minority Interest": "57,279", "Total Equity Gross Minority Interest": "114,639", "Total Capitalization": "114,639", "Common Stock Equity": "114,639", "Capital Lease Obligations": "-", "Net Tangible Assets": "113,209", "Invested Capital": "114,639", "Tangible Book Value": "113,209", "Total Debt": "-", "Net Debt": "-", "Share Issued": "2,043", "Ordinary Shares Number": "2,043", "Treasury Shares Number": "-"}, "12/31/2011": {"Duration": "12/31/2011", "Total Assets": "157,958", "Total Liabilities Net Minority Interest": "51,446", "Total Equity Gross Minority Interest": "106,512", "Total Capitalization": "106,512", "Common Stock Equity": "106,512", "Capital Lease Obligations": "-", "Net Tangible Assets": "106,512", "Invested Capital": "106,512", "Tangible Book Value": "106,512", "Total Debt": "-", "Net Debt": "-", "Share Issued": "2,108", "Ordinary Shares Number": "2,108", "Treasury Shares Number": "-"}, "12/31/2010": {"Duration": "12/31/2010", "Total Assets": "153,485", "Total Liabilities Net Minority Interest": "49,557", "Total Equity Gross Minority Interest": "103,929", "Total Capitalization": "103,929", "Common Stock Equity": "103,929", "Capital Lease Obligations": "-", "Net Tangible Assets": "103,929", "Invested Capital": "103,929", "Tangible Book Value": "103,929", "Total Debt": "-", "Net Debt": "-", "Share Issued": "2,283", "Ordinary Shares Number": "2,283", "Treasury Shares Number": "-"}, "12/31/2009": {"Duration": "12/31/2009", "Total Assets": "146,428", "Total Liabilities Net Minority Interest": "49,169", "Total Equity Gross Minority Interest": "97,259", "Total Capitalization": "97,259", "Common Stock Equity": "97,259", "Capital Lease Obligations": "-", "Net Tangible Assets": "97,259", "Invested Capital": "97,259", "Tangible Book Value": "97,259", "Total Debt": "-", "Net Debt": "-", "Share Issued": "2,285", "Ordinary Shares Number": "2,285", "Treasury Shares Number": "-"}, "12/31/2008": {"Duration": "12/31/2008", "Total Assets": "139,858", "Total Liabilities Net Minority Interest": "50,000", "Total Equity Gross Minority Interest": "89,858", "Total Capitalization": "89,858", "Common Stock Equity": "89,858", "Capital Lease Obligations": "-", "Net Tangible Assets": "89,858", "Invested Capital": "89,858", "Tangible Book Value": "89,858", "Total Debt": "-", "Net Debt": "-", "Share Issued": "2,299", "Ordinary Shares Number": "2,299", "Treasury Shares Number": "-"}, "12/31/2007": {"Duration": "12/31/2007", "Total Assets": "149,642", "Total Liabilities Net Minority Interest": "50,367", "Total Equity Gross Minority Interest": "99,276", "Total Capitalization": "99,276", "Common Stock Equity": "99,276", "Capital Lease Obligations": "-", "Net Tangible Assets": "99,276", "Invested Capital": "99,276", "Tangible Book Value": "99,276", "Total Debt": "-", "Net Debt": "-", "Share Issued": "2,411", "Ordinary Shares Number": "2,411", "Treasury Shares Number": "-"}, "12/31/2006": {"Duration": "12/31/2006", "Total Assets": "143,516", "Total Liabilities Net Minority Interest": "48,241", "Total Equity Gross Minority Interest": "95,276", "Total Capitalization": "95,276", "Common Stock Equity": "95,276", "Capital Lease Obligations": "-", "Net Tangible Assets": "95,276", "Invested Capital": "95,276", "Tangible Book Value": "95,276", "Total Debt": "-", "Net Debt": "-", "Share Issued": "2,507", "Ordinary Shares Number": "2,507", "Treasury Shares Number": "-"}, "12/31/2005": {"Duration": "12/31/2005", "Total Assets": "128,472", "Total Liabilities Net Minority Interest": "44,174", "Total Equity Gross Minority Interest": "84,297", "Total Capitalization": "84,297", "Common Stock Equity": "84,297", "Capital Lease Obligations": "-", "Net Tangible Assets": "84,297", "Invested Capital": "84,297", "Tangible Book Value": "84,297", "Total Debt": "-", "Net Debt": "-", "Share Issued": "2,856", "Ordinary Shares Number": "2,856", "Treasury Shares Number": "-"}, "12/31/2004": {"Duration": "12/31/2004", "Total Assets": "113,187", "Total Liabilities Net Minority Interest": "40,679", "Total Equity Gross Minority Interest": "72,507", "Total Capitalization": "72,507", "Common Stock Equity": "72,507", "Capital Lease Obligations": "-", "Net Tangible Assets": "72,507", "Invested Capital": "72,507", "Tangible Book Value": "72,507", "Total Debt": "-", "Net Debt": "-", "Share Issued": "2,856", "Ordinary Shares Number": "2,856", "Treasury Shares Number": "-"}, "12/31/2003": {"Duration": "12/31/2003", "Total Assets": "100,472", "Total Liabilities Net Minority Interest": "37,283", "Total Equity Gross Minority Interest": "63,189", "Total Capitalization": "63,189", "Common Stock Equity": "63,189", "Capital Lease Obligations": "-", "Net Tangible Assets": "63,189", "Invested Capital": "63,189", "Tangible Book Value": "63,189", "Total Debt": "-", "Net Debt": "-", "Share Issued": "3,206", "Ordinary Shares Number": "3,206", "Treasury Shares Number": "-"}, "12/31/2002": {"Duration": "12/31/2002", "Total Assets": "84,637", "Total Liabilities Net Minority Interest": "31,969", "Total Equity Gross Minority Interest": "52,668", "Total Capitalization": "52,668", "Common Stock Equity": "52,668", "Capital Lease Obligations": "-", "Net Tangible Assets": "52,668", "Invested Capital": "52,668", "Tangible Book Value": "52,668", "Total Debt": "-", "Net Debt": "-", "Share Issued": "2,516", "Ordinary Shares Number": "2,516", "Treasury Shares Number": "-"}, "12/31/2001": {"Duration": "12/31/2001", "Total Assets": "70,220", "Total Liabilities Net Minority Interest": "25,948", "Total Equity Gross Minority Interest": "44,272", "Total Capitalization": "44,272", "Common Stock Equity": "44,272", "Capital Lease Obligations": "-", "Net Tangible Assets": "44,272", "Invested Capital": "44,272", "Tangible Book Value": "44,272", "Total Debt": "-", "Net Debt": "-", "Share Issued": "2,516", "Ordinary Shares Number": "2,516", "Treasury Shares Number": "-"}, "12/31/2000": {"Duration": "12/31/2000", "Total Assets": "59,339", "Total Liabilities Net Minority Interest": "20,149", "Total Equity Gross Minority Interest": "39,190", "Total Capitalization": "39,190", "Common Stock Equity": "39,190", "Capital Lease Obligations": "-", "Net Tangible Assets": "39,190", "Invested Capital": "39,190", "Tangible Book Value": "39,190", "Total Debt": "-", "Net Debt": "-", "Share Issued": "2,567", "Ordinary Shares Number": "2,567", "Treasury Shares Number": "-"}, "12/31/1999": {"Duration": "12/31/1999", "Total Assets": "55,157", "Total Liabilities Net Minority Interest": "17,655", "Total Equity Gross Minority Interest": "37,502", "Total Capitalization": "37,502", "Common Stock Equity": "37,502", "Capital Lease Obligations": "-", "Net Tangible Assets": "37,502", "Invested Capital": "37,502", "Tangible Book Value": "37,502", "Total Debt": "-", "Net Debt": "-", "Share Issued": "2,737", "Ordinary Shares Number": "2,737", "Treasury Shares Number": "-"}, "12/31/1998": {"Duration": "12/31/1998", "Total Assets": "51,598", "Total Liabilities Net Minority Interest": "15,269", "Total Equity Gross Minority Interest": "36,329", "Total Capitalization": "36,329", "Common Stock Equity": "36,329", "Capital Lease Obligations": "-", "Net Tangible Assets": "36,329", "Invested Capital": "36,329", "Tangible Book Value": "36,329", "Total Debt": "-", "Net Debt": "-", "Share Issued": "2,809", "Ordinary Shares Number": "2,809", "Treasury Shares Number": "-"}, "12/31/1997": {"Duration": "12/31/1997", "Total Assets": "41,293", "Total Liabilities Net Minority Interest": "10,164", "Total Equity Gross Minority Interest": "31,129", "Total Capitalization": "31,129", "Common Stock Equity": "31,129", "Capital Lease Obligations": "-", "Net Tangible Assets": "31,129", "Invested Capital": "31,129", "Tangible Book Value": "31,129", "Total Debt": "-", "Net Debt": "-", "Share Issued": "2,800", "Ordinary Shares Number": "2,800", "Treasury Shares Number": "-"}, "12/31/1996": {"Duration": "12/31/1996", "Total Assets": "33,643", "Total Liabilities Net Minority Interest": "7,654", "Total Equity Gross Minority Interest": "25,988", "Total Capitalization": "25,988", "Common Stock Equity": "25,988", "Capital Lease Obligations": "-", "Net Tangible Assets": "25,988", "Invested Capital": "25,988", "Tangible Book Value": "25,988", "Total Debt": "-", "Net Debt": "-", "Share Issued": "2,768", "Ordinary Shares Number": "2,768", "Treasury Shares Number": "-"}, "12/31/1995": {"Duration": "12/31/1995", "Total Assets": "28,224", "Total Liabilities Net Minority Interest": "6,014", "Total Equity Gross Minority Interest": "22,210", "Total Capitalization": "22,210", "Common Stock Equity": "22,210", "Capital Lease Obligations": "-", "Net Tangible Assets": "22,210", "Invested Capital": "22,210", "Tangible Book Value": "22,210", "Total Debt": "-", "Net Debt": "-", "Share Issued": "2,791", "Ordinary Shares Number": "2,791", "Treasury Shares Number": "-"}, "12/31/1994": {"Duration": "12/31/1994", "Total Assets": "24,200", "Total Liabilities Net Minority Interest": "5,600", "Total Equity Gross Minority Interest": "18,600", "Total Capitalization": "19,100", "Common Stock Equity": "18,600", "Capital Lease Obligations": "-", "Net Tangible Assets": "18,600", "Invested Capital": "19,100", "Tangible Book Value": "18,600", "Total Debt": "500", "Net Debt": "500", "Share Issued": "2,856", "Ordinary Shares Number": "2,856", "Treasury Shares Number": "-"}, "12/31/1993": {"Duration": "12/31/1993", "Total Assets": "17,900", "Total Liabilities Net Minority Interest": "2,000", "Total Equity Gross Minority Interest": "15,900", "Total Capitalization": "15,900", "Common Stock Equity": "15,900", "Capital Lease Obligations": "-", "Net Tangible Assets": "15,900", "Invested Capital": "15,900", "Tangible Book Value": "15,900", "Total Debt": "-", "Net Debt": "-", "Share Issued": "2,856", "Ordinary Shares Number": "2,856", "Treasury Shares Number": "-"}, "12/31/1992": {"Duration": "12/31/1992", "Total Assets": "21,300", "Total Liabilities Net Minority Interest": "7,400", "Total Equity Gross Minority Interest": "13,900", "Total Capitalization": "16,900", "Common Stock Equity": "13,900", "Capital Lease Obligations": "-", "Net Tangible Assets": "13,900", "Invested Capital": "16,900", "Tangible Book Value": "13,900", "Total Debt": "3,000", "Net Debt": "3,000", "Share Issued": "2,856", "Ordinary Shares Number": "2,856", "Treasury Shares Number": "-"}, "12/31/1991": {"Duration": "12/31/1991", "Total Assets": "17,700", "Total Liabilities Net Minority Interest": "2,700", "Total Equity Gross Minority Interest": "15,000", "Total Capitalization": "15,000", "Common Stock Equity": "15,000", "Capital Lease Obligations": "-", "Net Tangible Assets": "15,000", "Invested Capital": "15,000", "Tangible Book Value": "15,000", "Total Debt": "-", "Net Debt": "-", "Share Issued": "2,856", "Ordinary Shares Number": "2,856", "Treasury Shares Number": "-"}, "12/31/1990": {"Duration": "12/31/1990", "Total Assets": "16,500", "Total Liabilities Net Minority Interest": "2,300", "Total Equity Gross Minority Interest": "14,200", "Total Capitalization": "14,200", "Common Stock Equity": "14,200", "Capital Lease Obligations": "-", "Net Tangible Assets": "14,200", "Invested Capital": "14,200", "Tangible Book Value": "14,200", "Total Debt": "-", "Net Debt": "-", "Share Issued": "2,856", "Ordinary Shares Number": "2,856", "Treasury Shares Number": "-"}, "12/31/1989": {"Duration": "12/31/1989", "Total Assets": "15,100", "Total Liabilities Net Minority Interest": "2,200", "Total Equity Gross Minority Interest": "12,900", "Total Capitalization": "12,900", "Common Stock Equity": "12,900", "Capital Lease Obligations": "-", "Net Tangible Assets": "12,900", "Invested Capital": "12,900", "Tangible Book Value": "12,900", "Total Debt": "-", "Net Debt": "-", "Share Issued": "2,856", "Ordinary Shares Number": "2,856", "Treasury Shares Number": "-"}, "12/31/1988": {"Duration": "12/31/1988", "Total Assets": "13,700", "Total Liabilities Net Minority Interest": "2,100", "Total Equity Gross Minority Interest": "11,600", "Total Capitalization": "11,600", "Common Stock Equity": "11,600", "Capital Lease Obligations": "-", "Net Tangible Assets": "11,600", "Invested Capital": "11,600", "Tangible Book Value": "11,600", "Total Debt": "-", "Net Debt": "-", "Share Issued": "2,856", "Ordinary Shares Number": "2,856", "Treasury Shares Number": "-"}, "12/31/1987": {"Duration": "12/31/1987", "Total Assets": "11,700", "Total Liabilities Net Minority Interest": "1,700", "Total Equity Gross Minority Interest": "10,000", "Total Capitalization": "10,000", "Common Stock Equity": "10,000", "Capital Lease Obligations": "-", "Net Tangible Assets": "10,000", "Invested Capital": "10,000", "Tangible Book Value": "10,000", "Total Debt": "-", "Net Debt": "-", "Share Issued": "2,832", "Ordinary Shares Number": "2,832", "Treasury Shares Number": "-"}, "12/31/1986": {"Duration": "12/31/1986", "Total Assets": "9,900", "Total Liabilities Net Minority Interest": "2,300", "Total Equity Gross Minority Interest": "7,600", "Total Capitalization": "7,800", "Common Stock Equity": "7,600", "Capital Lease Obligations": "-", "Net Tangible Assets": "7,600", "Invested Capital": "7,800", "Tangible Book Value": "7,600", "Total Debt": "200", "Net Debt": "200", "Share Issued": "2,788", "Ordinary Shares Number": "2,788", "Treasury Shares Number": "-"}, "12/31/1985": {"Duration": "12/31/1985", "Total Assets": "7,900", "Total Liabilities Net Minority Interest": "2,100", "Total Equity Gross Minority Interest": "5,800", "Total Capitalization": "6,400", "Common Stock Equity": "5,800", "Capital Lease Obligations": "-", "Net Tangible Assets": "5,800", "Invested Capital": "6,400", "Tangible Book Value": "5,800", "Total Debt": "600", "Net Debt": "600", "Share Issued": "2,788", "Ordinary Shares Number": "2,788", "Treasury Shares Number": "-"}}, "cf": {"TTM": {"Duration": "TTM", "Operating Cash Flow": "4,799", "Investing Cash Flow": "31,917", "Financing Cash Flow": "-32,821", "Other Cash Adjustment Inside Change in Cash": "-", "End Cash Position": "29,219", "Income Tax Paid Supplemental Data": "-", "Capital Expenditure": "-1,067", "Issuance of Capital Stock": "-", "Issuance of Debt": "-", "Repayment of Debt": "-", "Repurchase of Capital Stock": "-", "Free Cash Flow": "3,732"}, "12/31/2020": {"Duration": "12/31/2020", "Operating Cash Flow": "-1,440", "Investing Cash Flow": "28,290", "Financing Cash Flow": "-32,821", "Other Cash Adjustment Inside Change in Cash": "-", "End Cash Position": "3,680", "Income Tax Paid Supplemental Data": "10,113", "Capital Expenditure": "-97", "Issuance of Capital Stock": "-", "Issuance of Debt": "-", "Repayment of Debt": "-", "Repurchase of Capital Stock": "-6", "Free Cash Flow": "-1,537"}, "12/31/2019": {"Duration": "12/31/2019", "Operating Cash Flow": "1,703", "Investing Cash Flow": "25,158", "Financing Cash Flow": "-18,750", "Other Cash Adjustment Inside Change in Cash": "-", "End Cash Position": "9,651", "Income Tax Paid Supplemental Data": "9,472", "Capital Expenditure": "-12", "Issuance of Capital Stock": "-", "Issuance of Debt": "-", "Repayment of Debt": "-", "Repurchase of Capital Stock": "-19", "Free Cash Flow": "1,691"}, "12/31/2018": {"Duration": "12/31/2018", "Operating Cash Flow": "24,386", "Investing Cash Flow": "-2,807", "Financing Cash Flow": "-23,099", "Other Cash Adjustment Inside Change in Cash": "-", "End Cash Position": "18,694", "Income Tax Paid Supplemental Data": "5,462", "Capital Expenditure": "-1,859", "Issuance of Capital Stock": "-", "Issuance of Debt": "0", "Repayment of Debt": "0", "Repurchase of Capital Stock": "-29", "Free Cash Flow": "22,527"}, "12/31/2017": {"Duration": "12/31/2017", "Operating Cash Flow": "19,893", "Investing Cash Flow": "-20,288", "Financing Cash Flow": "-7,319", "Other Cash Adjustment Inside Change in Cash": "-", "End Cash Position": "20,214", "Income Tax Paid Supplemental Data": "11,539", "Capital Expenditure": "-2,883", "Issuance of Capital Stock": "-", "Issuance of Debt": "-", "Repayment of Debt": "-", "Repurchase of Capital Stock": "-244.831", "Free Cash Flow": "17,010"}, "12/31/2016": {"Duration": "12/31/2016", "Operating Cash Flow": "22,535", "Investing Cash Flow": "-8,839", "Financing Cash Flow": "-7,558", "Other Cash Adjustment Inside Change in Cash": "-", "End Cash Position": "27,928", "Income Tax Paid Supplemental Data": "5,068", "Capital Expenditure": "-2,457", "Issuance of Capital Stock": "-", "Issuance of Debt": "6,000", "Repayment of Debt": "-6,000", "Repurchase of Capital Stock": "-6,220", "Free Cash Flow": "20,078"}, "12/31/2015": {"Duration": "12/31/2015", "Operating Cash Flow": "16,890", "Investing Cash Flow": "-4,699", "Financing Cash Flow": "-6,227", "Other Cash Adjustment Inside Change in Cash": "-", "End Cash Position": "21,790", "Income Tax Paid Supplemental Data": "4,658", "Capital Expenditure": "-2,743", "Issuance of Capital Stock": "-", "Issuance of Debt": "-", "Repayment of Debt": "-", "Repurchase of Capital Stock": "-5,484", "Free Cash Flow": "14,147"}, "12/31/2014": {"Duration": "12/31/2014", "Operating Cash Flow": "9,684", "Investing Cash Flow": "-15,653", "Financing Cash Flow": "-1,831", "Other Cash Adjustment Inside Change in Cash": "-", "End Cash Position": "15,827", "Income Tax Paid Supplemental Data": "2,744", "Capital Expenditure": "-2,017", "Issuance of Capital Stock": "-", "Issuance of Debt": "-", "Repayment of Debt": "-", "Repurchase of Capital Stock": "-1,056", "Free Cash Flow": "7,667"}, "12/31/2013": {"Duration": "12/31/2013", "Operating Cash Flow": "16,251", "Investing Cash Flow": "-8,553", "Financing Cash Flow": "-4,881", "Other Cash Adjustment Inside Change in Cash": "-", "End Cash Position": "23,627", "Income Tax Paid Supplemental Data": "5,724", "Capital Expenditure": "-1,424", "Issuance of Capital Stock": "-", "Issuance of Debt": "-", "Repayment of Debt": "-", "Repurchase of Capital Stock": "-4,262", "Free Cash Flow": "14,827"}, "12/31/2012": {"Duration": "12/31/2012", "Operating Cash Flow": "8,708", "Investing Cash Flow": "-1,481", "Financing Cash Flow": "-4,459", "Other Cash Adjustment Inside Change in Cash": "-", "End Cash Position": "20,810", "Income Tax Paid Supplemental Data": "4,479", "Capital Expenditure": "-568.728", "Issuance of Capital Stock": "-", "Issuance of Debt": "-", "Repayment of Debt": "-", "Repurchase of Capital Stock": "-3,976", "Free Cash Flow": "8,139"}, "12/31/2011": {"Duration": "12/31/2011", "Operating Cash Flow": "9,007", "Investing Cash Flow": "7,303", "Financing Cash Flow": "-6,385", "Other Cash Adjustment Inside Change in Cash": "-", "End Cash Position": "18,042", "Income Tax Paid Supplemental Data": "-", "Capital Expenditure": "-361.207", "Issuance of Capital Stock": "-", "Issuance of Debt": "-", "Repayment of Debt": "-", "Repurchase of Capital Stock": "-5,940", "Free Cash Flow": "8,646"}, "12/31/2010": {"Duration": "12/31/2010", "Operating Cash Flow": "4,227", "Investing Cash Flow": "-3,965", "Financing Cash Flow": "-878.004", "Other Cash Adjustment Inside Change in Cash": "-", "End Cash Position": "8,117", "Income Tax Paid Supplemental Data": "1,079", "Capital Expenditure": "-317.53", "Issuance of Capital Stock": "-", "Issuance of Debt": "-", "Repayment of Debt": "-", "Repurchase of Capital Stock": "-378.77", "Free Cash Flow": "3,909"}, "12/31/2009": {"Duration": "12/31/2009", "Operating Cash Flow": "7,381", "Investing Cash Flow": "-2,826", "Financing Cash Flow": "-977.579", "Other Cash Adjustment Inside Change in Cash": "-", "End Cash Position": "8,733", "Income Tax Paid Supplemental Data": "-", "Capital Expenditure": "-171.05", "Issuance of Capital Stock": "-", "Issuance of Debt": "-", "Repayment of Debt": "-", "Repurchase of Capital Stock": "-427.875", "Free Cash Flow": "7,210"}, "12/31/2008": {"Duration": "12/31/2008", "Operating Cash Flow": "1,309", "Investing Cash Flow": "7,248", "Financing Cash Flow": "-6,403", "Other Cash Adjustment Inside Change in Cash": "-", "End Cash Position": "5,155", "Income Tax Paid Supplemental Data": "-", "Capital Expenditure": "-493.681", "Issuance of Capital Stock": "-", "Issuance of Debt": "-", "Repayment of Debt": "-", "Repurchase of Capital Stock": "-5,972", "Free Cash Flow": "815.792"}, "12/31/2007": {"Duration": "12/31/2007", "Operating Cash Flow": "11,940", "Investing Cash Flow": "-7,507", "Financing Cash Flow": "-4,891", "Other Cash Adjustment Inside Change in Cash": "-", "End Cash Position": "3,001", "Income Tax Paid Supplemental Data": "-", "Capital Expenditure": "-463.828", "Issuance of Capital Stock": "365.284", "Issuance of Debt": "-", "Repayment of Debt": "-", "Repurchase of Capital Stock": "-4,660", "Free Cash Flow": "11,476"}, "12/31/2006": {"Duration": "12/31/2006", "Operating Cash Flow": "17,857", "Investing Cash Flow": "-26,342", "Financing Cash Flow": "-2,665", "Other Cash Adjustment Inside Change in Cash": "-", "End Cash Position": "3,458", "Income Tax Paid Supplemental Data": "-", "Capital Expenditure": "-1,903", "Issuance of Capital Stock": "219.342", "Issuance of Debt": "-", "Repayment of Debt": "-", "Repurchase of Capital Stock": "-2,278", "Free Cash Flow": "15,954"}, "12/31/2005": {"Duration": "12/31/2005", "Operating Cash Flow": "17,383", "Investing Cash Flow": "-6,370", "Financing Cash Flow": "-1,131", "Other Cash Adjustment Inside Change in Cash": "-", "End Cash Position": "14,608", "Income Tax Paid Supplemental Data": "-", "Capital Expenditure": "-1,897", "Issuance of Capital Stock": "2,483", "Issuance of Debt": "-", "Repayment of Debt": "-", "Repurchase of Capital Stock": "-3,203", "Free Cash Flow": "15,486"}, "12/31/2004": {"Duration": "12/31/2004", "Operating Cash Flow": "15,686", "Investing Cash Flow": "-14,853", "Financing Cash Flow": "-1,232", "Other Cash Adjustment Inside Change in Cash": "-", "End Cash Position": "4,726", "Income Tax Paid Supplemental Data": "-", "Capital Expenditure": "-1,505", "Issuance of Capital Stock": "324.861", "Issuance of Debt": "-", "Repayment of Debt": "-", "Repurchase of Capital Stock": "-1,183", "Free Cash Flow": "14,181"}, "12/31/2003": {"Duration": "12/31/2003", "Operating Cash Flow": "16,752", "Investing Cash Flow": "-14,536", "Financing Cash Flow": "-872.355", "Other Cash Adjustment Inside Change in Cash": "-", "End Cash Position": "5,125", "Income Tax Paid Supplemental Data": "-", "Capital Expenditure": "-894.238", "Issuance of Capital Stock": "414.535", "Issuance of Debt": "-", "Repayment of Debt": "-", "Repurchase of Capital Stock": "-986.479", "Free Cash Flow": "15,857"}, "12/31/2002": {"Duration": "12/31/2002", "Operating Cash Flow": "12,291", "Investing Cash Flow": "-11,154", "Financing Cash Flow": "-424.373", "Other Cash Adjustment Inside Change in Cash": "-", "End Cash Position": "3,782", "Income Tax Paid Supplemental Data": "-", "Capital Expenditure": "-691.968", "Issuance of Capital Stock": "179.33", "Issuance of Debt": "-", "Repayment of Debt": "-", "Repurchase of Capital Stock": "-303.146", "Free Cash Flow": "11,599"}, "12/31/2001": {"Duration": "12/31/2001", "Operating Cash Flow": "8,724", "Investing Cash Flow": "-8,438", "Financing Cash Flow": "-1,102", "Other Cash Adjustment Inside Change in Cash": "-", "End Cash Position": "3,452", "Income Tax Paid Supplemental Data": "-", "Capital Expenditure": "-392.157", "Issuance of Capital Stock": "33.662", "Issuance of Debt": "-", "Repayment of Debt": "-", "Repurchase of Capital Stock": "-792.666", "Free Cash Flow": "8,332"}, "12/31/2000": {"Duration": "12/31/2000", "Operating Cash Flow": "7,136", "Investing Cash Flow": "-4,408", "Financing Cash Flow": "-2,431", "Other Cash Adjustment Inside Change in Cash": "-", "End Cash Position": "7,851", "Income Tax Paid Supplemental Data": "-", "Capital Expenditure": "-484.151", "Issuance of Capital Stock": "15.83", "Issuance of Debt": "-", "Repayment of Debt": "-", "Repurchase of Capital Stock": "-2,104", "Free Cash Flow": "6,652"}, "12/31/1999": {"Duration": "12/31/1999", "Operating Cash Flow": "7,739", "Investing Cash Flow": "-6,434", "Financing Cash Flow": "-1,892", "Other Cash Adjustment Inside Change in Cash": "-", "End Cash Position": "7,554", "Income Tax Paid Supplemental Data": "-", "Capital Expenditure": "-3,078", "Issuance of Capital Stock": "-", "Issuance of Debt": "-", "Repayment of Debt": "-", "Repurchase of Capital Stock": "-1,500", "Free Cash Flow": "4,661"}, "12/31/1998": {"Duration": "12/31/1998", "Operating Cash Flow": "8,887", "Investing Cash Flow": "-3,079", "Financing Cash Flow": "-489.848", "Other Cash Adjustment Inside Change in Cash": "-", "End Cash Position": "8,141", "Income Tax Paid Supplemental Data": "-", "Capital Expenditure": "-1,187", "Issuance of Capital Stock": "-", "Issuance of Debt": "-", "Repayment of Debt": "-", "Repurchase of Capital Stock": "-100", "Free Cash Flow": "7,700"}, "12/31/1997": {"Duration": "12/31/1997", "Operating Cash Flow": "5,233", "Investing Cash Flow": "-6,469", "Financing Cash Flow": "-185.398", "Other Cash Adjustment Inside Change in Cash": "-", "End Cash Position": "2,823", "Income Tax Paid Supplemental Data": "-", "Capital Expenditure": "-422.111", "Issuance of Capital Stock": "200", "Issuance of Debt": "-", "Repayment of Debt": "0", "Repurchase of Capital Stock": "-", "Free Cash Flow": "4,811"}, "12/31/1996": {"Duration": "12/31/1996", "Operating Cash Flow": "5,397", "Investing Cash Flow": "-3,092", "Financing Cash Flow": "-587.39", "Other Cash Adjustment Inside Change in Cash": "-", "End Cash Position": "4,245", "Income Tax Paid Supplemental Data": "-", "Capital Expenditure": "-303.417", "Issuance of Capital Stock": "-", "Issuance of Debt": "-", "Repayment of Debt": "0", "Repurchase of Capital Stock": "-316.093", "Free Cash Flow": "5,094"}, "12/31/1995": {"Duration": "12/31/1995", "Operating Cash Flow": "3,258", "Investing Cash Flow": "-2,368", "Financing Cash Flow": "-953.364", "Other Cash Adjustment Inside Change in Cash": "-", "End Cash Position": "2,527", "Income Tax Paid Supplemental Data": "-", "Capital Expenditure": "-315.763", "Issuance of Capital Stock": "-", "Issuance of Debt": "-", "Repayment of Debt": "-500", "Repurchase of Capital Stock": "-224.904", "Free Cash Flow": "2,942"}, "12/31/1994": {"Duration": "12/31/1994", "Operating Cash Flow": "4,500", "Investing Cash Flow": "-2,000", "Financing Cash Flow": "-1,600", "Other Cash Adjustment Inside Change in Cash": "-", "End Cash Position": "-", "Income Tax Paid Supplemental Data": "-", "Capital Expenditure": "-300", "Issuance of Capital Stock": "-", "Issuance of Debt": "-", "Repayment of Debt": "-1,000", "Repurchase of Capital Stock": "-400", "Free Cash Flow": "4,200"}, "12/31/1993": {"Duration": "12/31/1993", "Operating Cash Flow": "1,800", "Investing Cash Flow": "-", "Financing Cash Flow": "-1,700", "Other Cash Adjustment Inside Change in Cash": "-", "End Cash Position": "-", "Income Tax Paid Supplemental Data": "-", "Capital Expenditure": "-", "Issuance of Capital Stock": "-", "Issuance of Debt": "-", "Repayment of Debt": "-", "Repurchase of Capital Stock": "-", "Free Cash Flow": "1,800"}, "12/31/1992": {"Duration": "12/31/1992", "Operating Cash Flow": "-500", "Investing Cash Flow": "-3,300", "Financing Cash Flow": "2,900", "Other Cash Adjustment Inside Change in Cash": "-100", "End Cash Position": "-", "Income Tax Paid Supplemental Data": "-", "Capital Expenditure": "-100", "Issuance of Capital Stock": "-", "Issuance of Debt": "3,000", "Repayment of Debt": "-", "Repurchase of Capital Stock": "-", "Free Cash Flow": "-600"}, "12/31/1991": {"Duration": "12/31/1991", "Operating Cash Flow": "1,200", "Investing Cash Flow": "-200", "Financing Cash Flow": "-100", "Other Cash Adjustment Inside Change in Cash": "-", "End Cash Position": "-", "Income Tax Paid Supplemental Data": "-", "Capital Expenditure": "-100", "Issuance of Capital Stock": "-", "Issuance of Debt": "-", "Repayment of Debt": "-", "Repurchase of Capital Stock": "-", "Free Cash Flow": "1,100"}, "12/31/1990": {"Duration": "12/31/1990", "Operating Cash Flow": "2,000", "Investing Cash Flow": "-2,700", "Financing Cash Flow": "-100", "Other Cash Adjustment Inside Change in Cash": "-", "End Cash Position": "-", "Income Tax Paid Supplemental Data": "-", "Capital Expenditure": "-1,800", "Issuance of Capital Stock": "-", "Issuance of Debt": "-", "Repayment of Debt": "-", "Repurchase of Capital Stock": "-", "Free Cash Flow": "200"}, "12/31/1989": {"Duration": "12/31/1989", "Operating Cash Flow": "1,100", "Investing Cash Flow": "-1,600", "Financing Cash Flow": "-100", "Other Cash Adjustment Inside Change in Cash": "-", "End Cash Position": "-", "Income Tax Paid Supplemental Data": "-", "Capital Expenditure": "-100", "Issuance of Capital Stock": "-", "Issuance of Debt": "-", "Repayment of Debt": "-", "Repurchase of Capital Stock": "-", "Free Cash Flow": "1,000"}}, "ks": {"Current": {"Duration": "Current", "Market Cap (intraday) 5": "349.01M", "Enterprise Value 3": "329.56M", "Trailing P/E ": "5.79", "Forward P/E 1": "N/A", "PEG Ratio (5 yr expected) 1": "N/A", "Price/Sales (ttm)": "1.26", "Price/Book (mrq)": "1.64", "Enterprise Value/Revenue 3": "1.18", "Enterprise Value/EBITDA 7": "N/A"}, "3/31/2021": {"Duration": "3/31/2021", "Market Cap (intraday) 5": "314.42M", "Enterprise Value 3": "304.37M", "Trailing P/E ": "7.98", "Forward P/E 1": "N/A", "PEG Ratio (5 yr expected) 1": "N/A", "Price/Sales (ttm)": "1.33", "Price/Book (mrq)": "1.57", "Enterprise Value/Revenue 3": "4.22", "Enterprise Value/EBITDA 7": "N/A"}, "12/31/2020": {"Duration": "12/31/2020", "Market Cap (intraday) 5": "289.54M", "Enterprise Value 3": "251.94M", "Trailing P/E ": "8.49", "Forward P/E 1": "N/A", "PEG Ratio (5 yr expected) 1": "N/A", "Price/Sales (ttm)": "1.37", "Price/Book (mrq)": "1.36", "Enterprise Value/Revenue 3": "3.27", "Enterprise Value/EBITDA 7": "N/A"}, "9/30/2020": {"Duration": "9/30/2020", "Market Cap (intraday) 5": "246.13M", "Enterprise Value 3": "220.51M", "Trailing P/E ": "9.20", "Forward P/E 1": "N/A", "PEG Ratio (5 yr expected) 1": "N/A", "Price/Sales (ttm)": "1.28", "Price/Book (mrq)": "1.24", "Enterprise Value/Revenue 3": "3.26", "Enterprise Value/EBITDA 7": "N/A"}, "6/30/2020": {"Duration": "6/30/2020", "Market Cap (intraday) 5": "229.44M", "Enterprise Value 3": "208.45M", "Trailing P/E ": "12.92", "Forward P/E 1": "N/A", "PEG Ratio (5 yr expected) 1": "N/A", "Price/Sales (ttm)": "1.33", "Price/Book (mrq)": "1.25", "Enterprise Value/Revenue 3": "3.38", "Enterprise Value/EBITDA 7": "N/A"}, "3/31/2020": {"Duration": "3/31/2020", "Market Cap (intraday) 5": "241.93M", "Enterprise Value 3": "220.48M", "Trailing P/E ": "7.72", "Forward P/E 1": "N/A", "PEG Ratio (5 yr expected) 1": "N/A", "Price/Sales (ttm)": "1.32", "Price/Book (mrq)": "1.26", "Enterprise Value/Revenue 3": "7.37", "Enterprise Value/EBITDA 7": "N/A"}, "12/31/2019": {"Duration": "12/31/2019", "Market Cap (intraday) 5": "300.68M", "Enterprise Value 3": "261.31M", "Trailing P/E ": "14.93", "Forward P/E 1": "N/A", "PEG Ratio (5 yr expected) 1": "N/A", "Price/Sales (ttm)": "1.85", "Price/Book (mrq)": "1.53", "Enterprise Value/Revenue 3": "4.94", "Enterprise Value/EBITDA 7": "N/A"}, "9/30/2019": {"Duration": "9/30/2019", "Market Cap (intraday) 5": "302.38M", "Enterprise Value 3": "270.36M", "Trailing P/E ": "13.26", "Forward P/E 1": "N/A", "PEG Ratio (5 yr expected) 1": "N/A", "Price/Sales (ttm)": "1.86", "Price/Book (mrq)": "1.61", "Enterprise Value/Revenue 3": "5.64", "Enterprise Value/EBITDA 7": "N/A"}, "6/30/2019": {"Duration": "6/30/2019", "Market Cap (intraday) 5": "315.41M", "Enterprise Value 3": "298.28M", "Trailing P/E ": "13.02", "Forward P/E 1": "N/A", "PEG Ratio (5 yr expected) 1": "N/A", "Price/Sales (ttm)": "1.95", "Price/Book (mrq)": "1.73", "Enterprise Value/Revenue 3": "6.98", "Enterprise Value/EBITDA 7": "N/A"}, "3/31/2019": {"Duration": "3/31/2019", "Market Cap (intraday) 5": "297.90M", "Enterprise Value 3": "279.20M", "Trailing P/E ": "13.68", "Forward P/E 1": "N/A", "PEG Ratio (5 yr expected) 1": "N/A", "Price/Sales (ttm)": "1.92", "Price/Book (mrq)": "1.70", "Enterprise Value/Revenue 3": "6.99", "Enterprise Value/EBITDA 7": "N/A"}, "12/31/2018": {"Duration": "12/31/2018", "Market Cap (intraday) 5": "333.33M", "Enterprise Value 3": "296.47M", "Trailing P/E ": "10.68", "Forward P/E 1": "N/A", "PEG Ratio (5 yr expected) 1": "N/A", "Price/Sales (ttm)": "2.04", "Price/Book (mrq)": "1.71", "Enterprise Value/Revenue 3": "9.18", "Enterprise Value/EBITDA 7": "N/A"}, "9/30/2018": {"Duration": "9/30/2018", "Market Cap (intraday) 5": "316.77M", "Enterprise Value 3": "287.48M", "Trailing P/E ": "11.92", "Forward P/E 1": "N/A", "PEG Ratio (5 yr expected) 1": "N/A", "Price/Sales (ttm)": "2.00", "Price/Book (mrq)": "1.70", "Enterprise Value/Revenue 3": "5.96", "Enterprise Value/EBITDA 7": "N/A"}, "6/30/2018": {"Duration": "6/30/2018", "Market Cap (intraday) 5": "348.39M", "Enterprise Value 3": "326.21M", "Trailing P/E ": "13.78", "Forward P/E 1": "N/A", "PEG Ratio (5 yr expected) 1": "N/A", "Price/Sales (ttm)": "2.22", "Price/Book (mrq)": "1.94", "Enterprise Value/Revenue 3": "7.78", "Enterprise Value/EBITDA 7": "N/A"}, "3/31/2018": {"Duration": "3/31/2018", "Market Cap (intraday) 5": "376.99M", "Enterprise Value 3": "356.77M", "Trailing P/E ": "14.74", "Forward P/E 1": "N/A", "PEG Ratio (5 yr expected) 1": "N/A", "Price/Sales (ttm)": "2.34", "Price/Book (mrq)": "2.12", "Enterprise Value/Revenue 3": "10.56", "Enterprise Value/EBITDA 7": "N/A"}, "12/31/2017": {"Duration": "12/31/2017", "Market Cap (intraday) 5": "374.29M", "Enterprise Value 3": "343.40M", "Trailing P/E ": "17.81", "Forward P/E 1": "N/A", "PEG Ratio (5 yr expected) 1": "N/A", "Price/Sales (ttm)": "2.35", "Price/Book (mrq)": "2.17", "Enterprise Value/Revenue 3": "8.46", "Enterprise Value/EBITDA 7": "N/A"}, "9/30/2017": {"Duration": "9/30/2017", "Market Cap (intraday) 5": "337.95M", "Enterprise Value 3": "308.88M", "Trailing P/E ": "14.61", "Forward P/E 1": "N/A", "PEG Ratio (5 yr expected) 1": "N/A", "Price/Sales (ttm)": "2.15", "Price/Book (mrq)": "2.03", "Enterprise Value/Revenue 3": "7.16", "Enterprise Value/EBITDA 7": "N/A"}, "6/30/2017": {"Duration": "6/30/2017", "Market Cap (intraday) 5": "364.84M", "Enterprise Value 3": "339.13M", "Trailing P/E ": "16.65", "Forward P/E 1": "N/A", "PEG Ratio (5 yr expected) 1": "N/A", "Price/Sales (ttm)": "2.43", "Price/Book (mrq)": "2.28", "Enterprise Value/Revenue 3": "8.45", "Enterprise Value/EBITDA 7": "N/A"}, "3/31/2017": {"Duration": "3/31/2017", "Market Cap (intraday) 5": "298.28M", "Enterprise Value 3": "270.36M", "Trailing P/E ": "15.52", "Forward P/E 1": "N/A", "PEG Ratio (5 yr expected) 1": "N/A", "Price/Sales (ttm)": "2.19", "Price/Book (mrq)": "1.92", "Enterprise Value/Revenue 3": "7.15", "Enterprise Value/EBITDA 7": "N/A"}, "12/31/2016": {"Duration": "12/31/2016", "Market Cap (intraday) 5": "298.06M", "Enterprise Value 3": "271.16M", "Trailing P/E ": "18.27", "Forward P/E 1": "N/A", "PEG Ratio (5 yr expected) 1": "N/A", "Price/Sales (ttm)": "2.38", "Price/Book (mrq)": "1.96", "Enterprise Value/Revenue 3": "6.99", "Enterprise Value/EBITDA 7": "N/A"}, "9/30/2016": {"Duration": "9/30/2016", "Market Cap (intraday) 5": "187.49M", "Enterprise Value 3": "164.87M", "Trailing P/E ": "14.90", "Forward P/E 1": "N/A", "PEG Ratio (5 yr expected) 1": "N/A", "Price/Sales (ttm)": "1.59", "Price/Book (mrq)": "1.27", "Enterprise Value/Revenue 3": "4.02", "Enterprise Value/EBITDA 7": "N/A"}, "6/30/2016": {"Duration": "6/30/2016", "Market Cap (intraday) 5": "182.52M", "Enterprise Value 3": "160.65M", "Trailing P/E ": "14.95", "Forward P/E 1": "N/A", "PEG Ratio (5 yr expected) 1": "N/A", "Price/Sales (ttm)": "1.52", "Price/Book (mrq)": "1.27", "Enterprise Value/Revenue 3": "4.75", "Enterprise Value/EBITDA 7": "N/A"}, "3/31/2016": {"Duration": "3/31/2016", "Market Cap (intraday) 5": "175.97M", "Enterprise Value 3": "154.18M", "Trailing P/E ": "14.46", "Forward P/E 1": "N/A", "PEG Ratio (5 yr expected) 1": "N/A", "Price/Sales (ttm)": "1.42", "Price/Book (mrq)": "1.23", "Enterprise Value/Revenue 3": "6.20", "Enterprise Value/EBITDA 7": "N/A"}, "12/31/2015": {"Duration": "12/31/2015", "Market Cap (intraday) 5": "194.98M", "Enterprise Value 3": "175.69M", "Trailing P/E ": "15.38", "Forward P/E 1": "N/A", "PEG Ratio (5 yr expected) 1": "N/A", "Price/Sales (ttm)": "1.54", "Price/Book (mrq)": "1.40", "Enterprise Value/Revenue 3": "6.08", "Enterprise Value/EBITDA 7": "N/A"}, "9/30/2015": {"Duration": "9/30/2015", "Market Cap (intraday) 5": "140.26M", "Enterprise Value 3": "121.43M", "Trailing P/E ": "13.05", "Forward P/E 1": "N/A", "PEG Ratio (5 yr expected) 1": "N/A", "Price/Sales (ttm)": "1.16", "Price/Book (mrq)": "1.00", "Enterprise Value/Revenue 3": "3.52", "Enterprise Value/EBITDA 7": "N/A"}, "6/30/2015": {"Duration": "6/30/2015", "Market Cap (intraday) 5": "141.85M", "Enterprise Value 3": "126.21M", "Trailing P/E ": "13.85", "Forward P/E 1": "N/A", "PEG Ratio (5 yr expected) 1": "N/A", "Price/Sales (ttm)": "1.17", "Price/Book (mrq)": "1.03", "Enterprise Value/Revenue 3": "3.56", "Enterprise Value/EBITDA 7": "N/A"}, "3/31/2015": {"Duration": "3/31/2015", "Market Cap (intraday) 5": "148.85M", "Enterprise Value 3": "133.03M", "Trailing P/E ": "15.62", "Forward P/E 1": "N/A", "PEG Ratio (5 yr expected) 1": "N/A", "Price/Sales (ttm)": "1.23", "Price/Book (mrq)": "1.08", "Enterprise Value/Revenue 3": "4.70", "Enterprise Value/EBITDA 7": "N/A"}, "12/31/2014": {"Duration": "12/31/2014", "Market Cap (intraday) 5": "147.50M", "Enterprise Value 3": "123.87M", "Trailing P/E ": "16.95", "Forward P/E 1": "N/A", "PEG Ratio (5 yr expected) 1": "N/A", "Price/Sales (ttm)": "1.21", "Price/Book (mrq)": "1.10", "Enterprise Value/Revenue 3": "3.88", "Enterprise Value/EBITDA 7": "N/A"}, "9/30/2014": {"Duration": "9/30/2014", "Market Cap (intraday) 5": "148.51M", "Enterprise Value 3": "129.01M", "Trailing P/E ": "12.89", "Forward P/E 1": "N/A", "PEG Ratio (5 yr expected) 1": "N/A", "Price/Sales (ttm)": "1.18", "Price/Book (mrq)": "1.12", "Enterprise Value/Revenue 3": "4.37", "Enterprise Value/EBITDA 7": "N/A"}, "6/30/2014": {"Duration": "6/30/2014", "Market Cap (intraday) 5": "136.77M", "Enterprise Value 3": "116.18M", "Trailing P/E ": "11.34", "Forward P/E 1": "7.91", "PEG Ratio (5 yr expected) 1": "1.98", "Price/Sales (ttm)": "1.09", "Price/Book (mrq)": "1.06", "Enterprise Value/Revenue 3": "3.50", "Enterprise Value/EBITDA 7": "N/A"}, "3/31/2014": {"Duration": "3/31/2014", "Market Cap (intraday) 5": "154.60M", "Enterprise Value 3": "130.97M", "Trailing P/E ": "10.72", "Forward P/E 1": "8.91", "PEG Ratio (5 yr expected) 1": "2.23", "Price/Sales (ttm)": "1.25", "Price/Book (mrq)": "1.21", "Enterprise Value/Revenue 3": "4.60", "Enterprise Value/EBITDA 7": "N/A"}, "12/31/2013": {"Duration": "12/31/2013", "Market Cap (intraday) 5": "164.97M", "Enterprise Value 3": "142.10M", "Trailing P/E ": "10.53", "Forward P/E 1": "8.38", "PEG Ratio (5 yr expected) 1": "2.09", "Price/Sales (ttm)": "1.32", "Price/Book (mrq)": "1.30", "Enterprise Value/Revenue 3": "4.43", "Enterprise Value/EBITDA 7": "N/A"}, "9/30/2013": {"Duration": "9/30/2013", "Market Cap (intraday) 5": "155.23M", "Enterprise Value 3": "128.82M", "Trailing P/E ": "11.48", "Forward P/E 1": "8.82", "PEG Ratio (5 yr expected) 1": "2.21", "Price/Sales (ttm)": "1.24", "Price/Book (mrq)": "1.27", "Enterprise Value/Revenue 3": "3.83", "Enterprise Value/EBITDA 7": "N/A"}, "6/30/2013": {"Duration": "6/30/2013", "Market Cap (intraday) 5": "145.01M", "Enterprise Value 3": "124.51M", "Trailing P/E ": "11.46", "Forward P/E 1": "8.53", "PEG Ratio (5 yr expected) 1": "2.13", "Price/Sales (ttm)": "1.25", "Price/Book (mrq)": "1.23", "Enterprise Value/Revenue 3": "3.70", "Enterprise Value/EBITDA 7": "N/A"}, "3/31/2013": {"Duration": "3/31/2013", "Market Cap (intraday) 5": "140.83M", "Enterprise Value 3": "120.02M", "Trailing P/E ": "13.18", "Forward P/E 1": "10.53", "PEG Ratio (5 yr expected) 1": "2.63", "Price/Sales (ttm)": "1.27", "Price/Book (mrq)": "1.23", "Enterprise Value/Revenue 3": "4.47", "Enterprise Value/EBITDA 7": "N/A"}, "12/31/2012": {"Duration": "12/31/2012", "Market Cap (intraday) 5": "122.60M", "Enterprise Value 3": "101.79M", "Trailing P/E ": "11.45", "Forward P/E 1": "10.08", "PEG Ratio (5 yr expected) 1": "2.52", "Price/Sales (ttm)": "1.10", "Price/Book (mrq)": "1.07", "Enterprise Value/Revenue 3": "2.97", "Enterprise Value/EBITDA 7": "N/A"}, "9/30/2012": {"Duration": "9/30/2012", "Market Cap (intraday) 5": "136.33M", "Enterprise Value 3": "118.87M", "Trailing P/E ": "15.35", "Forward P/E 1": "11.64", "PEG Ratio (5 yr expected) 1": "2.91", "Price/Sales (ttm)": "1.46", "Price/Book (mrq)": "1.21", "Enterprise Value/Revenue 3": "3.68", "Enterprise Value/EBITDA 7": "N/A"}, "6/30/2012": {"Duration": "6/30/2012", "Market Cap (intraday) 5": "119.42M", "Enterprise Value 3": "102.96M", "Trailing P/E ": "16.70", "Forward P/E 1": "12.08", "PEG Ratio (5 yr expected) 1": "3.02", "Price/Sales (ttm)": "1.31", "Price/Book (mrq)": "1.10", "Enterprise Value/Revenue 3": "3.95", "Enterprise Value/EBITDA 7": "N/A"}, "3/31/2012": {"Duration": "3/31/2012", "Market Cap (intraday) 5": "98.28M", "Enterprise Value 3": "80.23M", "Trailing P/E ": "14.60", "Forward P/E 1": "N/A", "PEG Ratio (5 yr expected) 1": "N/A", "Price/Sales (ttm)": "1.12", "Price/Book (mrq)": "0.92", "Enterprise Value/Revenue 3": "3.58", "Enterprise Value/EBITDA 7": "N/A"}, "12/31/2011": {"Duration": "12/31/2011", "Market Cap (intraday) 5": "75.85M", "Enterprise Value 3": "61.16M", "Trailing P/E ": "10.68", "Forward P/E 1": "N/A", "PEG Ratio (5 yr expected) 1": "N/A", "Price/Sales (ttm)": "0.86", "Price/Book (mrq)": "0.73", "Enterprise Value/Revenue 3": "2.94", "Enterprise Value/EBITDA 7": "N/A"}, "9/30/2011": {"Duration": "9/30/2011", "Market Cap (intraday) 5": "74.87M", "Enterprise Value 3": "60.18M", "Trailing P/E ": "10.53", "Forward P/E 1": "17.64", "PEG Ratio (5 yr expected) 1": "4.41", "Price/Sales (ttm)": "0.85", "Price/Book (mrq)": "0.72", "Enterprise Value/Revenue 3": "2.30", "Enterprise Value/EBITDA 7": "N/A"}, "6/30/2011": {"Duration": "6/30/2011", "Market Cap (intraday) 5": "84.81M", "Enterprise Value 3": "72.16M", "Trailing P/E ": "13.94", "Forward P/E 1": "19.34", "PEG Ratio (5 yr expected) 1": "4.84", "Price/Sales (ttm)": "1.05", "Price/Book (mrq)": "0.83", "Enterprise Value/Revenue 3": "3.04", "Enterprise Value/EBITDA 7": "N/A"}, "3/31/2011": {"Duration": "3/31/2011", "Market Cap (intraday) 5": "68.56M", "Enterprise Value 3": "56.96M", "Trailing P/E ": "9.85", "Forward P/E 1": "15.06", "PEG Ratio (5 yr expected) 1": "3.77", "Price/Sales (ttm)": "0.93", "Price/Book (mrq)": "0.68", "Enterprise Value/Revenue 3": "2.85", "Enterprise Value/EBITDA 7": "N/A"}, "12/31/2010": {"Duration": "12/31/2010", "Market Cap (intraday) 5": "69.62M", "Enterprise Value 3": "61.50M", "Trailing P/E ": "10.97", "Forward P/E 1": "22.42", "PEG Ratio (5 yr expected) 1": "5.61", "Price/Sales (ttm)": "0.98", "Price/Book (mrq)": "0.67", "Enterprise Value/Revenue 3": "2.77", "Enterprise Value/EBITDA 7": "N/A"}, "9/30/2010": {"Duration": "9/30/2010", "Market Cap (intraday) 5": "74.44M", "Enterprise Value 3": "68.97M", "Trailing P/E ": "17.24", "Forward P/E 1": "N/A", "PEG Ratio (5 yr expected) 1": "N/A", "Price/Sales (ttm)": "1.17", "Price/Book (mrq)": "0.73", "Enterprise Value/Revenue 3": "3.60", "Enterprise Value/EBITDA 7": "N/A"}, "6/30/2010": {"Duration": "6/30/2010", "Market Cap (intraday) 5": "72.43M", "Enterprise Value 3": "67.18M", "Trailing P/E ": "18.98", "Forward P/E 1": "N/A", "PEG Ratio (5 yr expected) 1": "N/A", "Price/Sales (ttm)": "1.19", "Price/Book (mrq)": "0.73", "Enterprise Value/Revenue 3": "4.14", "Enterprise Value/EBITDA 7": "N/A"}, "3/31/2010": {"Duration": "3/31/2010", "Market Cap (intraday) 5": "77.68M", "Enterprise Value 3": "73.16M", "Trailing P/E ": "22.81", "Forward P/E 1": "19.88", "PEG Ratio (5 yr expected) 1": "4.97", "Price/Sales (ttm)": "1.18", "Price/Book (mrq)": "0.80", "Enterprise Value/Revenue 3": "5.34", "Enterprise Value/EBITDA 7": "N/A"}, "12/31/2009": {"Duration": "12/31/2009", "Market Cap (intraday) 5": "70.62M", "Enterprise Value 3": "61.88M", "Trailing P/E ": "14.71", "Forward P/E 1": "N/A", "PEG Ratio (5 yr expected) 1": "N/A", "Price/Sales (ttm)": "1.00", "Price/Book (mrq)": "0.73", "Enterprise Value/Revenue 3": "4.23", "Enterprise Value/EBITDA 7": "N/A"}, "9/30/2009": {"Duration": "9/30/2009", "Market Cap (intraday) 5": "74.87M", "Enterprise Value 3": "66.06M", "Trailing P/E ": "105.65", "Forward P/E 1": "13.32", "PEG Ratio (5 yr expected) 1": "3.33", "Price/Sales (ttm)": "1.09", "Price/Book (mrq)": "0.77", "Enterprise Value/Revenue 3": "4.04", "Enterprise Value/EBITDA 7": "N/A"}, "6/30/2009": {"Duration": "6/30/2009", "Market Cap (intraday) 5": "61.77M", "Enterprise Value 3": "53.65M", "Trailing P/E ": "96.04", "Forward P/E 1": "N/A", "PEG Ratio (5 yr expected) 1": "N/A", "Price/Sales (ttm)": "0.88", "Price/Book (mrq)": "0.66", "Enterprise Value/Revenue 3": "2.48", "Enterprise Value/EBITDA 7": "N/A"}, "3/31/2009": {"Duration": "3/31/2009", "Market Cap (intraday) 5": "66.51M", "Enterprise Value 3": "61.68M", "Trailing P/E ": "N/A", "Forward P/E 1": "N/A", "PEG Ratio (5 yr expected) 1": "N/A", "Price/Sales (ttm)": "0.98", "Price/Book (mrq)": "0.73", "Enterprise Value/Revenue 3": "3.30", "Enterprise Value/EBITDA 7": "N/A"}, "12/31/2008": {"Duration": "12/31/2008", "Market Cap (intraday) 5": "85.63M", "Enterprise Value 3": "80.48M", "Trailing P/E ": "N/A", "Forward P/E 1": "12.92", "PEG Ratio (5 yr expected) 1": "3.23", "Price/Sales (ttm)": "1.24", "Price/Book (mrq)": "0.95", "Enterprise Value/Revenue 3": "6.54", "Enterprise Value/EBITDA 7": "N/A"}, "9/30/2008": {"Duration": "9/30/2008", "Market Cap (intraday) 5": "91.96M", "Enterprise Value 3": "85.66M", "Trailing P/E ": "25.16", "Forward P/E 1": "13.85", "PEG Ratio (5 yr expected) 1": "3.46", "Price/Sales (ttm)": "1.24", "Price/Book (mrq)": "0.99", "Enterprise Value/Revenue 3": "4.87", "Enterprise Value/EBITDA 7": "N/A"}, "6/30/2008": {"Duration": "6/30/2008", "Market Cap (intraday) 5": "131.21M", "Enterprise Value 3": "128.07M", "Trailing P/E ": "17.77", "Forward P/E 1": "16.78", "PEG Ratio (5 yr expected) 1": "4.20", "Price/Sales (ttm)": "1.43", "Price/Book (mrq)": "1.33", "Enterprise Value/Revenue 3": "6.29", "Enterprise Value/EBITDA 7": "N/A"}, "3/31/2008": {"Duration": "3/31/2008", "Market Cap (intraday) 5": "118.34M", "Enterprise Value 3": "115.13M", "Trailing P/E ": "14.85", "Forward P/E 1": "N/A", "PEG Ratio (5 yr expected) 1": "N/A", "Price/Sales (ttm)": "1.42", "Price/Book (mrq)": "1.18", "Enterprise Value/Revenue 3": "5.52", "Enterprise Value/EBITDA 7": "N/A"}, "12/31/2007": {"Duration": "12/31/2007", "Market Cap (intraday) 5": "92.57M", "Enterprise Value 3": "89.57M", "Trailing P/E ": "11.46", "Forward P/E 1": "N/A", "PEG Ratio (5 yr expected) 1": "N/A", "Price/Sales (ttm)": "1.13", "Price/Book (mrq)": "0.93", "Enterprise Value/Revenue 3": "4.61", "Enterprise Value/EBITDA 7": "N/A"}, "9/30/2007": {"Duration": "9/30/2007", "Market Cap (intraday) 5": "108.51M", "Enterprise Value 3": "105.34M", "Trailing P/E ": "10.52", "Forward P/E 1": "N/A", "PEG Ratio (5 yr expected) 1": "N/A", "Price/Sales (ttm)": "1.19", "Price/Book (mrq)": "1.12", "Enterprise Value/Revenue 3": "4.57", "Enterprise Value/EBITDA 7": "N/A"}, "6/30/2007": {"Duration": "6/30/2007", "Market Cap (intraday) 5": "140.38M", "Enterprise Value 3": "136.97M", "Trailing P/E ": "10.22", "Forward P/E 1": "N/A", "PEG Ratio (5 yr expected) 1": "N/A", "Price/Sales (ttm)": "1.52", "Price/Book (mrq)": "1.46", "Enterprise Value/Revenue 3": "6.20", "Enterprise Value/EBITDA 7": "N/A"}, "3/31/2007": {"Duration": "3/31/2007", "Market Cap (intraday) 5": "139.84M", "Enterprise Value 3": "136.38M", "Trailing P/E ": "9.79", "Forward P/E 1": "N/A", "PEG Ratio (5 yr expected) 1": "N/A", "Price/Sales (ttm)": "1.52", "Price/Book (mrq)": "1.47", "Enterprise Value/Revenue 3": "6.71", "Enterprise Value/EBITDA 7": "N/A"}, "12/31/2006": {"Duration": "12/31/2006", "Market Cap (intraday) 5": "133.87M", "Enterprise Value 3": "129.91M", "Trailing P/E ": "9.55", "Forward P/E 1": "N/A", "PEG Ratio (5 yr expected) 1": "N/A", "Price/Sales (ttm)": "1.59", "Price/Book (mrq)": "1.44", "Enterprise Value/Revenue 3": "6.62", "Enterprise Value/EBITDA 7": "N/A"}, "9/30/2006": {"Duration": "9/30/2006", "Market Cap (intraday) 5": "115.31M", "Enterprise Value 3": "111.62M", "Trailing P/E ": "7.92", "Forward P/E 1": "N/A", "PEG Ratio (5 yr expected) 1": "N/A", "Price/Sales (ttm)": "1.34", "Price/Book (mrq)": "1.29", "Enterprise Value/Revenue 3": "5.14", "Enterprise Value/EBITDA 7": "N/A"}, "6/30/2006": {"Duration": "6/30/2006", "Market Cap (intraday) 5": "125.40M", "Enterprise Value 3": "121.71M", "Trailing P/E ": "7.61", "Forward P/E 1": "N/A", "PEG Ratio (5 yr expected) 1": "N/A", "Price/Sales (ttm)": "1.29", "Price/Book (mrq)": "1.41", "Enterprise Value/Revenue 3": "5.26", "Enterprise Value/EBITDA 7": "N/A"}, "3/31/2006": {"Duration": "3/31/2006", "Market Cap (intraday) 5": "122.08M", "Enterprise Value 3": "116.03M", "Trailing P/E ": "7.65", "Forward P/E 1": "N/A", "PEG Ratio (5 yr expected) 1": "N/A", "Price/Sales (ttm)": "1.26", "Price/Book (mrq)": "1.41", "Enterprise Value/Revenue 3": "5.75", "Enterprise Value/EBITDA 7": "N/A"}, "12/31/2005": {"Duration": "12/31/2005", "Market Cap (intraday) 5": "120.43M", "Enterprise Value 3": "114.26M", "Trailing P/E ": "8.84", "Forward P/E 1": "N/A", "PEG Ratio (5 yr expected) 1": "N/A", "Price/Sales (ttm)": "1.29", "Price/Book (mrq)": "1.48", "Enterprise Value/Revenue 3": "5.28", "Enterprise Value/EBITDA 7": "N/A"}, "9/30/2005": {"Duration": "9/30/2005", "Market Cap (intraday) 5": "111.52M", "Enterprise Value 3": "105.35M", "Trailing P/E ": "8.19", "Forward P/E 1": "N/A", "PEG Ratio (5 yr expected) 1": "N/A", "Price/Sales (ttm)": "1.19", "Price/Book (mrq)": "1.37", "Enterprise Value/Revenue 3": "4.38", "Enterprise Value/EBITDA 7": "N/A"}, "6/30/2005": {"Duration": "6/30/2005", "Market Cap (intraday) 5": "102.81M", "Enterprise Value 3": "97.15M", "Trailing P/E ": "8.51", "Forward P/E 1": "N/A", "PEG Ratio (5 yr expected) 1": "N/A", "Price/Sales (ttm)": "1.15", "Price/Book (mrq)": "1.32", "Enterprise Value/Revenue 3": "4.25", "Enterprise Value/EBITDA 7": "N/A"}, "3/31/2005": {"Duration": "3/31/2005", "Market Cap (intraday) 5": "111.37M", "Enterprise Value 3": "106.54M", "Trailing P/E ": "10.13", "Forward P/E 1": "N/A", "PEG Ratio (5 yr expected) 1": "N/A", "Price/Sales (ttm)": "1.27", "Price/Book (mrq)": "1.51", "Enterprise Value/Revenue 3": "5.51", "Enterprise Value/EBITDA 7": "N/A"}, "12/31/2004": {"Duration": "12/31/2004", "Market Cap (intraday) 5": "119.21M", "Enterprise Value 3": "114.48M", "Trailing P/E ": "9.04", "Forward P/E 1": "N/A", "PEG Ratio (5 yr expected) 1": "N/A", "Price/Sales (ttm)": "1.21", "Price/Book (mrq)": "1.64", "Enterprise Value/Revenue 3": "5.95", "Enterprise Value/EBITDA 7": "N/A"}, "9/30/2004": {"Duration": "9/30/2004", "Market Cap (intraday) 5": "96.84M", "Enterprise Value 3": "92.35M", "Trailing P/E ": "7.63", "Forward P/E 1": "N/A", "PEG Ratio (5 yr expected) 1": "N/A", "Price/Sales (ttm)": "0.99", "Price/Book (mrq)": "1.38", "Enterprise Value/Revenue 3": "4.50", "Enterprise Value/EBITDA 7": "N/A"}, "6/30/2004": {"Duration": "6/30/2004", "Market Cap (intraday) 5": "101.12M", "Enterprise Value 3": "96.11M", "Trailing P/E ": "7.99", "Forward P/E 1": "N/A", "PEG Ratio (5 yr expected) 1": "N/A", "Price/Sales (ttm)": "0.98", "Price/Book (mrq)": "1.50", "Enterprise Value/Revenue 3": "4.47", "Enterprise Value/EBITDA 7": "N/A"}, "3/31/2004": {"Duration": "3/31/2004", "Market Cap (intraday) 5": "98.57M", "Enterprise Value 3": "93.81M", "Trailing P/E ": "7.65", "Forward P/E 1": "N/A", "PEG Ratio (5 yr expected) 1": "N/A", "Price/Sales (ttm)": "0.92", "Price/Book (mrq)": "1.51", "Enterprise Value/Revenue 3": "5.04", "Enterprise Value/EBITDA 7": "N/A"}, "12/31/2003": {"Duration": "12/31/2003", "Market Cap (intraday) 5": "99.47M", "Enterprise Value 3": "94.34M", "Trailing P/E ": "7.42", "Forward P/E 1": "N/A", "PEG Ratio (5 yr expected) 1": "N/A", "Price/Sales (ttm)": "0.90", "Price/Book (mrq)": "1.57", "Enterprise Value/Revenue 3": "4.89", "Enterprise Value/EBITDA 7": "N/A"}, "9/30/2003": {"Duration": "9/30/2003", "Market Cap (intraday) 5": "97.85M", "Enterprise Value 3": "91.69M", "Trailing P/E ": "7.03", "Forward P/E 1": "N/A", "PEG Ratio (5 yr expected) 1": "N/A", "Price/Sales (ttm)": "0.86", "Price/Book (mrq)": "1.60", "Enterprise Value/Revenue 3": "3.62", "Enterprise Value/EBITDA 7": "N/A"}, "6/30/2003": {"Duration": "6/30/2003", "Market Cap (intraday) 5": "91.93M", "Enterprise Value 3": "82.11M", "Trailing P/E ": "7.05", "Forward P/E 1": "N/A", "PEG Ratio (5 yr expected) 1": "N/A", "Price/Sales (ttm)": "0.85", "Price/Book (mrq)": "1.58", "Enterprise Value/Revenue 3": "3.26", "Enterprise Value/EBITDA 7": "N/A"}, "3/31/2003": {"Duration": "3/31/2003", "Market Cap (intraday) 5": "59.37M", "Enterprise Value 3": "54.08M", "Trailing P/E ": "5.91", "Forward P/E 1": "N/A", "PEG Ratio (5 yr expected) 1": "N/A", "Price/Sales (ttm)": "0.69", "Price/Book (mrq)": "1.08", "Enterprise Value/Revenue 3": "2.56", "Enterprise Value/EBITDA 7": "N/A"}, "12/31/2002": {"Duration": "12/31/2002", "Market Cap (intraday) 5": "57.47M", "Enterprise Value 3": "53.69M", "Trailing P/E ": "7.32", "Forward P/E 1": "N/A", "PEG Ratio (5 yr expected) 1": "N/A", "Price/Sales (ttm)": "0.81", "Price/Book (mrq)": "1.09", "Enterprise Value/Revenue 3": "2.46", "Enterprise Value/EBITDA 7": "N/A"}, "9/30/2002": {"Duration": "9/30/2002", "Market Cap (intraday) 5": "44.67M", "Enterprise Value 3": "36.72M", "Trailing P/E ": "6.12", "Forward P/E 1": "N/A", "PEG Ratio (5 yr expected) 1": "N/A", "Price/Sales (ttm)": "0.64", "Price/Book (mrq)": "0.89", "Enterprise Value/Revenue 3": "1.90", "Enterprise Value/EBITDA 7": "N/A"}, "6/30/2002": {"Duration": "6/30/2002", "Market Cap (intraday) 5": "48.87M", "Enterprise Value 3": "44.27M", "Trailing P/E ": "7.49", "Forward P/E 1": "N/A", "PEG Ratio (5 yr expected) 1": "N/A", "Price/Sales (ttm)": "0.74", "Price/Book (mrq)": "1.07", "Enterprise Value/Revenue 3": "2.75", "Enterprise Value/EBITDA 7": "N/A"}, "3/31/2002": {"Duration": "3/31/2002", "Market Cap (intraday) 5": "46.47M", "Enterprise Value 3": "43.01M", "Trailing P/E ": "7.99", "Forward P/E 1": "N/A", "PEG Ratio (5 yr expected) 1": "N/A", "Price/Sales (ttm)": "0.74", "Price/Book (mrq)": "1.05", "Enterprise Value/Revenue 3": "2.68", "Enterprise Value/EBITDA 7": "N/A"}, "12/31/2001": {"Duration": "12/31/2001", "Market Cap (intraday) 5": "38.85M", "Enterprise Value 3": "35.40M", "Trailing P/E ": "6.68", "Forward P/E 1": "N/A", "PEG Ratio (5 yr expected) 1": "N/A", "Price/Sales (ttm)": "0.62", "Price/Book (mrq)": "0.88", "Enterprise Value/Revenue 3": "1.77", "Enterprise Value/EBITDA 7": "N/A"}, "9/30/2001": {"Duration": "9/30/2001", "Market Cap (intraday) 5": "38.98M", "Enterprise Value 3": "33.49M", "Trailing P/E ": "9.47", "Forward P/E 1": "N/A", "PEG Ratio (5 yr expected) 1": "N/A", "Price/Sales (ttm)": "0.78", "Price/Book (mrq)": "0.95", "Enterprise Value/Revenue 3": "2.10", "Enterprise Value/EBITDA 7": "N/A"}, "6/30/2001": {"Duration": "6/30/2001", "Market Cap (intraday) 5": "38.77M", "Enterprise Value 3": "31.61M", "Trailing P/E ": "11.39", "Forward P/E 1": "N/A", "PEG Ratio (5 yr expected) 1": "N/A", "Price/Sales (ttm)": "0.86", "Price/Book (mrq)": "0.97", "Enterprise Value/Revenue 3": "1.98", "Enterprise Value/EBITDA 7": "N/A"}, "3/31/2001": {"Duration": "3/31/2001", "Market Cap (intraday) 5": "38.46M", "Enterprise Value 3": "30.61M", "Trailing P/E ": "12.40", "Forward P/E 1": "N/A", "PEG Ratio (5 yr expected) 1": "N/A", "Price/Sales (ttm)": "0.92", "Price/Book (mrq)": "0.98", "Enterprise Value/Revenue 3": "2.43", "Enterprise Value/EBITDA 7": "N/A"}, "12/31/2000": {"Duration": "12/31/2000", "Market Cap (intraday) 5": "40.43M", "Enterprise Value 3": "29.97M", "Trailing P/E ": "14.45", "Forward P/E 1": "N/A", "PEG Ratio (5 yr expected) 1": "N/A", "Price/Sales (ttm)": "0.98", "Price/Book (mrq)": "1.05", "Enterprise Value/Revenue 3": "2.84", "Enterprise Value/EBITDA 7": "N/A"}, "9/30/2000": {"Duration": "9/30/2000", "Market Cap (intraday) 5": "27.05M", "Enterprise Value 3": "18.43M", "Trailing P/E ": "9.38", "Forward P/E 1": "N/A", "PEG Ratio (5 yr expected) 1": "N/A", "Price/Sales (ttm)": "0.66", "Price/Book (mrq)": "0.73", "Enterprise Value/Revenue 3": "1.63", "Enterprise Value/EBITDA 7": "N/A"}, "6/30/2000": {"Duration": "6/30/2000", "Market Cap (intraday) 5": "27.17M", "Enterprise Value 3": "18.55M", "Trailing P/E ": "9.38", "Forward P/E 1": "N/A", "PEG Ratio (5 yr expected) 1": "N/A", "Price/Sales (ttm)": "0.66", "Price/Book (mrq)": "0.73", "Enterprise Value/Revenue 3": "1.68", "Enterprise Value/EBITDA 7": "N/A"}, "3/31/2000": {"Duration": "3/31/2000", "Market Cap (intraday) 5": "34.42M", "Enterprise Value 3": "27.78M", "Trailing P/E ": "9.67", "Forward P/E 1": "N/A", "PEG Ratio (5 yr expected) 1": "N/A", "Price/Sales (ttm)": "0.80", "Price/Book (mrq)": "0.94", "Enterprise Value/Revenue 3": "2.98", "Enterprise Value/EBITDA 7": "N/A"}, "12/31/1999": {"Duration": "12/31/1999", "Market Cap (intraday) 5": "47.21M", "Enterprise Value 3": "39.66M", "Trailing P/E ": "10.85", "Forward P/E 1": "N/A", "PEG Ratio (5 yr expected) 1": "N/A", "Price/Sales (ttm)": "1.01", "Price/Book (mrq)": "1.26", "Enterprise Value/Revenue 3": "3.79", "Enterprise Value/EBITDA 7": "N/A"}, "9/30/1999": {"Duration": "9/30/1999", "Market Cap (intraday) 5": "39.14M", "Enterprise Value 3": "39.14M", "Trailing P/E ": "7.32", "Forward P/E 1": "N/A", "PEG Ratio (5 yr expected) 1": "N/A", "Price/Sales (ttm)": "0.79", "Price/Book (mrq)": "1.04", "Enterprise Value/Revenue 3": "3.21", "Enterprise Value/EBITDA 7": "N/A"}, "6/30/1999": {"Duration": "6/30/1999", "Market Cap (intraday) 5": "47.19M", "Enterprise Value 3": "47.19M", "Trailing P/E ": "8.50", "Forward P/E 1": "N/A", "PEG Ratio (5 yr expected) 1": "N/A", "Price/Sales (ttm)": "0.94", "Price/Book (mrq)": "1.27", "Enterprise Value/Revenue 3": "3.58", "Enterprise Value/EBITDA 7": "N/A"}, "3/31/1999": {"Duration": "3/31/1999", "Market Cap (intraday) 5": "60.22M", "Enterprise Value 3": "60.22M", "Trailing P/E ": "10.97", "Forward P/E 1": "N/A", "PEG Ratio (5 yr expected) 1": "N/A", "Price/Sales (ttm)": "1.22", "Price/Book (mrq)": "1.63", "Enterprise Value/Revenue 3": "5.24", "Enterprise Value/EBITDA 7": "N/A"}, "12/31/1998": {"Duration": "12/31/1998", "Market Cap (intraday) 5": "58.99M", "Enterprise Value 3": "50.85M", "Trailing P/E ": "10.94", "Forward P/E 1": "N/A", "PEG Ratio (5 yr expected) 1": "N/A", "Price/Sales (ttm)": "1.23", "Price/Book (mrq)": "1.62", "Enterprise Value/Revenue 3": "3.66", "Enterprise Value/EBITDA 7": "N/A"}, "9/30/1998": {"Duration": "9/30/1998", "Market Cap (intraday) 5": "61.62M", "Enterprise Value 3": "61.62M", "Trailing P/E ": "12.09", "Forward P/E 1": "N/A", "PEG Ratio (5 yr expected) 1": "N/A", "Price/Sales (ttm)": "1.44", "Price/Book (mrq)": "1.78", "Enterprise Value/Revenue 3": "4.93", "Enterprise Value/EBITDA 7": "N/A"}, "6/30/1998": {"Duration": "6/30/1998", "Market Cap (intraday) 5": "70.22M", "Enterprise Value 3": "70.22M", "Trailing P/E ": "14.29", "Forward P/E 1": "N/A", "PEG Ratio (5 yr expected) 1": "N/A", "Price/Sales (ttm)": "1.75", "Price/Book (mrq)": "2.09", "Enterprise Value/Revenue 3": "5.85", "Enterprise Value/EBITDA 7": "N/A"}, "3/31/1998": {"Duration": "3/31/1998", "Market Cap (intraday) 5": "72.23M", "Enterprise Value 3": "72.23M", "Trailing P/E ": "15.33", "Forward P/E 1": "N/A", "PEG Ratio (5 yr expected) 1": "N/A", "Price/Sales (ttm)": "1.98", "Price/Book (mrq)": "2.23", "Enterprise Value/Revenue 3": "7.15", "Enterprise Value/EBITDA 7": "N/A"}, "12/31/1997": {"Duration": "12/31/1997", "Market Cap (intraday) 5": "59.50M", "Enterprise Value 3": "56.68M", "Trailing P/E ": "13.28", "Forward P/E 1": "N/A", "PEG Ratio (5 yr expected) 1": "N/A", "Price/Sales (ttm)": "1.85", "Price/Book (mrq)": "1.91", "Enterprise Value/Revenue 3": "6.04", "Enterprise Value/EBITDA 7": "N/A"}, "9/30/1997": {"Duration": "9/30/1997", "Market Cap (intraday) 5": "55.78M", "Enterprise Value 3": "55.78M", "Trailing P/E ": "12.74", "Forward P/E 1": "N/A", "PEG Ratio (5 yr expected) 1": "N/A", "Price/Sales (ttm)": "1.91", "Price/Book (mrq)": "1.88", "Enterprise Value/Revenue 3": "6.34", "Enterprise Value/EBITDA 7": "N/A"}, "6/30/1997": {"Duration": "6/30/1997", "Market Cap (intraday) 5": "43.71M", "Enterprise Value 3": "43.71M", "Trailing P/E ": "10.64", "Forward P/E 1": "N/A", "PEG Ratio (5 yr expected) 1": "N/A", "Price/Sales (ttm)": "1.67", "Price/Book (mrq)": "1.56", "Enterprise Value/Revenue 3": "5.33", "Enterprise Value/EBITDA 7": "N/A"}, "3/31/1997": {"Duration": "3/31/1997", "Market Cap (intraday) 5": "41.51M", "Enterprise Value 3": "41.51M", "Trailing P/E ": "10.56", "Forward P/E 1": "N/A", "PEG Ratio (5 yr expected) 1": "N/A", "Price/Sales (ttm)": "1.80", "Price/Book (mrq)": "1.57", "Enterprise Value/Revenue 3": "6.92", "Enterprise Value/EBITDA 7": "N/A"}, "12/31/1996": {"Duration": "12/31/1996", "Market Cap (intraday) 5": "43.60M", "Enterprise Value 3": "39.35M", "Trailing P/E ": "11.33", "Forward P/E 1": "N/A", "PEG Ratio (5 yr expected) 1": "N/A", "Price/Sales (ttm)": "1.92", "Price/Book (mrq)": "1.68", "Enterprise Value/Revenue 3": "6.26", "Enterprise Value/EBITDA 7": "N/A"}, "9/30/1996": {"Duration": "9/30/1996", "Market Cap (intraday) 5": "34.56M", "Enterprise Value 3": "34.56M", "Trailing P/E ": "9.26", "Forward P/E 1": "N/A", "PEG Ratio (5 yr expected) 1": "N/A", "Price/Sales (ttm)": "1.62", "Price/Book (mrq)": "1.39", "Enterprise Value/Revenue 3": "5.76", "Enterprise Value/EBITDA 7": "N/A"}, "6/30/1996": {"Duration": "6/30/1996", "Market Cap (intraday) 5": "31.14M", "Enterprise Value 3": "31.14M", "Trailing P/E ": "9.30", "Forward P/E 1": "N/A", "PEG Ratio (5 yr expected) 1": "N/A", "Price/Sales (ttm)": "1.69", "Price/Book (mrq)": "1.37", "Enterprise Value/Revenue 3": "5.28", "Enterprise Value/EBITDA 7": "N/A"}, "3/31/1996": {"Duration": "3/31/1996", "Market Cap (intraday) 5": "34.04M", "Enterprise Value 3": "31.52M", "Trailing P/E ": "10.56", "Forward P/E 1": "N/A", "PEG Ratio (5 yr expected) 1": "N/A", "Price/Sales (ttm)": "2.00", "Price/Book (mrq)": "1.53", "Enterprise Value/Revenue 3": "6.57", "Enterprise Value/EBITDA 7": "N/A"}, "12/31/1995": {"Duration": "12/31/1995", "Market Cap (intraday) 5": "29.31M", "Enterprise Value 3": "29.31M", "Trailing P/E ": "9.63", "Forward P/E 1": "N/A", "PEG Ratio (5 yr expected) 1": "N/A", "Price/Sales (ttm)": "1.80", "Price/Book (mrq)": "1.38", "Enterprise Value/Revenue 3": "5.90", "Enterprise Value/EBITDA 7": "N/A"}, "9/30/1995": {"Duration": "9/30/1995", "Market Cap (intraday) 5": "26.61M", "Enterprise Value 3": "26.61M", "Trailing P/E ": "9.13", "Forward P/E 1": "N/A", "PEG Ratio (5 yr expected) 1": "N/A", "Price/Sales (ttm)": "1.67", "Price/Book (mrq)": "1.32", "Enterprise Value/Revenue 3": "5.66", "Enterprise Value/EBITDA 7": "N/A"}, "6/30/1995": {"Duration": "6/30/1995", "Market Cap (intraday) 5": "25.90M", "Enterprise Value 3": "25.90M", "Trailing P/E ": "8.89", "Forward P/E 1": "N/A", "PEG Ratio (5 yr expected) 1": "N/A", "Price/Sales (ttm)": "1.62", "Price/Book (mrq)": "1.28", "Enterprise Value/Revenue 3": "6.17", "Enterprise Value/EBITDA 7": "N/A"}, "3/31/1995": {"Duration": "3/31/1995", "Market Cap (intraday) 5": "21.10M", "Enterprise Value 3": "21.10M", "Trailing P/E ": "6.76", "Forward P/E 1": "N/A", "PEG Ratio (5 yr expected) 1": "N/A", "Price/Sales (ttm)": "1.28", "Price/Book (mrq)": "1.09", "Enterprise Value/Revenue 3": "6.03", "Enterprise Value/EBITDA 7": "N/A"}, "12/31/1994": {"Duration": "12/31/1994", "Market Cap (intraday) 5": "19.28M", "Enterprise Value 3": "19.78M", "Trailing P/E ": "6.49", "Forward P/E 1": "N/A", "PEG Ratio (5 yr expected) 1": "N/A", "Price/Sales (ttm)": "4.27", "Price/Book (mrq)": "1.08", "Enterprise Value/Revenue 3": "4.71", "Enterprise Value/EBITDA 7": "N/A"}, "9/30/1994": {"Duration": "9/30/1994", "Market Cap (intraday) 5": "21.42M", "Enterprise Value 3": "21.92M", "Trailing P/E ": "7.21", "Forward P/E 1": "N/A", "PEG Ratio (5 yr expected) 1": "N/A", "Price/Sales (ttm)": "4.74", "Price/Book (mrq)": "1.20", "Enterprise Value/Revenue 3": "5.22", "Enterprise Value/EBITDA 7": "N/A"}, "6/30/1994": {"Duration": "6/30/1994", "Market Cap (intraday) 5": "23.56M", "Enterprise Value 3": "23.56M", "Trailing P/E ": "8.09", "Forward P/E 1": "N/A", "PEG Ratio (5 yr expected) 1": "N/A", "Price/Sales (ttm)": "5.29", "Price/Book (mrq)": "1.35", "Enterprise Value/Revenue 3": "5.24", "Enterprise Value/EBITDA 7": "N/A"}, "3/31/1994": {"Duration": "3/31/1994", "Market Cap (intraday) 5": "24.99M", "Enterprise Value 3": "24.99M", "Trailing P/E ": "9.83", "Forward P/E 1": "N/A", "PEG Ratio (5 yr expected) 1": "N/A", "Price/Sales (ttm)": "6.77", "Price/Book (mrq)": "1.50", "Enterprise Value/Revenue 3": "6.10", "Enterprise Value/EBITDA 7": "N/A"}, "12/31/1993": {"Duration": "12/31/1993", "Market Cap (intraday) 5": "24.28M", "Enterprise Value 3": "24.28M", "Trailing P/E ": "10.49", "Forward P/E 1": "N/A", "PEG Ratio (5 yr expected) 1": "N/A", "Price/Sales (ttm)": "9.28", "Price/Book (mrq)": "1.53", "Enterprise Value/Revenue 3": "-2.92", "Enterprise Value/EBITDA 7": "N/A"}, "9/30/1993": {"Duration": "9/30/1993", "Market Cap (intraday) 5": "24.63M", "Enterprise Value 3": "26.13M", "Trailing P/E ": "13.48", "Forward P/E 1": "N/A", "PEG Ratio (5 yr expected) 1": "N/A", "Price/Sales (ttm)": "1.75", "Price/Book (mrq)": "1.58", "Enterprise Value/Revenue 3": "6.37", "Enterprise Value/EBITDA 7": "N/A"}, "6/30/1993": {"Duration": "6/30/1993", "Market Cap (intraday) 5": "21.78M", "Enterprise Value 3": "23.28M", "Trailing P/E ": "12.71", "Forward P/E 1": "N/A", "PEG Ratio (5 yr expected) 1": "N/A", "Price/Sales (ttm)": "1.63", "Price/Book (mrq)": "1.46", "Enterprise Value/Revenue 3": "6.29", "Enterprise Value/EBITDA 7": "N/A"}, "3/31/1993": {"Duration": "3/31/1993", "Market Cap (intraday) 5": "22.13M", "Enterprise Value 3": "23.63M", "Trailing P/E ": "14.09", "Forward P/E 1": "N/A", "PEG Ratio (5 yr expected) 1": "N/A", "Price/Sales (ttm)": "1.68", "Price/Book (mrq)": "1.55", "Enterprise Value/Revenue 3": "7.62", "Enterprise Value/EBITDA 7": "N/A"}, "12/31/1992": {"Duration": "12/31/1992", "Market Cap (intraday) 5": "18.56M", "Enterprise Value 3": "21.56M", "Trailing P/E ": "12.26", "Forward P/E 1": "N/A", "PEG Ratio (5 yr expected) 1": "N/A", "Price/Sales (ttm)": "1.35", "Price/Book (mrq)": "1.34", "Enterprise Value/Revenue 3": "5.39", "Enterprise Value/EBITDA 7": "N/A"}, "9/30/1992": {"Duration": "9/30/1992", "Market Cap (intraday) 5": "15.35M", "Enterprise Value 3": "18.35M", "Trailing P/E ": "9.11", "Forward P/E 1": "N/A", "PEG Ratio (5 yr expected) 1": "N/A", "Price/Sales (ttm)": "1.12", "Price/Book (mrq)": "1.15", "Enterprise Value/Revenue 3": "5.40", "Enterprise Value/EBITDA 7": "N/A"}, "6/30/1992": {"Duration": "6/30/1992", "Market Cap (intraday) 5": "10.71M", "Enterprise Value 3": "13.71M", "Trailing P/E ": "6.94", "Forward P/E 1": "N/A", "PEG Ratio (5 yr expected) 1": "N/A", "Price/Sales (ttm)": "0.82", "Price/Book (mrq)": "0.84", "Enterprise Value/Revenue 3": "3.92", "Enterprise Value/EBITDA 7": "N/A"}, "3/31/1992": {"Duration": "3/31/1992", "Market Cap (intraday) 5": "20.71M", "Enterprise Value 3": "20.71M", "Trailing P/E ": "25.00", "Forward P/E 1": "N/A", "PEG Ratio (5 yr expected) 1": "N/A", "Price/Sales (ttm)": "1.76", "Price/Book (mrq)": "1.35", "Enterprise Value/Revenue 3": "6.27", "Enterprise Value/EBITDA 7": "N/A"}, "12/31/1991": {"Duration": "12/31/1991", "Market Cap (intraday) 5": "13.92M", "Enterprise Value 3": "13.92M", "Trailing P/E ": "17.41", "Forward P/E 1": "N/A", "PEG Ratio (5 yr expected) 1": "N/A", "Price/Sales (ttm)": "1.35", "Price/Book (mrq)": "0.93", "Enterprise Value/Revenue 3": "4.80", "Enterprise Value/EBITDA 7": "N/A"}, "9/30/1991": {"Duration": "9/30/1991", "Market Cap (intraday) 5": "14.28M", "Enterprise Value 3": "14.28M", "Trailing P/E ": "17.86", "Forward P/E 1": "N/A", "PEG Ratio (5 yr expected) 1": "N/A", "Price/Sales (ttm)": "1.54", "Price/Book (mrq)": "0.97", "Enterprise Value/Revenue 3": "5.10", "Enterprise Value/EBITDA 7": "N/A"}, "6/30/1991": {"Duration": "6/30/1991", "Market Cap (intraday) 5": "14.28M", "Enterprise Value 3": "14.28M", "Trailing P/E ": "9.80", "Forward P/E 1": "N/A", "PEG Ratio (5 yr expected) 1": "N/A", "Price/Sales (ttm)": "1.52", "Price/Book (mrq)": "0.98", "Enterprise Value/Revenue 3": "5.71", "Enterprise Value/EBITDA 7": "N/A"}, "3/31/1991": {"Duration": "3/31/1991", "Market Cap (intraday) 5": "17.14M", "Enterprise Value 3": "17.14M", "Trailing P/E ": "11.76", "Forward P/E 1": "N/A", "PEG Ratio (5 yr expected) 1": "N/A", "Price/Sales (ttm)": "1.80", "Price/Book (mrq)": "1.21", "Enterprise Value/Revenue 3": "8.16", "Enterprise Value/EBITDA 7": "N/A"}, "12/31/1990": {"Duration": "12/31/1990", "Market Cap (intraday) 5": "13.57M", "Enterprise Value 3": "13.57M", "Trailing P/E ": "9.31", "Forward P/E 1": "N/A", "PEG Ratio (5 yr expected) 1": "N/A", "Price/Sales (ttm)": "1.43", "Price/Book (mrq)": "0.96", "Enterprise Value/Revenue 3": "5.22", "Enterprise Value/EBITDA 7": "N/A"}, "9/30/1990": {"Duration": "9/30/1990", "Market Cap (intraday) 5": "13.92M", "Enterprise Value 3": "13.92M", "Trailing P/E ": "9.38", "Forward P/E 1": "N/A", "PEG Ratio (5 yr expected) 1": "N/A", "Price/Sales (ttm)": "1.39", "Price/Book (mrq)": "1.03", "Enterprise Value/Revenue 3": "5.57", "Enterprise Value/EBITDA 7": "N/A"}, "6/30/1990": {"Duration": "6/30/1990", "Market Cap (intraday) 5": "21.42M", "Enterprise Value 3": "21.42M", "Trailing P/E ": "15.00", "Forward P/E 1": "N/A", "PEG Ratio (5 yr expected) 1": "N/A", "Price/Sales (ttm)": "2.28", "Price/Book (mrq)": "1.64", "Enterprise Value/Revenue 3": "8.57", "Enterprise Value/EBITDA 7": "N/A"}, "3/31/1990": {"Duration": "3/31/1990", "Market Cap (intraday) 5": "16.42M", "Enterprise Value 3": "16.42M", "Trailing P/E ": "11.50", "Forward P/E 1": "N/A", "PEG Ratio (5 yr expected) 1": "N/A", "Price/Sales (ttm)": "1.81", "Price/Book (mrq)": "1.27", "Enterprise Value/Revenue 3": "7.46", "Enterprise Value/EBITDA 7": "N/A"}, "12/31/1989": {"Duration": "12/31/1989", "Market Cap (intraday) 5": "16.42M", "Enterprise Value 3": "16.42M", "Trailing P/E ": "11.73", "Forward P/E 1": "N/A", "PEG Ratio (5 yr expected) 1": "N/A", "Price/Sales (ttm)": "1.87", "Price/Book (mrq)": "1.30", "Enterprise Value/Revenue 3": "6.57", "Enterprise Value/EBITDA 7": "N/A"}, "9/30/1989": {"Duration": "9/30/1989", "Market Cap (intraday) 5": "21.42M", "Enterprise Value 3": "21.42M", "Trailing P/E ": "14.15", "Forward P/E 1": "N/A", "PEG Ratio (5 yr expected) 1": "N/A", "Price/Sales (ttm)": "2.52", "Price/Book (mrq)": "1.76", "Enterprise Value/Revenue 3": "9.31", "Enterprise Value/EBITDA 7": "N/A"}, "6/30/1989": {"Duration": "6/30/1989", "Market Cap (intraday) 5": "17.85M", "Enterprise Value 3": "17.85M", "Trailing P/E ": "11.79", "Forward P/E 1": "N/A", "PEG Ratio (5 yr expected) 1": "N/A", "Price/Sales (ttm)": "2.10", "Price/Book (mrq)": "1.46", "Enterprise Value/Revenue 3": "8.11", "Enterprise Value/EBITDA 7": "N/A"}, "3/31/1989": {"Duration": "3/31/1989", "Market Cap (intraday) 5": "18.56M", "Enterprise Value 3": "18.56M", "Trailing P/E ": "11.40", "Forward P/E 1": "N/A", "PEG Ratio (5 yr expected) 1": "N/A", "Price/Sales (ttm)": "2.15", "Price/Book (mrq)": "1.60", "Enterprise Value/Revenue 3": "9.77", "Enterprise Value/EBITDA 7": "N/A"}, "12/31/1988": {"Duration": "12/31/1988", "Market Cap (intraday) 5": "18.56M", "Enterprise Value 3": "18.56M", "Trailing P/E ": "10.66", "Forward P/E 1": "N/A", "PEG Ratio (5 yr expected) 1": "N/A", "Price/Sales (ttm)": "1.99", "Price/Book (mrq)": "1.86", "Enterprise Value/Revenue 3": "8.07", "Enterprise Value/EBITDA 7": "N/A"}, "9/30/1988": {"Duration": "9/30/1988", "Market Cap (intraday) 5": "18.40M", "Enterprise Value 3": "18.40M", "Trailing P/E ": "10.66", "Forward P/E 1": "N/A", "PEG Ratio (5 yr expected) 1": "N/A", "Price/Sales (ttm)": "1.99", "Price/Book (mrq)": "1.84", "Enterprise Value/Revenue 3": "7.36", "Enterprise Value/EBITDA 7": "N/A"}, "6/30/1988": {"Duration": "6/30/1988", "Market Cap (intraday) 5": "22.65M", "Enterprise Value 3": "22.65M", "Trailing P/E ": "8.81", "Forward P/E 1": "N/A", "PEG Ratio (5 yr expected) 1": "N/A", "Price/Sales (ttm)": "2.46", "Price/Book (mrq)": "2.26", "Enterprise Value/Revenue 3": "9.44", "Enterprise Value/EBITDA 7": "N/A"}, "3/31/1988": {"Duration": "3/31/1988", "Market Cap (intraday) 5": "20.52M", "Enterprise Value 3": "20.52M", "Trailing P/E ": "8.61", "Forward P/E 1": "N/A", "PEG Ratio (5 yr expected) 1": "N/A", "Price/Sales (ttm)": "2.14", "Price/Book (mrq)": "2.05", "Enterprise Value/Revenue 3": "10.80", "Enterprise Value/EBITDA 7": "N/A"}, "12/31/1987": {"Duration": "12/31/1987", "Market Cap (intraday) 5": "30.44M", "Enterprise Value 3": "30.44M", "Trailing P/E ": "12.08", "Forward P/E 1": "N/A", "PEG Ratio (5 yr expected) 1": "N/A", "Price/Sales (ttm)": "3.02", "Price/Book (mrq)": "3.04", "Enterprise Value/Revenue 3": "13.24", "Enterprise Value/EBITDA 7": "N/A"}, "9/30/1987": {"Duration": "9/30/1987", "Market Cap (intraday) 5": "42.52M", "Enterprise Value 3": "42.72M", "Trailing P/E ": "17.81", "Forward P/E 1": "N/A", "PEG Ratio (5 yr expected) 1": "N/A", "Price/Sales (ttm)": "6.55", "Price/Book (mrq)": "5.59", "Enterprise Value/Revenue 3": "15.82", "Enterprise Value/EBITDA 7": "N/A"}, "6/30/1987": {"Duration": "6/30/1987", "Market Cap (intraday) 5": "30.15M", "Enterprise Value 3": "30.35M", "Trailing P/E ": "25.17", "Forward P/E 1": "N/A", "PEG Ratio (5 yr expected) 1": "N/A", "Price/Sales (ttm)": "3.14", "Price/Book (mrq)": "3.97", "Enterprise Value/Revenue 3": "10.84", "Enterprise Value/EBITDA 7": "N/A"}, "3/31/1987": {"Duration": "3/31/1987", "Market Cap (intraday) 5": "27.36M", "Enterprise Value 3": "27.56M", "Trailing P/E ": "26.04", "Forward P/E 1": "N/A", "PEG Ratio (5 yr expected) 1": "N/A", "Price/Sales (ttm)": "3.04", "Price/Book (mrq)": "3.60", "Enterprise Value/Revenue 3": "11.98", "Enterprise Value/EBITDA 7": "N/A"}, "12/31/1986": {"Duration": "12/31/1986", "Market Cap (intraday) 5": "22.30M", "Enterprise Value 3": "22.50M", "Trailing P/E ": "30.77", "Forward P/E 1": "N/A", "PEG Ratio (5 yr expected) 1": "N/A", "Price/Sales (ttm)": "7.90", "Price/Book (mrq)": "2.93", "Enterprise Value/Revenue 3": "9.78", "Enterprise Value/EBITDA 7": "N/A"}}}}, {"FNF": {"quote": {"04/24/2021": {"value": "45.10", "Market Cap": "12.948B", "Beta (5Y Monthly)": "1.36", "PE Ratio (TTM)": "9.03", "EPS (TTM)": "4.99", "Earnings Date": "May 06, 2021", "Forward Dividend & Yield": "1.44 (3.19%)", "Ex-Dividend Date": "Mar 16, 2021", "1y Target Est": "52.00"}}, "fin": {"TTM": {"Duration": "TTM", "Total Revenue": "12,266,000", "Total Expenses": "9,639,000", "Pretax Income": "2,627,000", "Tax Provision": "516,000", "Earnings from Equity Interest Net of Tax": "27,000", "Net Income Common Stockholders": "2,093,000", "Diluted NI Available to Com Stockholders": "2,093,000", "Basic EPS": "-", "Diluted EPS": "-", "Basic Average Shares": "-", "Diluted Average Shares": "-", "Net Income from Continuing & Discontinued Operation": "2,093,000", "Normalized Income": "2,113,000", "EBIT": "2,733,000", "Reconciled Depreciation": "436,000", "Net Income from Continuing Operation Net Minority Interest": "2,113,000", "Tax Rate for Calcs": "0", "Tax Effect of Unusual Items": "0", "Interest Expense": "106,000"}, "12/31/2020": {"Duration": "12/31/2020", "Total Revenue": "10,778,000", "Total Expenses": "8,994,000", "Pretax Income": "1,784,000", "Tax Provision": "322,000", "Earnings from Equity Interest Net of Tax": "15,000", "Net Income Common Stockholders": "1,427,000", "Diluted NI Available to Com Stockholders": "1,427,000", "Basic EPS": "-", "Diluted EPS": "-", "Basic Average Shares": "-", "Diluted Average Shares": "-", "Net Income from Continuing & Discontinued Operation": "1,427,000", "Normalized Income": "1,452,000", "EBIT": "1,874,000", "Reconciled Depreciation": "296,000", "Net Income from Continuing Operation Net Minority Interest": "1,452,000", "Tax Rate for Calcs": "0", "Tax Effect of Unusual Items": "0", "Interest Expense": "90,000"}, "12/31/2019": {"Duration": "12/31/2019", "Total Revenue": "8,469,000", "Total Expenses": "7,100,000", "Pretax Income": "1,369,000", "Tax Provision": "308,000", "Earnings from Equity Interest Net of Tax": "15,000", "Net Income Common Stockholders": "1,062,000", "Diluted NI Available to Com Stockholders": "1,062,000", "Basic EPS": "3.89", "Diluted EPS": "3.83", "Basic Average Shares": "273,000", "Diluted Average Shares": "277,000", "Net Income from Continuing & Discontinued Operation": "1,062,000", "Normalized Income": "1,062,000", "EBIT": "1,416,000", "Reconciled Depreciation": "178,000", "Net Income from Continuing Operation Net Minority Interest": "1,062,000", "Tax Rate for Calcs": "0", "Tax Effect of Unusual Items": "0", "Interest Expense": "47,000"}, "12/31/2018": {"Duration": "12/31/2018", "Total Revenue": "7,594,000", "Total Expenses": "6,844,000", "Pretax Income": "750,000", "Tax Provision": "120,000", "Earnings from Equity Interest Net of Tax": "5,000", "Net Income Common Stockholders": "628,000", "Diluted NI Available to Com Stockholders": "628,000", "Basic EPS": "2.30", "Diluted EPS": "2.26", "Basic Average Shares": "273,000", "Diluted Average Shares": "278,000", "Net Income from Continuing & Discontinued Operation": "628,000", "Normalized Income": "628,000", "EBIT": "793,000", "Reconciled Depreciation": "182,000", "Net Income from Continuing Operation Net Minority Interest": "628,000", "Tax Rate for Calcs": "0", "Tax Effect of Unusual Items": "0", "Interest Expense": "43,000"}, "12/31/2017": {"Duration": "12/31/2017", "Total Revenue": "7,663,000", "Total Expenses": "6,799,000", "Pretax Income": "864,000", "Tax Provision": "235,000", "Earnings from Equity Interest Net of Tax": "10,000", "Net Income Common Stockholders": "771,000", "Diluted NI Available to Com Stockholders": "771,000", "Basic EPS": "2.44", "Diluted EPS": "2.38", "Basic Average Shares": "271,000", "Diluted Average Shares": "278,000", "Net Income from Continuing & Discontinued Operation": "771,000", "Normalized Income": "616,000", "EBIT": "912,000", "Reconciled Depreciation": "389,000", "Net Income from Continuing Operation Net Minority Interest": "616,000", "Tax Rate for Calcs": "0", "Tax Effect of Unusual Items": "0", "Interest Expense": "48,000"}, "12/31/2016": {"Duration": "12/31/2016", "Total Revenue": "9,554,000", "Total Expenses": "8,482,000", "Pretax Income": "1,072,000", "Tax Provision": "372,000", "Earnings from Equity Interest Net of Tax": "-8,000", "Net Income Common Stockholders": "650,000", "Diluted NI Available to Com Stockholders": "650,000", "Basic EPS": "1.92", "Diluted EPS": "1.92", "Basic Average Shares": "338,622", "Diluted Average Shares": "338,622", "Net Income from Continuing & Discontinued Operation": "650,000", "Normalized Income": "650,000", "EBIT": "1,208,000", "Reconciled Depreciation": "431,000", "Net Income from Continuing Operation Net Minority Interest": "650,000", "Tax Rate for Calcs": "0", "Tax Effect of Unusual Items": "0", "Interest Expense": "136,000"}, "12/31/2015": {"Duration": "12/31/2015", "Total Revenue": "9,132,000", "Total Expenses": "8,265,000", "Pretax Income": "867,000", "Tax Provision": "290,000", "Earnings from Equity Interest Net of Tax": "-16,000", "Net Income Common Stockholders": "527,000", "Diluted NI Available to Com Stockholders": "527,000", "Basic EPS": "1.51", "Diluted EPS": "1.51", "Basic Average Shares": "347,999", "Diluted Average Shares": "347,999", "Net Income from Continuing & Discontinued Operation": "527,000", "Normalized Income": "527,000", "EBIT": "998,000", "Reconciled Depreciation": "410,000", "Net Income from Continuing Operation Net Minority Interest": "527,000", "Tax Rate for Calcs": "0", "Tax Effect of Unusual Items": "0", "Interest Expense": "131,000"}, "12/31/2014": {"Duration": "12/31/2014", "Total Revenue": "8,024,000", "Total Expenses": "7,632,000", "Pretax Income": "392,000", "Tax Provision": "312,000", "Earnings from Equity Interest Net of Tax": "432,000", "Net Income Common Stockholders": "583,000", "Diluted NI Available to Com Stockholders": "583,000", "Basic EPS": "2.09", "Diluted EPS": "2.09", "Basic Average Shares": "278,950", "Diluted Average Shares": "278,950", "Net Income from Continuing & Discontinued Operation": "583,000", "Normalized Income": "576,000", "EBIT": "519,000", "Reconciled Depreciation": "476,000", "Net Income from Continuing Operation Net Minority Interest": "576,000", "Tax Rate for Calcs": "0", "Tax Effect of Unusual Items": "0", "Interest Expense": "127,000"}, "12/31/2013": {"Duration": "12/31/2013", "Total Revenue": "8,565,000", "Total Expenses": "7,914,000", "Pretax Income": "651,000", "Tax Provision": "205,000", "Earnings from Equity Interest Net of Tax": "-26,000", "Net Income Common Stockholders": "402,000", "Diluted NI Available to Com Stockholders": "402,000", "Basic EPS": "1.75", "Diluted EPS": "1.71", "Basic Average Shares": "230,000", "Diluted Average Shares": "235,000", "Net Income from Continuing & Discontinued Operation": "402,000", "Normalized Income": "403,000", "EBIT": "744,000", "Reconciled Depreciation": "209,000", "Net Income from Continuing Operation Net Minority Interest": "403,000", "Tax Rate for Calcs": "0", "Tax Effect of Unusual Items": "0", "Interest Expense": "93,000"}, "12/31/2012": {"Duration": "12/31/2012", "Total Revenue": "7,201,700", "Total Expenses": "6,358,300", "Pretax Income": "843,400", "Tax Provision": "246,700", "Earnings from Equity Interest Net of Tax": "9,900", "Net Income Common Stockholders": "606,500", "Diluted NI Available to Com Stockholders": "606,500", "Basic EPS": "2.74", "Diluted EPS": "2.68", "Basic Average Shares": "221,200", "Diluted Average Shares": "226,000", "Net Income from Continuing & Discontinued Operation": "606,500", "Normalized Income": "601,400", "EBIT": "917,800", "Reconciled Depreciation": "131,800", "Net Income from Continuing Operation Net Minority Interest": "601,400", "Tax Rate for Calcs": "0", "Tax Effect of Unusual Items": "0", "Interest Expense": "74,400"}, "12/31/2011": {"Duration": "12/31/2011", "Total Revenue": "4,839,600", "Total Expenses": "4,424,800", "Pretax Income": "414,800", "Tax Provision": "134,400", "Earnings from Equity Interest Net of Tax": "9,700", "Net Income Common Stockholders": "369,500", "Diluted NI Available to Com Stockholders": "369,500", "Basic EPS": "1.69", "Diluted EPS": "1.66", "Basic Average Shares": "219,000", "Diluted Average Shares": "222,700", "Net Income from Continuing & Discontinued Operation": "369,500", "Normalized Income": "280,500", "EBIT": "472,000", "Reconciled Depreciation": "76,300", "Net Income from Continuing Operation Net Minority Interest": "280,500", "Tax Rate for Calcs": "0", "Tax Effect of Unusual Items": "0", "Interest Expense": "57,200"}, "12/31/2010": {"Duration": "12/31/2010", "Total Revenue": "5,740,300", "Total Expenses": "5,177,900", "Pretax Income": "562,400", "Tax Provision": "185,600", "Earnings from Equity Interest Net of Tax": "-1,200", "Net Income Common Stockholders": "370,100", "Diluted NI Available to Com Stockholders": "370,100", "Basic EPS": "1.64", "Diluted EPS": "1.61", "Basic Average Shares": "226,200", "Diluted Average Shares": "229,300", "Net Income from Continuing & Discontinued Operation": "370,100", "Normalized Income": "370,100", "EBIT": "608,600", "Reconciled Depreciation": "90,400", "Net Income from Continuing Operation Net Minority Interest": "370,100", "Tax Rate for Calcs": "0", "Tax Effect of Unusual Items": "0", "Interest Expense": "46,200"}, "12/31/2009": {"Duration": "12/31/2009", "Total Revenue": "5,828,400", "Total Expenses": "5,483,500", "Pretax Income": "344,900", "Tax Provision": "106,800", "Earnings from Equity Interest Net of Tax": "-11,700", "Net Income Common Stockholders": "222,300", "Diluted NI Available to Com Stockholders": "222,300", "Basic EPS": "0.99", "Diluted EPS": "0.97", "Basic Average Shares": "224,674", "Diluted Average Shares": "228,485", "Net Income from Continuing & Discontinued Operation": "222,300", "Normalized Income": "224,200", "EBIT": "381,600", "Reconciled Depreciation": "127,600", "Net Income from Continuing Operation Net Minority Interest": "224,200", "Tax Rate for Calcs": "0", "Tax Effect of Unusual Items": "0", "Interest Expense": "36,700"}, "12/31/2008": {"Duration": "12/31/2008", "Total Revenue": "4,329,095", "Total Expenses": "4,624,488", "Pretax Income": "-295,393", "Tax Provision": "-125,542", "Earnings from Equity Interest Net of Tax": "-13,375", "Net Income Common Stockholders": "-179,016", "Diluted NI Available to Com Stockholders": "-179,016", "Basic EPS": "-0.85", "Diluted EPS": "-0.85", "Basic Average Shares": "209,974", "Diluted Average Shares": "209,974", "Net Income from Continuing & Discontinued Operation": "-179,016", "Normalized Income": "-179,016", "EBIT": "-226,604", "Reconciled Depreciation": "142,759", "Net Income from Continuing Operation Net Minority Interest": "-179,016", "Tax Rate for Calcs": "0", "Tax Effect of Unusual Items": "0", "Interest Expense": "68,789"}, "12/31/2007": {"Duration": "12/31/2007", "Total Revenue": "5,524,010", "Total Expenses": "5,347,497", "Pretax Income": "176,513", "Tax Provision": "46,776", "Earnings from Equity Interest Net of Tax": "32", "Net Income Common Stockholders": "129,769", "Diluted NI Available to Com Stockholders": "129,769", "Basic EPS": "0.60", "Diluted EPS": "0.59", "Basic Average Shares": "216,583", "Diluted Average Shares": "219,989", "Net Income from Continuing & Discontinued Operation": "129,769", "Normalized Income": "129,769", "EBIT": "231,454", "Reconciled Depreciation": "130,092", "Net Income from Continuing Operation Net Minority Interest": "129,769", "Tax Rate for Calcs": "0", "Tax Effect of Unusual Items": "0", "Interest Expense": "54,941"}, "12/31/2006": {"Duration": "12/31/2006", "Total Revenue": "9,436,101", "Total Expenses": "8,492,899", "Pretax Income": "943,202", "Tax Provision": "350,871", "Earnings from Equity Interest Net of Tax": "-154,570", "Net Income Common Stockholders": "437,761", "Diluted NI Available to Com Stockholders": "437,761", "Basic EPS": "2.40", "Diluted EPS": "2.39", "Basic Average Shares": "182,031", "Diluted Average Shares": "182,861", "Net Income from Continuing & Discontinued Operation": "437,761", "Normalized Income": "437,761", "EBIT": "1,153,174", "Reconciled Depreciation": "460,750", "Net Income from Continuing Operation Net Minority Interest": "437,761", "Tax Rate for Calcs": "0", "Tax Effect of Unusual Items": "0", "Interest Expense": "209,972"}, "12/31/2005": {"Duration": "12/31/2005", "Total Revenue": "6,315,861", "Total Expenses": "5,447,557", "Pretax Income": "868,304", "Tax Provision": "327,351", "Earnings from Equity Interest Net of Tax": "-1,972", "Net Income Common Stockholders": "538,981", "Diluted NI Available to Com Stockholders": "538,981", "Basic EPS": "3.11", "Diluted EPS": "3.11", "Basic Average Shares": "173,463", "Diluted Average Shares": "173,575", "Net Income from Continuing & Discontinued Operation": "538,981", "Normalized Income": "538,981", "EBIT": "884,967", "Reconciled Depreciation": "102,105", "Net Income from Continuing Operation Net Minority Interest": "538,981", "Tax Rate for Calcs": "0", "Tax Effect of Unusual Items": "0", "Interest Expense": "16,663"}, "12/31/2004": {"Duration": "12/31/2004", "Total Revenue": "5,889,413", "Total Expenses": "5,006,486", "Pretax Income": "882,927", "Tax Provision": "323,598", "Earnings from Equity Interest Net of Tax": "-", "Net Income Common Stockholders": "558,164", "Diluted NI Available to Com Stockholders": "558,164", "Basic EPS": "3.22", "Diluted EPS": "3.22", "Basic Average Shares": "173,520", "Diluted Average Shares": "173,520", "Net Income from Continuing & Discontinued Operation": "558,164", "Normalized Income": "558,164", "EBIT": "886,812", "Reconciled Depreciation": "95,718", "Net Income from Continuing Operation Net Minority Interest": "558,164", "Tax Rate for Calcs": "0", "Tax Effect of Unusual Items": "0", "Interest Expense": "3,885"}, "12/31/2003": {"Duration": "12/31/2003", "Total Revenue": "7,715,215", "Total Expenses": "6,294,576", "Pretax Income": "1,420,639", "Tax Provision": "539,843", "Earnings from Equity Interest Net of Tax": "-", "Net Income Common Stockholders": "861,820", "Diluted NI Available to Com Stockholders": "861,820", "Basic EPS": "4.97", "Diluted EPS": "4.97", "Basic Average Shares": "173,520", "Diluted Average Shares": "173,520", "Net Income from Continuing & Discontinued Operation": "861,820", "Normalized Income": "861,820", "EBIT": "1,463,742", "Reconciled Depreciation": "227,937", "Net Income from Continuing Operation Net Minority Interest": "861,820", "Tax Rate for Calcs": "0", "Tax Effect of Unusual Items": "0", "Interest Expense": "43,103"}, "12/31/2002": {"Duration": "12/31/2002", "Total Revenue": "5,082,640", "Total Expenses": "4,231,340", "Pretax Income": "851,300", "Tax Provision": "306,468", "Earnings from Equity Interest Net of Tax": "-", "Net Income Common Stockholders": "531,717", "Diluted NI Available to Com Stockholders": "531,717", "Basic EPS": "3.06", "Diluted EPS": "3.06", "Basic Average Shares": "173,520", "Diluted Average Shares": "173,520", "Net Income from Continuing & Discontinued Operation": "531,717", "Normalized Income": "531,717", "EBIT": "885,353", "Reconciled Depreciation": "74,163", "Net Income from Continuing Operation Net Minority Interest": "531,717", "Tax Rate for Calcs": "0", "Tax Effect of Unusual Items": "0", "Interest Expense": "34,053"}, "12/31/2001": {"Duration": "12/31/2001", "Total Revenue": "3,490,465", "Total Expenses": "2,976,838", "Pretax Income": "513,627", "Tax Provision": "-", "Earnings from Equity Interest Net of Tax": "-", "Net Income Common Stockholders": "301,953", "Diluted NI Available to Com Stockholders": "301,953", "Basic EPS": "1.74", "Diluted EPS": "1.74", "Basic Average Shares": "173,520", "Diluted Average Shares": "173,520", "Net Income from Continuing & Discontinued Operation": "301,953", "Normalized Income": "301,953", "EBIT": "529,322", "Reconciled Depreciation": "100,225", "Net Income from Continuing Operation Net Minority Interest": "301,953", "Tax Rate for Calcs": "0", "Tax Effect of Unusual Items": "0", "Interest Expense": "15,695"}, "12/31/2000": {"Duration": "12/31/2000", "Total Revenue": "2,554,674", "Total Expenses": "2,329,492", "Pretax Income": "225,182", "Tax Provision": "-", "Earnings from Equity Interest Net of Tax": "-", "Net Income Common Stockholders": "128,129", "Diluted NI Available to Com Stockholders": "128,129", "Basic EPS": "0.74", "Diluted EPS": "0.74", "Basic Average Shares": "173,520", "Diluted Average Shares": "173,520", "Net Income from Continuing & Discontinued Operation": "128,129", "Normalized Income": "128,129", "EBIT": "240,642", "Reconciled Depreciation": "88,033", "Net Income from Continuing Operation Net Minority Interest": "128,129", "Tax Rate for Calcs": "0", "Tax Effect of Unusual Items": "0", "Interest Expense": "15,460"}}, "bs": {"12/31/2020": {"Duration": "12/31/2020", "Total Assets": "50,455,000", "Total Liabilities Net Minority Interest": "42,063,000", "Total Equity Gross Minority Interest": "8,392,000", "Total Capitalization": "11,013,000", "Common Stock Equity": "8,351,000", "Capital Lease Obligations": "414,000", "Net Tangible Assets": "1,188,000", "Invested Capital": "11,013,000", "Tangible Book Value": "1,188,000", "Total Debt": "3,076,000", "Net Debt": "213,000", "Share Issued": "322,623", "Ordinary Shares Number": "291,449", "Treasury Shares Number": "31,174"}, "12/31/2019": {"Duration": "12/31/2019", "Total Assets": "10,677,000", "Total Liabilities Net Minority Interest": "5,312,000", "Total Equity Gross Minority Interest": "5,365,000", "Total Capitalization": "6,220,000", "Common Stock Equity": "5,382,000", "Capital Lease Obligations": "442,000", "Net Tangible Assets": "1,829,000", "Invested Capital": "6,220,000", "Tangible Book Value": "1,829,000", "Total Debt": "1,280,000", "Net Debt": "-", "Share Issued": "292,236", "Ordinary Shares Number": "275,563", "Treasury Shares Number": "16,673"}, "12/31/2018": {"Duration": "12/31/2018", "Total Assets": "9,301,000", "Total Liabilities Net Minority Interest": "4,673,000", "Total Equity Gross Minority Interest": "4,628,000", "Total Capitalization": "5,466,000", "Common Stock Equity": "4,630,000", "Capital Lease Obligations": "-", "Net Tangible Assets": "986,000", "Invested Capital": "5,466,000", "Tangible Book Value": "986,000", "Total Debt": "836,000", "Net Debt": "-", "Share Issued": "289,602", "Ordinary Shares Number": "275,374", "Treasury Shares Number": "14,228"}, "12/31/2017": {"Duration": "12/31/2017", "Total Assets": "9,151,000", "Total Liabilities Net Minority Interest": "4,684,000", "Total Equity Gross Minority Interest": "4,467,000", "Total Capitalization": "5,206,000", "Common Stock Equity": "4,447,000", "Capital Lease Obligations": "-", "Net Tangible Assets": "685,000", "Invested Capital": "5,206,000", "Tangible Book Value": "685,000", "Total Debt": "759,000", "Net Debt": "-", "Share Issued": "287,718", "Ordinary Shares Number": "274,432", "Treasury Shares Number": "13,287"}, "12/31/2016": {"Duration": "12/31/2016", "Total Assets": "14,463,000", "Total Liabilities Net Minority Interest": "7,565,000", "Total Equity Gross Minority Interest": "6,898,000", "Total Capitalization": "8,742,000", "Common Stock Equity": "5,996,000", "Capital Lease Obligations": "-", "Net Tangible Assets": "-1,074,000", "Invested Capital": "8,742,000", "Tangible Book Value": "-1,074,000", "Total Debt": "2,746,000", "Net Debt": "1,423,000", "Share Issued": "379,788", "Ordinary Shares Number": "338,622", "Treasury Shares Number": "41,166"}, "12/31/2015": {"Duration": "12/31/2015", "Total Assets": "13,931,000", "Total Liabilities Net Minority Interest": "7,343,000", "Total Equity Gross Minority Interest": "6,588,000", "Total Capitalization": "8,547,000", "Common Stock Equity": "5,754,000", "Capital Lease Obligations": "-", "Net Tangible Assets": "-923,000", "Invested Capital": "8,547,000", "Tangible Book Value": "-923,000", "Total Debt": "2,793,000", "Net Debt": "2,013,000", "Share Issued": "362,976", "Ordinary Shares Number": "347,999", "Treasury Shares Number": "14,977"}, "12/31/2014": {"Duration": "12/31/2014", "Total Assets": "13,868,000", "Total Liabilities Net Minority Interest": "7,795,000", "Total Equity Gross Minority Interest": "6,073,000", "Total Capitalization": "8,820,000", "Common Stock Equity": "5,994,000", "Capital Lease Obligations": "-", "Net Tangible Assets": "-823,000", "Invested Capital": "8,820,000", "Tangible Book Value": "-823,000", "Total Debt": "2,826,000", "Net Debt": "2,126,000", "Share Issued": "279,443", "Ordinary Shares Number": "278,950", "Treasury Shares Number": "493.737"}, "12/31/2013": {"Duration": "12/31/2013", "Total Assets": "10,524,000", "Total Liabilities Net Minority Interest": "4,982,000", "Total Equity Gross Minority Interest": "5,542,000", "Total Capitalization": "6,391,000", "Common Stock Equity": "5,068,000", "Capital Lease Obligations": "-", "Net Tangible Assets": "2,178,000", "Invested Capital": "6,391,000", "Tangible Book Value": "2,178,000", "Total Debt": "1,323,000", "Net Debt": "-", "Share Issued": "292,289", "Ordinary Shares Number": "250,341", "Treasury Shares Number": "41,949"}, "12/31/2012": {"Duration": "12/31/2012", "Total Assets": "9,902,600", "Total Liabilities Net Minority Interest": "5,153,500", "Total Equity Gross Minority Interest": "4,749,100", "Total Capitalization": "5,611,900", "Common Stock Equity": "4,268,000", "Capital Lease Obligations": "-", "Net Tangible Assets": "1,334,800", "Invested Capital": "5,611,900", "Tangible Book Value": "1,334,800", "Total Debt": "1,343,900", "Net Debt": "212,000", "Share Issued": "268,541", "Ordinary Shares Number": "228,546", "Treasury Shares Number": "39,996"}, "12/31/2011": {"Duration": "12/31/2011", "Total Assets": "7,862,100", "Total Liabilities Net Minority Interest": "4,206,200", "Total Equity Gross Minority Interest": "3,655,900", "Total Capitalization": "4,548,500", "Common Stock Equity": "3,632,700", "Capital Lease Obligations": "-", "Net Tangible Assets": "2,021,700", "Invested Capital": "4,548,500", "Tangible Book Value": "2,021,700", "Total Debt": "915,800", "Net Debt": "250,100", "Share Issued": "254,868", "Ordinary Shares Number": "220,677", "Treasury Shares Number": "34,191"}, "12/31/2010": {"Duration": "12/31/2010", "Total Assets": "7,887,500", "Total Liabilities Net Minority Interest": "4,443,100", "Total Equity Gross Minority Interest": "3,444,400", "Total Capitalization": "4,379,100", "Common Stock Equity": "3,427,100", "Capital Lease Obligations": "-", "Net Tangible Assets": "1,757,200", "Invested Capital": "4,379,100", "Tangible Book Value": "1,757,200", "Total Debt": "952,000", "Net Debt": "371,200", "Share Issued": "252,184", "Ordinary Shares Number": "223,748", "Treasury Shares Number": "28,436"}, "12/31/2009": {"Duration": "12/31/2009", "Total Assets": "7,934,425", "Total Liabilities Net Minority Interest": "4,589,525", "Total Equity Gross Minority Interest": "3,344,900", "Total Capitalization": "3,325,900", "Common Stock Equity": "3,325,900", "Capital Lease Obligations": "-", "Net Tangible Assets": "1,647,800", "Invested Capital": "4,187,800", "Tangible Book Value": "1,647,800", "Total Debt": "861,900", "Net Debt": "659,800", "Share Issued": "249,714", "Ordinary Shares Number": "230,217", "Treasury Shares Number": "19,497"}, "12/31/2008": {"Duration": "12/31/2008", "Total Assets": "8,368,240", "Total Liabilities Net Minority Interest": "5,511,468", "Total Equity Gross Minority Interest": "2,856,772", "Total Capitalization": "2,805,573", "Common Stock Equity": "2,805,573", "Capital Lease Obligations": "-", "Net Tangible Assets": "1,045,677", "Invested Capital": "4,156,422", "Tangible Book Value": "1,045,677", "Total Debt": "1,350,849", "Net Debt": "1,035,552", "Share Issued": "228,576", "Ordinary Shares Number": "215,088", "Treasury Shares Number": "13,488"}, "12/31/2007": {"Duration": "12/31/2007", "Total Assets": "7,556,414", "Total Liabilities Net Minority Interest": "4,258,458", "Total Equity Gross Minority Interest": "3,297,956", "Total Capitalization": "4,411,827", "Common Stock Equity": "3,244,088", "Capital Lease Obligations": "-", "Net Tangible Assets": "1,688,587", "Invested Capital": "4,411,827", "Tangible Book Value": "1,688,587", "Total Debt": "1,167,739", "Net Debt": "598,177", "Share Issued": "213,037", "Ordinary Shares Number": "213,037", "Treasury Shares Number": "-"}, "12/31/2006": {"Duration": "12/31/2006", "Total Assets": "7,259,559", "Total Liabilities Net Minority Interest": "3,729,147", "Total Equity Gross Minority Interest": "3,530,412", "Total Capitalization": "3,965,535", "Common Stock Equity": "3,474,368", "Capital Lease Obligations": "-", "Net Tangible Assets": "2,140,745", "Invested Capital": "3,965,535", "Tangible Book Value": "2,140,745", "Total Debt": "491,167", "Net Debt": "-", "Share Issued": "221,413", "Ordinary Shares Number": "221,413", "Treasury Shares Number": "-"}, "12/31/2005": {"Duration": "12/31/2005", "Total Assets": "5,900,533", "Total Liabilities Net Minority Interest": "3,411,820", "Total Equity Gross Minority Interest": "2,484,375", "Total Capitalization": "3,083,299", "Common Stock Equity": "2,480,037", "Capital Lease Obligations": "-", "Net Tangible Assets": "1,428,511", "Invested Capital": "3,083,299", "Tangible Book Value": "1,428,511", "Total Debt": "603,262", "Net Debt": "141,105", "Share Issued": "174,320", "Ordinary Shares Number": "174,320", "Treasury Shares Number": "-"}, "12/31/2004": {"Duration": "12/31/2004", "Total Assets": "5,074,091", "Total Liabilities Net Minority Interest": "2,393,384", "Total Equity Gross Minority Interest": "2,680,707", "Total Capitalization": "2,699,146", "Common Stock Equity": "2,676,756", "Capital Lease Obligations": "-", "Net Tangible Assets": "1,717,156", "Invested Capital": "2,699,146", "Tangible Book Value": "1,717,156", "Total Debt": "22,390", "Net Debt": "-", "Share Issued": "-", "Ordinary Shares Number": "-", "Treasury Shares Number": "-"}, "12/31/2003": {"Duration": "12/31/2003", "Total Assets": "7,263,175", "Total Liabilities Net Minority Interest": "3,374,981", "Total Equity Gross Minority Interest": "3,888,194", "Total Capitalization": "4,532,545", "Common Stock Equity": "3,873,359", "Capital Lease Obligations": "-", "Net Tangible Assets": "3,873,359", "Invested Capital": "4,532,545", "Tangible Book Value": "3,873,359", "Total Debt": "659,186", "Net Debt": "199,531", "Share Issued": "-", "Ordinary Shares Number": "-", "Treasury Shares Number": "-"}, "12/31/2002": {"Duration": "12/31/2002", "Total Assets": "5,245,951", "Total Liabilities Net Minority Interest": "2,860,218", "Total Equity Gross Minority Interest": "2,385,733", "Total Capitalization": "2,747,394", "Common Stock Equity": "2,253,936", "Capital Lease Obligations": "-", "Net Tangible Assets": "2,253,936", "Invested Capital": "2,747,394", "Tangible Book Value": "2,253,936", "Total Debt": "493,458", "Net Debt": "10,858", "Share Issued": "-", "Ordinary Shares Number": "-", "Treasury Shares Number": "-"}, "12/31/2001": {"Duration": "12/31/2001", "Total Assets": "3,848,300", "Total Liabilities Net Minority Interest": "2,106,674", "Total Equity Gross Minority Interest": "1,741,626", "Total Capitalization": "1,741,387", "Common Stock Equity": "1,741,387", "Capital Lease Obligations": "-", "Net Tangible Assets": "1,741,387", "Invested Capital": "1,741,387", "Tangible Book Value": "1,741,387", "Total Debt": "-", "Net Debt": "-", "Share Issued": "-", "Ordinary Shares Number": "-", "Treasury Shares Number": "-"}, "12/31/2000": {"Duration": "12/31/2000", "Total Assets": "3,542,307", "Total Liabilities Net Minority Interest": "1,948,594", "Total Equity Gross Minority Interest": "1,593,713", "Total Capitalization": "1,593,509", "Common Stock Equity": "1,593,509", "Capital Lease Obligations": "-", "Net Tangible Assets": "1,593,509", "Invested Capital": "1,593,509", "Tangible Book Value": "1,593,509", "Total Debt": "-", "Net Debt": "-", "Share Issued": "-", "Ordinary Shares Number": "-", "Treasury Shares Number": "-"}}, "cf": {"TTM": {"Duration": "TTM", "Operating Cash Flow": "2,138,000", "Investing Cash Flow": "-2,952,000", "Financing Cash Flow": "2,950,000", "End Cash Position": "3,026,000", "Capital Expenditure": "-104,000", "Issuance of Capital Stock": "-", "Issuance of Debt": "-", "Repayment of Debt": "-", "Repurchase of Capital Stock": "-259,000", "Free Cash Flow": "2,034,000"}, "12/31/2020": {"Duration": "12/31/2020", "Operating Cash Flow": "1,578,000", "Investing Cash Flow": "-2,331,000", "Financing Cash Flow": "2,096,000", "End Cash Position": "2,719,000", "Capital Expenditure": "-110,000", "Issuance of Capital Stock": "-", "Issuance of Debt": "2,246,000", "Repayment of Debt": "-1,000,000", "Repurchase of Capital Stock": "-236,000", "Free Cash Flow": "1,468,000"}, "12/31/2019": {"Duration": "12/31/2019", "Operating Cash Flow": "1,121,000", "Investing Cash Flow": "-520,000", "Financing Cash Flow": "-482,000", "End Cash Position": "1,376,000", "Capital Expenditure": "-96,000", "Issuance of Capital Stock": "-", "Issuance of Debt": "0", "Repayment of Debt": "0", "Repurchase of Capital Stock": "-86,000", "Free Cash Flow": "1,025,000"}, "12/31/2018": {"Duration": "12/31/2018", "Operating Cash Flow": "943,000", "Investing Cash Flow": "-354,000", "Financing Cash Flow": "-442,000", "End Cash Position": "1,257,000", "Capital Expenditure": "-83,000", "Issuance of Capital Stock": "-", "Issuance of Debt": "442,000", "Repayment of Debt": "-370,000", "Repurchase of Capital Stock": "-20,000", "Free Cash Flow": "860,000"}, "12/31/2017": {"Duration": "12/31/2017", "Operating Cash Flow": "737,000", "Investing Cash Flow": "-95,000", "Financing Cash Flow": "-999,000", "End Cash Position": "635,000", "Capital Expenditure": "-149,000", "Issuance of Capital Stock": "0", "Issuance of Debt": "785,000", "Repayment of Debt": "-996,000", "Repurchase of Capital Stock": "-70,000", "Free Cash Flow": "588,000"}, "12/31/2016": {"Duration": "12/31/2016", "Operating Cash Flow": "1,162,000", "Investing Cash Flow": "-254,000", "Financing Cash Flow": "-588,000", "End Cash Position": "992,000", "Capital Expenditure": "-290,000", "Issuance of Capital Stock": "0", "Issuance of Debt": "132,000", "Repayment of Debt": "-200,000", "Repurchase of Capital Stock": "-276,000", "Free Cash Flow": "872,000"}, "12/31/2015": {"Duration": "12/31/2015", "Operating Cash Flow": "917,000", "Investing Cash Flow": "-571,000", "Financing Cash Flow": "-238,000", "End Cash Position": "672,000", "Capital Expenditure": "-241,000", "Issuance of Capital Stock": "475,000", "Issuance of Debt": "1,360,000", "Repayment of Debt": "-1,359,000", "Repurchase of Capital Stock": "-498,000", "Free Cash Flow": "676,000"}, "12/31/2014": {"Duration": "12/31/2014", "Operating Cash Flow": "567,000", "Investing Cash Flow": "-2,720,000", "Financing Cash Flow": "1,087,000", "End Cash Position": "564,000", "Capital Expenditure": "-210,000", "Issuance of Capital Stock": "0", "Issuance of Debt": "1,764,000", "Repayment of Debt": "-1,073,000", "Repurchase of Capital Stock": "-2,000", "Free Cash Flow": "357,000"}, "12/31/2013": {"Duration": "12/31/2013", "Operating Cash Flow": "484,000", "Investing Cash Flow": "-60,000", "Financing Cash Flow": "340,000", "End Cash Position": "1,630,000", "Capital Expenditure": "-145,000", "Issuance of Capital Stock": "511,000", "Issuance of Debt": "341,000", "Repayment of Debt": "-359,000", "Repurchase of Capital Stock": "-34,000", "Free Cash Flow": "339,000"}, "12/31/2012": {"Duration": "12/31/2012", "Operating Cash Flow": "620,000", "Investing Cash Flow": "-310,000", "Financing Cash Flow": "51,600", "End Cash Position": "866,000", "Capital Expenditure": "-79,200", "Issuance of Capital Stock": "-", "Issuance of Debt": "679,000", "Repayment of Debt": "-558,400", "Repurchase of Capital Stock": "-37,600", "Free Cash Flow": "540,800"}, "12/31/2011": {"Duration": "12/31/2011", "Operating Cash Flow": "124,900", "Investing Cash Flow": "149,500", "Financing Cash Flow": "-204,600", "End Cash Position": "504,400", "Capital Expenditure": "-35,900", "Issuance of Capital Stock": "0", "Issuance of Debt": "500,000", "Repayment of Debt": "-515,900", "Repurchase of Capital Stock": "-86,200", "Free Cash Flow": "89,000"}, "12/31/2010": {"Duration": "12/31/2010", "Operating Cash Flow": "182,500", "Investing Cash Flow": "332,700", "Financing Cash Flow": "-185,900", "End Cash Position": "434,600", "Capital Expenditure": "-53,900", "Issuance of Capital Stock": "0", "Issuance of Debt": "600,300", "Repayment of Debt": "-510,100", "Repurchase of Capital Stock": "-117,600", "Free Cash Flow": "128,600"}, "12/31/2009": {"Duration": "12/31/2009", "Operating Cash Flow": "380,300", "Investing Cash Flow": "-368,600", "Financing Cash Flow": "-112,100", "End Cash Position": "105,300", "Capital Expenditure": "-59,800", "Issuance of Capital Stock": "331,400", "Issuance of Debt": "147,000", "Repayment of Debt": "-398,400", "Repurchase of Capital Stock": "-74,900", "Free Cash Flow": "320,500"}, "12/31/2008": {"Duration": "12/31/2008", "Operating Cash Flow": "4,587", "Investing Cash Flow": "-24,926", "Financing Cash Flow": "-150,029", "End Cash Position": "205,710", "Capital Expenditure": "-107,278", "Issuance of Capital Stock": "-", "Issuance of Debt": "380,397", "Repayment of Debt": "-263,491", "Repurchase of Capital Stock": "-45,998", "Free Cash Flow": "-102,691"}, "12/31/2007": {"Duration": "12/31/2007", "Operating Cash Flow": "341,931", "Investing Cash Flow": "-515,617", "Financing Cash Flow": "101,778", "End Cash Position": "376,078", "Capital Expenditure": "-124,640", "Issuance of Capital Stock": "8,409", "Issuance of Debt": "570,468", "Repayment of Debt": "-30,335", "Repurchase of Capital Stock": "-187,245", "Free Cash Flow": "217,291"}, "12/31/2006": {"Duration": "12/31/2006", "Operating Cash Flow": "721,148", "Investing Cash Flow": "-115,718", "Financing Cash Flow": "-436,129", "End Cash Position": "447,986", "Capital Expenditure": "-344,755", "Issuance of Capital Stock": "50,648", "Issuance of Debt": "642,203", "Repayment of Debt": "-874,113", "Repurchase of Capital Stock": "0", "Free Cash Flow": "376,393"}, "12/31/2005": {"Duration": "12/31/2005", "Operating Cash Flow": "697,471", "Investing Cash Flow": "-414,928", "Financing Cash Flow": "-128,309", "End Cash Position": "227,448", "Capital Expenditure": "-100,196", "Issuance of Capital Stock": "-", "Issuance of Debt": "800,449", "Repayment of Debt": "-222,268", "Repurchase of Capital Stock": "-", "Free Cash Flow": "597,275"}, "12/31/2004": {"Duration": "12/31/2004", "Operating Cash Flow": "645,798", "Investing Cash Flow": "-367,703", "Financing Cash Flow": "-369,596", "End Cash Position": "73,214", "Capital Expenditure": "-77,584", "Issuance of Capital Stock": "-", "Issuance of Debt": "132", "Repayment of Debt": "-33,367", "Repurchase of Capital Stock": "-", "Free Cash Flow": "568,214"}}, "ks": {"Current": {"Duration": "Current", "Market Cap (intraday) 5": "13.28B", "Enterprise Value 3": "13.60B", "Trailing P/E ": "6.24", "Forward P/E 1": "9.11", "PEG Ratio (5 yr expected) 1": "N/A", "Price/Sales (ttm)": "1.09", "Price/Book (mrq)": "1.62", "Enterprise Value/Revenue 3": "1.11", "Enterprise Value/EBITDA 7": "N/A"}, "3/31/2021": {"Duration": "3/31/2021", "Market Cap (intraday) 5": "11.76B", "Enterprise Value 3": "12.39B", "Trailing P/E ": "8.00", "Forward P/E 1": "N/A", "PEG Ratio (5 yr expected) 1": "N/A", "Price/Sales (ttm)": "1.08", "Price/Book (mrq)": "1.41", "Enterprise Value/Revenue 3": "4.00", "Enterprise Value/EBITDA 7": "N/A"}, "12/31/2020": {"Duration": "12/31/2020", "Market Cap (intraday) 5": "11.39B", "Enterprise Value 3": "12.00B", "Trailing P/E ": "11.14", "Forward P/E 1": "N/A", "PEG Ratio (5 yr expected) 1": "N/A", "Price/Sales (ttm)": "1.17", "Price/Book (mrq)": "1.60", "Enterprise Value/Revenue 3": "3.18", "Enterprise Value/EBITDA 7": "N/A"}, "9/30/2020": {"Duration": "9/30/2020", "Market Cap (intraday) 5": "9.19B", "Enterprise Value 3": "10.03B", "Trailing P/E ": "10.44", "Forward P/E 1": "N/A", "PEG Ratio (5 yr expected) 1": "N/A", "Price/Sales (ttm)": "1.01", "Price/Book (mrq)": "1.45", "Enterprise Value/Revenue 3": "3.37", "Enterprise Value/EBITDA 7": "N/A"}, "6/30/2020": {"Duration": "6/30/2020", "Market Cap (intraday) 5": "8.94B", "Enterprise Value 3": "9.64B", "Trailing P/E ": "10.68", "Forward P/E 1": "12.52", "PEG Ratio (5 yr expected) 1": "N/A", "Price/Sales (ttm)": "1.01", "Price/Book (mrq)": "1.74", "Enterprise Value/Revenue 3": "3.98", "Enterprise Value/EBITDA 7": "N/A"}, "3/31/2020": {"Duration": "3/31/2020", "Market Cap (intraday) 5": "6.78B", "Enterprise Value 3": "7.07B", "Trailing P/E ": "6.50", "Forward P/E 1": "6.30", "PEG Ratio (5 yr expected) 1": "N/A", "Price/Sales (ttm)": "0.81", "Price/Book (mrq)": "1.26", "Enterprise Value/Revenue 3": "4.38", "Enterprise Value/EBITDA 7": "N/A"}, "12/31/2019": {"Duration": "12/31/2019", "Market Cap (intraday) 5": "12.50B", "Enterprise Value 3": "12.23B", "Trailing P/E ": "16.31", "Forward P/E 1": "13.26", "PEG Ratio (5 yr expected) 1": "N/A", "Price/Sales (ttm)": "1.61", "Price/Book (mrq)": "2.43", "Enterprise Value/Revenue 3": "5.18", "Enterprise Value/EBITDA 7": "N/A"}, "9/30/2019": {"Duration": "9/30/2019", "Market Cap (intraday) 5": "12.22B", "Enterprise Value 3": "11.88B", "Trailing P/E ": "16.39", "Forward P/E 1": "13.33", "PEG Ratio (5 yr expected) 1": "N/A", "Price/Sales (ttm)": "1.61", "Price/Book (mrq)": "2.46", "Enterprise Value/Revenue 3": "5.30", "Enterprise Value/EBITDA 7": "N/A"}, "6/30/2019": {"Duration": "6/30/2019", "Market Cap (intraday) 5": "11.08B", "Enterprise Value 3": "11.21B", "Trailing P/E ": "15.21", "Forward P/E 1": "13.95", "PEG Ratio (5 yr expected) 1": "N/A", "Price/Sales (ttm)": "1.47", "Price/Book (mrq)": "2.32", "Enterprise Value/Revenue 3": "5.23", "Enterprise Value/EBITDA 7": "N/A"}, "3/31/2019": {"Duration": "3/31/2019", "Market Cap (intraday) 5": "10.06B", "Enterprise Value 3": "9.64B", "Trailing P/E ": "16.17", "Forward P/E 1": "13.00", "PEG Ratio (5 yr expected) 1": "N/A", "Price/Sales (ttm)": "1.34", "Price/Book (mrq)": "2.17", "Enterprise Value/Revenue 3": "5.60", "Enterprise Value/EBITDA 7": "N/A"}, "12/31/2018": {"Duration": "12/31/2018", "Market Cap (intraday) 5": "8.66B", "Enterprise Value 3": "8.07B", "Trailing P/E ": "10.68", "Forward P/E 1": "N/A", "PEG Ratio (5 yr expected) 1": "N/A", "Price/Sales (ttm)": "1.12", "Price/Book (mrq)": "1.85", "Enterprise Value/Revenue 3": "4.77", "Enterprise Value/EBITDA 7": "N/A"}, "9/30/2018": {"Duration": "9/30/2018", "Market Cap (intraday) 5": "10.82B", "Enterprise Value 3": "10.23B", "Trailing P/E ": "14.78", "Forward P/E 1": "N/A", "PEG Ratio (5 yr expected) 1": "N/A", "Price/Sales (ttm)": "1.41", "Price/Book (mrq)": "2.35", "Enterprise Value/Revenue 3": "4.91", "Enterprise Value/EBITDA 7": "N/A"}, "6/30/2018": {"Duration": "6/30/2018", "Market Cap (intraday) 5": "10.33B", "Enterprise Value 3": "10.12B", "Trailing P/E ": "15.66", "Forward P/E 1": "N/A", "PEG Ratio (5 yr expected) 1": "N/A", "Price/Sales (ttm)": "1.36", "Price/Book (mrq)": "2.32", "Enterprise Value/Revenue 3": "4.77", "Enterprise Value/EBITDA 7": "N/A"}, "3/31/2018": {"Duration": "3/31/2018", "Market Cap (intraday) 5": "10.98B", "Enterprise Value 3": "10.63B", "Trailing P/E ": "17.61", "Forward P/E 1": "N/A", "PEG Ratio (5 yr expected) 1": "N/A", "Price/Sales (ttm)": "1.45", "Price/Book (mrq)": "2.47", "Enterprise Value/Revenue 3": "6.28", "Enterprise Value/EBITDA 7": "N/A"}, "12/31/2017": {"Duration": "12/31/2017", "Market Cap (intraday) 5": "10.74B", "Enterprise Value 3": "10.40B", "Trailing P/E ": "18.09", "Forward P/E 1": "N/A", "PEG Ratio (5 yr expected) 1": "N/A", "Price/Sales (ttm)": "1.34", "Price/Book (mrq)": "2.04", "Enterprise Value/Revenue 3": "13.65", "Enterprise Value/EBITDA 7": "N/A"}, "9/30/2017": {"Duration": "9/30/2017", "Market Cap (intraday) 5": "12.95B", "Enterprise Value 3": "13.95B", "Trailing P/E ": "22.07", "Forward P/E 1": "N/A", "PEG Ratio (5 yr expected) 1": "N/A", "Price/Sales (ttm)": "1.63", "Price/Book (mrq)": "2.66", "Enterprise Value/Revenue 3": "6.16", "Enterprise Value/EBITDA 7": "N/A"}, "6/30/2017": {"Duration": "6/30/2017", "Market Cap (intraday) 5": "12.23B", "Enterprise Value 3": "13.65B", "Trailing P/E ": "24.17", "Forward P/E 1": "N/A", "PEG Ratio (5 yr expected) 1": "N/A", "Price/Sales (ttm)": "1.61", "Price/Book (mrq)": "2.53", "Enterprise Value/Revenue 3": "4.73", "Enterprise Value/EBITDA 7": "N/A"}, "3/31/2017": {"Duration": "3/31/2017", "Market Cap (intraday) 5": "10.60B", "Enterprise Value 3": "12.02B", "Trailing P/E ": "20.97", "Forward P/E 1": "N/A", "PEG Ratio (5 yr expected) 1": "N/A", "Price/Sales (ttm)": "1.43", "Price/Book (mrq)": "2.20", "Enterprise Value/Revenue 3": "5.42", "Enterprise Value/EBITDA 7": "N/A"}, "12/31/2016": {"Duration": "12/31/2016", "Market Cap (intraday) 5": "9.24B", "Enterprise Value 3": "10.93B", "Trailing P/E ": "21.18", "Forward P/E 1": "N/A", "PEG Ratio (5 yr expected) 1": "N/A", "Price/Sales (ttm)": "1.28", "Price/Book (mrq)": "1.96", "Enterprise Value/Revenue 3": "4.36", "Enterprise Value/EBITDA 7": "N/A"}, "9/30/2016": {"Duration": "9/30/2016", "Market Cap (intraday) 5": "10.04B", "Enterprise Value 3": "11.69B", "Trailing P/E ": "24.35", "Forward P/E 1": "N/A", "PEG Ratio (5 yr expected) 1": "N/A", "Price/Sales (ttm)": "1.43", "Price/Book (mrq)": "2.15", "Enterprise Value/Revenue 3": "4.64", "Enterprise Value/EBITDA 7": "N/A"}, "6/30/2016": {"Duration": "6/30/2016", "Market Cap (intraday) 5": "10.23B", "Enterprise Value 3": "11.89B", "Trailing P/E ": "26.49", "Forward P/E 1": "N/A", "PEG Ratio (5 yr expected) 1": "N/A", "Price/Sales (ttm)": "1.49", "Price/Book (mrq)": "2.23", "Enterprise Value/Revenue 3": "4.79", "Enterprise Value/EBITDA 7": "N/A"}, "3/31/2016": {"Duration": "3/31/2016", "Market Cap (intraday) 5": "9.30B", "Enterprise Value 3": "11.31B", "Trailing P/E ": "23.67", "Forward P/E 1": "N/A", "PEG Ratio (5 yr expected) 1": "N/A", "Price/Sales (ttm)": "1.37", "Price/Book (mrq)": "2.02", "Enterprise Value/Revenue 3": "5.52", "Enterprise Value/EBITDA 7": "N/A"}, "12/31/2015": {"Duration": "12/31/2015", "Market Cap (intraday) 5": "9.56B", "Enterprise Value 3": "11.35B", "Trailing P/E ": "13.54", "Forward P/E 1": "N/A", "PEG Ratio (5 yr expected) 1": "N/A", "Price/Sales (ttm)": "1.45", "Price/Book (mrq)": "2.08", "Enterprise Value/Revenue 3": "4.97", "Enterprise Value/EBITDA 7": "N/A"}, "9/30/2015": {"Duration": "9/30/2015", "Market Cap (intraday) 5": "9.84B", "Enterprise Value 3": "11.29B", "Trailing P/E ": "10.26", "Forward P/E 1": "N/A", "PEG Ratio (5 yr expected) 1": "N/A", "Price/Sales (ttm)": "0.96", "Price/Book (mrq)": "2.11", "Enterprise Value/Revenue 3": "4.72", "Enterprise Value/EBITDA 7": "N/A"}, "6/30/2015": {"Duration": "6/30/2015", "Market Cap (intraday) 5": "10.34B", "Enterprise Value 3": "12.54B", "Trailing P/E ": "10.94", "Forward P/E 1": "N/A", "PEG Ratio (5 yr expected) 1": "N/A", "Price/Sales (ttm)": "0.95", "Price/Book (mrq)": "2.26", "Enterprise Value/Revenue 3": "5.23", "Enterprise Value/EBITDA 7": "N/A"}, "3/31/2015": {"Duration": "3/31/2015", "Market Cap (intraday) 5": "10.27B", "Enterprise Value 3": "12.40B", "Trailing P/E ": "12.06", "Forward P/E 1": "14.31", "PEG Ratio (5 yr expected) 1": "0.83", "Price/Sales (ttm)": "0.87", "Price/Book (mrq)": "2.20", "Enterprise Value/Revenue 3": "6.02", "Enterprise Value/EBITDA 7": "N/A"}, "12/31/2014": {"Duration": "12/31/2014", "Market Cap (intraday) 5": "9.61B", "Enterprise Value 3": "11.65B", "Trailing P/E ": "18.75", "Forward P/E 1": "N/A", "PEG Ratio (5 yr expected) 1": "N/A", "Price/Sales (ttm)": "0.60", "Price/Book (mrq)": "1.61", "Enterprise Value/Revenue 3": "9.77", "Enterprise Value/EBITDA 7": "N/A"}, "9/30/2014": {"Duration": "9/30/2014", "Market Cap (intraday) 5": "7.71B", "Enterprise Value 3": "9.93B", "Trailing P/E ": "26.67", "Forward P/E 1": "N/A", "PEG Ratio (5 yr expected) 1": "N/A", "Price/Sales (ttm)": "0.83", "Price/Book (mrq)": "1.29", "Enterprise Value/Revenue 3": "4.16", "Enterprise Value/EBITDA 7": "N/A"}, "6/30/2014": {"Duration": "6/30/2014", "Market Cap (intraday) 5": "9.09B", "Enterprise Value 3": "11.89B", "Trailing P/E ": "26.33", "Forward P/E 1": "12.76", "PEG Ratio (5 yr expected) 1": "0.74", "Price/Sales (ttm)": "0.94", "Price/Book (mrq)": "1.55", "Enterprise Value/Revenue 3": "5.04", "Enterprise Value/EBITDA 7": "N/A"}, "3/31/2014": {"Duration": "3/31/2014", "Market Cap (intraday) 5": "8.70B", "Enterprise Value 3": "8.06B", "Trailing P/E ": "18.39", "Forward P/E 1": "12.24", "PEG Ratio (5 yr expected) 1": "0.71", "Price/Sales (ttm)": "0.86", "Price/Book (mrq)": "1.72", "Enterprise Value/Revenue 3": "3.86", "Enterprise Value/EBITDA 7": "N/A"}, "12/31/2013": {"Duration": "12/31/2013", "Market Cap (intraday) 5": "8.12B", "Enterprise Value 3": "8.18B", "Trailing P/E ": "15.31", "Forward P/E 1": "13.72", "PEG Ratio (5 yr expected) 1": "N/A", "Price/Sales (ttm)": "0.85", "Price/Book (mrq)": "1.81", "Enterprise Value/Revenue 3": "3.95", "Enterprise Value/EBITDA 7": "N/A"}, "9/30/2013": {"Duration": "9/30/2013", "Market Cap (intraday) 5": "6.11B", "Enterprise Value 3": "6.17B", "Trailing P/E ": "9.78", "Forward P/E 1": "10.46", "PEG Ratio (5 yr expected) 1": "N/A", "Price/Sales (ttm)": "0.71", "Price/Book (mrq)": "1.40", "Enterprise Value/Revenue 3": "2.84", "Enterprise Value/EBITDA 7": "N/A"}, "6/30/2013": {"Duration": "6/30/2013", "Market Cap (intraday) 5": "5.42B", "Enterprise Value 3": "5.82B", "Trailing P/E ": "8.72", "Forward P/E 1": "9.77", "PEG Ratio (5 yr expected) 1": "N/A", "Price/Sales (ttm)": "0.67", "Price/Book (mrq)": "1.27", "Enterprise Value/Revenue 3": "2.56", "Enterprise Value/EBITDA 7": "N/A"}, "3/31/2013": {"Duration": "3/31/2013", "Market Cap (intraday) 5": "5.74B", "Enterprise Value 3": "5.95B", "Trailing P/E ": "9.48", "Forward P/E 1": "8.80", "PEG Ratio (5 yr expected) 1": "0.67", "Price/Sales (ttm)": "0.79", "Price/Book (mrq)": "1.21", "Enterprise Value/Revenue 3": "2.90", "Enterprise Value/EBITDA 7": "N/A"}, "12/31/2012": {"Duration": "12/31/2012", "Market Cap (intraday) 5": "5.38B", "Enterprise Value 3": "5.59B", "Trailing P/E ": "8.85", "Forward P/E 1": "11.24", "PEG Ratio (5 yr expected) 1": "1.28", "Price/Sales (ttm)": "0.74", "Price/Book (mrq)": "1.13", "Enterprise Value/Revenue 3": "2.50", "Enterprise Value/EBITDA 7": "N/A"}, "9/30/2012": {"Duration": "9/30/2012", "Market Cap (intraday) 5": "4.80B", "Enterprise Value 3": "4.84B", "Trailing P/E ": "12.44", "Forward P/E 1": "12.63", "PEG Ratio (5 yr expected) 1": "1.94", "Price/Sales (ttm)": "0.88", "Price/Book (mrq)": "1.19", "Enterprise Value/Revenue 3": "2.37", "Enterprise Value/EBITDA 7": "N/A"}, "6/30/2012": {"Duration": "6/30/2012", "Market Cap (intraday) 5": "4.29B", "Enterprise Value 3": "4.63B", "Trailing P/E ": "13.56", "Forward P/E 1": "11.30", "PEG Ratio (5 yr expected) 1": "N/A", "Price/Sales (ttm)": "0.88", "Price/Book (mrq)": "1.15", "Enterprise Value/Revenue 3": "2.67", "Enterprise Value/EBITDA 7": "N/A"}, "3/31/2012": {"Duration": "3/31/2012", "Market Cap (intraday) 5": "4.02B", "Enterprise Value 3": "4.27B", "Trailing P/E ": "10.86", "Forward P/E 1": "13.48", "PEG Ratio (5 yr expected) 1": "6.74", "Price/Sales (ttm)": "0.83", "Price/Book (mrq)": "1.10", "Enterprise Value/Revenue 3": "3.59", "Enterprise Value/EBITDA 7": "N/A"}, "12/31/2011": {"Duration": "12/31/2011", "Market Cap (intraday) 5": "3.49B", "Enterprise Value 3": "3.91B", "Trailing P/E ": "10.55", "Forward P/E 1": "13.66", "PEG Ratio (5 yr expected) 1": "1.37", "Price/Sales (ttm)": "0.66", "Price/Book (mrq)": "1.00", "Enterprise Value/Revenue 3": "3.40", "Enterprise Value/EBITDA 7": "N/A"}, "9/30/2011": {"Duration": "9/30/2011", "Market Cap (intraday) 5": "3.33B", "Enterprise Value 3": "3.74B", "Trailing P/E ": "10.05", "Forward P/E 1": "12.42", "PEG Ratio (5 yr expected) 1": "1.24", "Price/Sales (ttm)": "0.63", "Price/Book (mrq)": "0.95", "Enterprise Value/Revenue 3": "3.02", "Enterprise Value/EBITDA 7": "N/A"}, "6/30/2011": {"Duration": "6/30/2011", "Market Cap (intraday) 5": "3.52B", "Enterprise Value 3": "3.90B", "Trailing P/E ": "10.64", "Forward P/E 1": "12.25", "PEG Ratio (5 yr expected) 1": "1.07", "Price/Sales (ttm)": "0.64", "Price/Book (mrq)": "1.00", "Enterprise Value/Revenue 3": "2.95", "Enterprise Value/EBITDA 7": "N/A"}, "3/31/2011": {"Duration": "3/31/2011", "Market Cap (intraday) 5": "3.15B", "Enterprise Value 3": "3.58B", "Trailing P/E ": "8.17", "Forward P/E 1": "11.09", "PEG Ratio (5 yr expected) 1": "0.96", "Price/Sales (ttm)": "0.56", "Price/Book (mrq)": "0.91", "Enterprise Value/Revenue 3": "2.96", "Enterprise Value/EBITDA 7": "N/A"}, "12/31/2010": {"Duration": "12/31/2010", "Market Cap (intraday) 5": "3.06B", "Enterprise Value 3": "3.43B", "Trailing P/E ": "8.50", "Forward P/E 1": "12.33", "PEG Ratio (5 yr expected) 1": "1.07", "Price/Sales (ttm)": "0.55", "Price/Book (mrq)": "0.89", "Enterprise Value/Revenue 3": "2.14", "Enterprise Value/EBITDA 7": "N/A"}, "9/30/2010": {"Duration": "9/30/2010", "Market Cap (intraday) 5": "3.58B", "Enterprise Value 3": "3.93B", "Trailing P/E ": "11.72", "Forward P/E 1": "N/A", "PEG Ratio (5 yr expected) 1": "N/A", "Price/Sales (ttm)": "0.65", "Price/Book (mrq)": "1.03", "Enterprise Value/Revenue 3": "2.76", "Enterprise Value/EBITDA 7": "N/A"}, "6/30/2010": {"Duration": "6/30/2010", "Market Cap (intraday) 5": "2.96B", "Enterprise Value 3": "3.10B", "Trailing P/E ": "9.92", "Forward P/E 1": "11.38", "PEG Ratio (5 yr expected) 1": "0.99", "Price/Sales (ttm)": "0.53", "Price/Book (mrq)": "0.87", "Enterprise Value/Revenue 3": "2.07", "Enterprise Value/EBITDA 7": "N/A"}, "3/31/2010": {"Duration": "3/31/2010", "Market Cap (intraday) 5": "3.40B", "Enterprise Value 3": "4.11B", "Trailing P/E ": "13.35", "Forward P/E 1": "N/A", "PEG Ratio (5 yr expected) 1": "N/A", "Price/Sales (ttm)": "0.61", "Price/Book (mrq)": "1.02", "Enterprise Value/Revenue 3": "3.38", "Enterprise Value/EBITDA 7": "N/A"}, "12/31/2009": {"Duration": "12/31/2009", "Market Cap (intraday) 5": "3.10B", "Enterprise Value 3": "3.76B", "Trailing P/E ": "13.88", "Forward P/E 1": "N/A", "PEG Ratio (5 yr expected) 1": "N/A", "Price/Sales (ttm)": "0.53", "Price/Book (mrq)": "0.93", "Enterprise Value/Revenue 3": "2.58", "Enterprise Value/EBITDA 7": "N/A"}, "9/30/2009": {"Duration": "9/30/2009", "Market Cap (intraday) 5": "3.48B", "Enterprise Value 3": "4.05B", "Trailing P/E ": "26.00", "Forward P/E 1": "N/A", "PEG Ratio (5 yr expected) 1": "N/A", "Price/Sales (ttm)": "0.62", "Price/Book (mrq)": "1.08", "Enterprise Value/Revenue 3": "2.76", "Enterprise Value/EBITDA 7": "N/A"}, "6/30/2009": {"Duration": "6/30/2009", "Market Cap (intraday) 5": "3.13B", "Enterprise Value 3": "3.77B", "Trailing P/E ": "N/A", "Forward P/E 1": "N/A", "PEG Ratio (5 yr expected) 1": "N/A", "Price/Sales (ttm)": "0.59", "Price/Book (mrq)": "1.00", "Enterprise Value/Revenue 3": "2.40", "Enterprise Value/EBITDA 7": "N/A"}, "3/31/2009": {"Duration": "3/31/2009", "Market Cap (intraday) 5": "4.20B", "Enterprise Value 3": "5.18B", "Trailing P/E ": "N/A", "Forward P/E 1": "N/A", "PEG Ratio (5 yr expected) 1": "N/A", "Price/Sales (ttm)": "0.90", "Price/Book (mrq)": "1.54", "Enterprise Value/Revenue 3": "3.81", "Enterprise Value/EBITDA 7": "N/A"}, "12/31/2008": {"Duration": "12/31/2008", "Market Cap (intraday) 5": "3.76B", "Enterprise Value 3": "4.80B", "Trailing P/E ": "N/A", "Forward P/E 1": "N/A", "PEG Ratio (5 yr expected) 1": "N/A", "Price/Sales (ttm)": "0.86", "Price/Book (mrq)": "1.34", "Enterprise Value/Revenue 3": "4.69", "Enterprise Value/EBITDA 7": "N/A"}, "9/30/2008": {"Duration": "9/30/2008", "Market Cap (intraday) 5": "3.11B", "Enterprise Value 3": "3.99B", "Trailing P/E ": "N/A", "Forward P/E 1": "N/A", "PEG Ratio (5 yr expected) 1": "N/A", "Price/Sales (ttm)": "0.67", "Price/Book (mrq)": "1.08", "Enterprise Value/Revenue 3": "4.03", "Enterprise Value/EBITDA 7": "N/A"}, "6/30/2008": {"Duration": "6/30/2008", "Market Cap (intraday) 5": "2.66B", "Enterprise Value 3": "3.37B", "Trailing P/E ": "N/A", "Forward P/E 1": "12.56", "PEG Ratio (5 yr expected) 1": "1.09", "Price/Sales (ttm)": "0.54", "Price/Book (mrq)": "0.86", "Enterprise Value/Revenue 3": "2.85", "Enterprise Value/EBITDA 7": "N/A"}, "3/31/2008": {"Duration": "3/31/2008", "Market Cap (intraday) 5": "4.10B", "Enterprise Value 3": "4.69B", "Trailing P/E ": "52.37", "Forward P/E 1": "18.28", "PEG Ratio (5 yr expected) 1": "1.59", "Price/Sales (ttm)": "0.75", "Price/Book (mrq)": "1.27", "Enterprise Value/Revenue 3": "4.12", "Enterprise Value/EBITDA 7": "N/A"}, "12/31/2007": {"Duration": "12/31/2007", "Market Cap (intraday) 5": "3.11B", "Enterprise Value 3": "3.71B", "Trailing P/E ": "24.76", "Forward P/E 1": "N/A", "PEG Ratio (5 yr expected) 1": "N/A", "Price/Sales (ttm)": "0.58", "Price/Book (mrq)": "0.96", "Enterprise Value/Revenue 3": "2.86", "Enterprise Value/EBITDA 7": "N/A"}, "9/30/2007": {"Duration": "9/30/2007", "Market Cap (intraday) 5": "3.77B", "Enterprise Value 3": "3.49B", "Trailing P/E ": "9.93", "Forward P/E 1": "N/A", "PEG Ratio (5 yr expected) 1": "N/A", "Price/Sales (ttm)": "0.50", "Price/Book (mrq)": "1.06", "Enterprise Value/Revenue 3": "2.56", "Enterprise Value/EBITDA 7": "N/A"}, "6/30/2007": {"Duration": "6/30/2007", "Market Cap (intraday) 5": "5.24B", "Enterprise Value 3": "5.14B", "Trailing P/E ": "11.02", "Forward P/E 1": "N/A", "PEG Ratio (5 yr expected) 1": "N/A", "Price/Sales (ttm)": "0.55", "Price/Book (mrq)": "1.50", "Enterprise Value/Revenue 3": "3.44", "Enterprise Value/EBITDA 7": "N/A"}, "3/31/2007": {"Duration": "3/31/2007", "Market Cap (intraday) 5": "5.32B", "Enterprise Value 3": "5.14B", "Trailing P/E ": "10.05", "Forward P/E 1": "N/A", "PEG Ratio (5 yr expected) 1": "N/A", "Price/Sales (ttm)": "0.47", "Price/Book (mrq)": "1.53", "Enterprise Value/Revenue 3": "3.75", "Enterprise Value/EBITDA 7": "N/A"}, "12/31/2006": {"Duration": "12/31/2006", "Market Cap (intraday) 5": "5.29B", "Enterprise Value 3": "5.22B", "Trailing P/E ": "9.74", "Forward P/E 1": "N/A", "PEG Ratio (5 yr expected) 1": "N/A", "Price/Sales (ttm)": "0.69", "Price/Book (mrq)": "2.01", "Enterprise Value/Revenue 3": "1.05", "Enterprise Value/EBITDA 7": "N/A"}, "9/30/2006": {"Duration": "9/30/2006", "Market Cap (intraday) 5": "3.65B", "Enterprise Value 3": "3.55B", "Trailing P/E ": "7.43", "Forward P/E 1": "N/A", "PEG Ratio (5 yr expected) 1": "N/A", "Price/Sales (ttm)": "0.58", "Price/Book (mrq)": "1.43", "Enterprise Value/Revenue 3": "2.36", "Enterprise Value/EBITDA 7": "N/A"}, "6/30/2006": {"Duration": "6/30/2006", "Market Cap (intraday) 5": "3.43B", "Enterprise Value 3": "3.32B", "Trailing P/E ": "6.97", "Forward P/E 1": "N/A", "PEG Ratio (5 yr expected) 1": "N/A", "Price/Sales (ttm)": "0.54", "Price/Book (mrq)": "1.34", "Enterprise Value/Revenue 3": "2.14", "Enterprise Value/EBITDA 7": "N/A"}, "3/31/2006": {"Duration": "3/31/2006", "Market Cap (intraday) 5": "3.97B", "Enterprise Value 3": "4.05B", "Trailing P/E ": "7.41", "Forward P/E 1": "N/A", "PEG Ratio (5 yr expected) 1": "N/A", "Price/Sales (ttm)": "0.62", "Price/Book (mrq)": "1.58", "Enterprise Value/Revenue 3": "2.90", "Enterprise Value/EBITDA 7": "N/A"}, "12/31/2005": {"Duration": "12/31/2005", "Market Cap (intraday) 5": "4.24B", "Enterprise Value 3": "4.37B", "Trailing P/E ": "7.58", "Forward P/E 1": "N/A", "PEG Ratio (5 yr expected) 1": "N/A", "Price/Sales (ttm)": "0.69", "Price/Book (mrq)": "1.77", "Enterprise Value/Revenue 3": "2.76", "Enterprise Value/EBITDA 7": "N/A"}}, "inside": {"Date": ["INSIDER NAME", "TITLE", "DATE", "TRANSATION", "SHARE", "PRICE", "AMOUNT"], "2021-05-27 16:52:36": ["GRAVELLE MICHAEL L", "EXECUTIVE VICE PRESIDENT", "2021-05-25", "OPTION EXERCISE", "68,243", "25.53", "1,742,244"], "2021-05-21 11:25:22": ["QUIRK RAYMOND R", "CHIEF EXECUTIVE OFFICER", "2021-05-20", "OPTION EXERCISE", "116,320", "21.84", "2,540,429"], "2021-05-18 14:56:59": ["JEWKES ROGER S", "CHIEF OPERATING OFFICER", "2021-05-18", "SELL", "30,000", "46.64", "1,399,167"], "2021-04-12 20:48:15": ["FOLEY WILLIAM P II", "DIRECTIOR", "2021-04-08", "SELL", "1,000,000", "43.45", "43,447,856"], "2021-03-12 16:26:38": ["NOLAN MICHAEL JOSEPH", "PRESIDENT", "2021-03-11", "OPTION EXERCISE", "76,014", "25.53", "1,940,637"], "2021-03-10 12:54:24": ["QUIRK RAYMOND R", "CHIEF EXECUTIVE OFFICER", "2021-03-08", "OPTION EXERCISE", "116,320", "21.84", "2,540,429"], "2021-03-04 15:31:40": ["THOMPSON CARY H", "DIRECTIOR", "2021-03-03", "OPTION EXERCISE", "7,138", "25.53", "182,233"], "2020-12-28 16:10:07": ["NOLAN MICHAEL JOSEPH", "PRESIDENT", "2020-12-24", "OPTION EXERCISE", "40,000", "25.53", "1,021,200"], "2020-12-28 16:09:04": ["JEWKES ROGER S", "CHIEF OPERATING OFFICER", "2020-12-28", "SELL", "25,000", "38.74", "968,560"], "2020-12-28 16:07:07": ["ROOD JOHN D", "DIRECTIOR", "2020-12-23", "BUY", "29,100", "38.45", "1,118,823"], "2020-12-18 10:25:59": ["JEWKES ROGER S", "CHIEF OPERATING OFFICER", "2020-12-16", "OPTION EXERCISE", "51,365", "25.53", "1,311,349"], "2020-10-21 10:57:31": ["ROOD JOHN D", "DIRECTIOR", "2020-10-20", "OPTION EXERCISE", "46,751", "17.76", "830,298"], "2020-10-07 12:51:03": ["QUIRK RAYMOND R", "CHIEF EXECUTIVE OFFICER", "2020-10-06", "OPTION EXERCISE", "50,000", "17.76", "888,000"], "2020-10-06 11:06:20": ["QUIRK RAYMOND R", "CHIEF EXECUTIVE OFFICER", "2020-10-02", "OPTION EXERCISE", "100,000", "17.76", "1,776,000"], "2020-10-02 11:21:35": ["QUIRK RAYMOND R", "CHIEF EXECUTIVE OFFICER", "2020-09-30", "OPTION EXERCISE", "100,000", "17.76", "1,776,000"], "2020-09-30 10:42:55": ["GRAVELLE MICHAEL L", "EXECUTIVE VICE PRESIDENT", "2020-09-28", "SELL", "58,000", "31.84", "1,846,894"], "2020-09-28 13:37:28": ["SHEA PETER O JR", "DIRECTIOR", "2020-09-25", "OPTION EXERCISE", "46,751", "17.76", "830,298"], "2020-09-28 13:36:27": ["QUIRK RAYMOND R", "CHIEF EXECUTIVE OFFICER", "2020-09-25", "OPTION EXERCISE", "131,780", "17.76", "2,340,413"], "2020-09-25 11:17:14": ["QUIRK RAYMOND R", "CHIEF EXECUTIVE OFFICER", "2020-09-23", "OPTION EXERCISE", "18,220", "17.76", "323,587"], "2020-09-25 11:16:03": ["JEWKES ROGER S", "CHIEF OPERATING OFFICER", "2020-09-23", "OPTION EXERCISE", "51,000", "25.53", "1,302,030"], "2020-09-25 11:14:57": ["GRAVELLE MICHAEL L", "EXECUTIVE VICE PRESIDENT", "2020-09-23", "SELL", "31,067", "32.16", "999,115"], "2020-09-24 20:08:38": ["HAGERTY THOMAS M", "DIRECTIOR", "2020-09-22", "OPTION EXERCISE", "50,852", "17.76", "903,132"], "2020-09-23 13:24:30": ["MASSEY RICHARD N", "DIRECTIOR", "2020-09-22", "OPTION EXERCISE", "46,751", "17.76", "830,298"], "2020-08-10 09:57:59": ["NOLAN MICHAEL JOSEPH", "PRESIDENT", "2020-08-07", "OPTION EXERCISE", "50,608", "21.84", "1,105,279"], "2020-08-07 14:59:54": ["NOLAN MICHAEL JOSEPH", "PRESIDENT", "2020-08-06", "OPTION EXERCISE", "25,000", "21.84", "546,000"], "2020-08-07 14:56:30": ["JEWKES ROGER S", "CHIEF OPERATING OFFICER", "2020-08-06", "SELL", "20,000", "34.27", "685,420"], "2020-06-17 11:11:09": ["QUIRK RAYMOND R", "CHIEF EXECUTIVE OFFICER", "2020-06-16", "OPTION EXERCISE", "256,181", "17.76", "4,549,775"], "2020-06-05 12:08:23": ["SADOWSKI PETER T", "EVP, CHIEF LEGAL OFFICER", "2020-06-04", "SELL", "25,000", "33.80", "844,898"], "2020-06-05 12:07:31": ["JEWKES ROGER S", "CHIEF OPERATING OFFICER", "2020-06-03", "SELL", "15,000", "33.96", "509,398"], "2020-06-05 12:06:42": ["GRAVELLE MICHAEL L", "EXECUTIVE VICE PRESIDENT", "2020-06-03", "OPTION EXERCISE", "280,344", "17.76", "4,978,910"], "2020-06-05 12:05:46": ["FOLEY WILLIAM P II", "DIRECTIOR", "2020-06-03", "OPTION EXERCISE", "1,394,385", "17.76", "24,764,278"]}}}, {"OB": {"quote": {"04/24/2021": {"value": "", "Net Assets": "N/A", "Beta (5Y Monthly)": "N/A", "Yield": "N/A", "5y Average Return": "N/A", "Holdings Turnover": "N/A", "Last Dividend": "N/A", "Average for Category": "N/A", "Inception Date": "N/A"}}, "fin": {}, "bs": {}, "cf": {}}}, {"NMIH": {"quote": {"04/24/2021": {"value": "23.98", "Market Cap": "2B", "Beta (5Y Monthly)": "1.69", "PE Ratio (TTM)": "11.27", "EPS (TTM)": "2.13", "Earnings Date": "May 04, 2021", "Forward Dividend & Yield": "N/A (N/A)", "Ex-Dividend Date": "N/A", "1y Target Est": "29.40"}}, "fin": {"TTM": {"Duration": "TTM", "Total Revenue": "437,571", "Total Expenses": "224,165", "Pretax Income": "213,406", "Tax Provision": "47,220", "Net Income Common Stockholders": "166,186", "Diluted NI Available to Com Stockholders": "166,186", "Basic EPS": "-", "Diluted EPS": "-", "Basic Average Shares": "-", "Diluted Average Shares": "-", "Net Income from Continuing & Discontinued Operation": "166,186", "Normalized Income": "166,186", "Rent Expense Supplemental": "-", "EBIT": "242,964", "Reconciled Depreciation": "10,164", "Net Income from Continuing Operation Net Minority Interest": "166,186", "Total Unusual Items Excluding Goodwill": "-", "Total Unusual Items": "-", "Tax Rate for Calcs": "0", "Tax Effect of Unusual Items": "0", "Interest Expense": "29,558"}, "12/31/2020": {"Duration": "12/31/2020", "Total Revenue": "436,190", "Total Expenses": "218,084", "Pretax Income": "218,106", "Tax Provision": "46,540", "Net Income Common Stockholders": "171,566", "Diluted NI Available to Com Stockholders": "171,566", "Basic EPS": "-", "Diluted EPS": "-", "Basic Average Shares": "-", "Diluted Average Shares": "-", "Net Income from Continuing & Discontinued Operation": "171,566", "Normalized Income": "171,566", "Rent Expense Supplemental": "-", "EBIT": "242,493", "Reconciled Depreciation": "9,930", "Net Income from Continuing Operation Net Minority Interest": "171,566", "Total Unusual Items Excluding Goodwill": "-", "Total Unusual Items": "-", "Tax Rate for Calcs": "0", "Tax Effect of Unusual Items": "0", "Interest Expense": "24,387"}, "12/31/2019": {"Duration": "12/31/2019", "Total Revenue": "370,114", "Total Expenses": "153,461", "Pretax Income": "216,653", "Tax Provision": "44,696", "Net Income Common Stockholders": "171,957", "Diluted NI Available to Com Stockholders": "171,957", "Basic EPS": "2.54", "Diluted EPS": "2.47", "Basic Average Shares": "67,573", "Diluted Average Shares": "69,721", "Net Income from Continuing & Discontinued Operation": "171,957", "Normalized Income": "171,957", "Rent Expense Supplemental": "-", "EBIT": "228,738", "Reconciled Depreciation": "9,299", "Net Income from Continuing Operation Net Minority Interest": "171,957", "Total Unusual Items Excluding Goodwill": "-", "Total Unusual Items": "-", "Tax Rate for Calcs": "0", "Tax Effect of Unusual Items": "0", "Interest Expense": "12,085"}, "12/31/2018": {"Duration": "12/31/2018", "Total Revenue": "273,628", "Total Expenses": "137,667", "Pretax Income": "135,961", "Tax Provision": "28,034", "Net Income Common Stockholders": "107,927", "Diluted NI Available to Com Stockholders": "107,927", "Basic EPS": "1.66", "Diluted EPS": "1.60", "Basic Average Shares": "65,019", "Diluted Average Shares": "67,652", "Net Income from Continuing & Discontinued Operation": "107,927", "Normalized Income": "107,927", "Rent Expense Supplemental": "-", "EBIT": "150,940", "Reconciled Depreciation": "7,811", "Net Income from Continuing Operation Net Minority Interest": "107,927", "Total Unusual Items Excluding Goodwill": "-", "Total Unusual Items": "-", "Tax Rate for Calcs": "0", "Tax Effect of Unusual Items": "0", "Interest Expense": "14,979"}, "12/31/2017": {"Duration": "12/31/2017", "Total Revenue": "178,638", "Total Expenses": "125,846", "Pretax Income": "52,792", "Tax Provision": "30,742", "Net Income Common Stockholders": "22,050", "Diluted NI Available to Com Stockholders": "22,050", "Basic EPS": "0.37", "Diluted EPS": "0.35", "Basic Average Shares": "59,816", "Diluted Average Shares": "62,186", "Net Income from Continuing & Discontinued Operation": "22,050", "Normalized Income": "22,050", "Rent Expense Supplemental": "-", "EBIT": "66,320", "Reconciled Depreciation": "6,663", "Net Income from Continuing Operation Net Minority Interest": "22,050", "Total Unusual Items Excluding Goodwill": "-", "Total Unusual Items": "-", "Tax Rate for Calcs": "0", "Tax Effect of Unusual Items": "0", "Interest Expense": "13,528"}, "12/31/2016": {"Duration": "12/31/2016", "Total Revenue": "121,915", "Total Expenses": "110,463", "Pretax Income": "11,452", "Tax Provision": "-54,389", "Net Income Common Stockholders": "65,841", "Diluted NI Available to Com Stockholders": "65,841", "Basic EPS": "1.11", "Diluted EPS": "1.08", "Basic Average Shares": "59,071", "Diluted Average Shares": "60,829", "Net Income from Continuing & Discontinued Operation": "65,841", "Normalized Income": "65,841", "Rent Expense Supplemental": "-", "EBIT": "26,300", "Reconciled Depreciation": "5,660", "Net Income from Continuing Operation Net Minority Interest": "65,841", "Total Unusual Items Excluding Goodwill": "-", "Total Unusual Items": "-", "Tax Rate for Calcs": "0", "Tax Effect of Unusual Items": "0", "Interest Expense": "14,848"}, "12/31/2015": {"Duration": "12/31/2015", "Total Revenue": "55,513", "Total Expenses": "83,306", "Pretax Income": "-27,793", "Tax Provision": "0", "Net Income Common Stockholders": "-27,793", "Diluted NI Available to Com Stockholders": "-27,793", "Basic EPS": "-0.47", "Diluted EPS": "-0.47", "Basic Average Shares": "58,683", "Diluted Average Shares": "58,683", "Net Income from Continuing & Discontinued Operation": "-27,793", "Normalized Income": "-27,793", "Rent Expense Supplemental": "-", "EBIT": "-25,736", "Reconciled Depreciation": "4,861", "Net Income from Continuing Operation Net Minority Interest": "-27,793", "Total Unusual Items Excluding Goodwill": "-", "Total Unusual Items": "-", "Tax Rate for Calcs": "0", "Tax Effect of Unusual Items": "0", "Interest Expense": "2,057"}, "12/31/2014": {"Duration": "12/31/2014", "Total Revenue": "22,208", "Total Expenses": "73,500", "Pretax Income": "-51,292", "Tax Provision": "-2,386", "Net Income Common Stockholders": "-48,906", "Diluted NI Available to Com Stockholders": "-48,906", "Basic EPS": "-0.84", "Diluted EPS": "-0.84", "Basic Average Shares": "58,281", "Diluted Average Shares": "58,281", "Net Income from Continuing & Discontinued Operation": "-48,906", "Normalized Income": "-48,906", "Rent Expense Supplemental": "-", "EBIT": "-", "Reconciled Depreciation": "8,080", "Net Income from Continuing Operation Net Minority Interest": "-48,906", "Total Unusual Items Excluding Goodwill": "-", "Total Unusual Items": "-", "Tax Rate for Calcs": "0", "Tax Effect of Unusual Items": "0", "Interest Expense": "-"}, "12/31/2013": {"Duration": "12/31/2013", "Total Revenue": "5,560", "Total Expenses": "60,744", "Pretax Income": "-55,184", "Tax Provision": "-", "Net Income Common Stockholders": "-55,184", "Diluted NI Available to Com Stockholders": "-55,184", "Basic EPS": "-0.99", "Diluted EPS": "-0.99", "Basic Average Shares": "56,005", "Diluted Average Shares": "56,005", "Net Income from Continuing & Discontinued Operation": "-55,184", "Normalized Income": "-55,184", "Rent Expense Supplemental": "-", "EBIT": "-", "Reconciled Depreciation": "8,116", "Net Income from Continuing Operation Net Minority Interest": "-55,184", "Total Unusual Items Excluding Goodwill": "-", "Total Unusual Items": "-", "Tax Rate for Calcs": "0", "Tax Effect of Unusual Items": "0", "Interest Expense": "-"}, "12/31/2012": {"Duration": "12/31/2012", "Total Revenue": "283.629", "Total Expenses": "27,775", "Pretax Income": "-27,492", "Tax Provision": "-", "Net Income Common Stockholders": "-27,492", "Diluted NI Available to Com Stockholders": "-27,492", "Basic EPS": "-0.48", "Diluted EPS": "-0.48", "Basic Average Shares": "57,737", "Diluted Average Shares": "57,737", "Net Income from Continuing & Discontinued Operation": "-27,492", "Normalized Income": "-26,292", "Rent Expense Supplemental": "232.992", "EBIT": "-25,863", "Reconciled Depreciation": "2.917", "Net Income from Continuing Operation Net Minority Interest": "-27,492", "Total Unusual Items Excluding Goodwill": "-1,200", "Total Unusual Items": "-1,200", "Tax Rate for Calcs": "0", "Tax Effect of Unusual Items": "0", "Interest Expense": "1,629"}}, "bs": {"12/31/2020": {"Duration": "12/31/2020", "Total Assets": "2,166,666", "Total Liabilities Net Minority Interest": "797,075", "Total Equity Gross Minority Interest": "1,369,591", "Total Capitalization": "1,762,892", "Common Stock Equity": "1,369,591", "Net Tangible Assets": "1,348,817", "Invested Capital": "1,762,892", "Tangible Book Value": "1,348,817", "Total Debt": "393,301", "Net Debt": "271,919", "Share Issued": "85,163", "Ordinary Shares Number": "85,163"}, "12/31/2019": {"Duration": "12/31/2019", "Total Assets": "1,364,818", "Total Liabilities Net Minority Interest": "434,398", "Total Equity Gross Minority Interest": "930,420", "Total Capitalization": "1,076,184", "Common Stock Equity": "930,420", "Net Tangible Assets": "913,124", "Invested Capital": "1,076,184", "Tangible Book Value": "913,124", "Total Debt": "145,764", "Net Debt": "107,337", "Share Issued": "68,358", "Ordinary Shares Number": "68,358"}, "12/31/2018": {"Duration": "12/31/2018", "Total Assets": "1,092,043", "Total Liabilities Net Minority Interest": "390,543", "Total Equity Gross Minority Interest": "701,500", "Total Capitalization": "848,257", "Common Stock Equity": "701,500", "Net Tangible Assets": "683,627", "Invested Capital": "848,257", "Tangible Book Value": "683,627", "Total Debt": "146,757", "Net Debt": "122,877", "Share Issued": "66,319", "Ordinary Shares Number": "66,319"}, "12/31/2017": {"Duration": "12/31/2017", "Total Assets": "894,848", "Total Liabilities Net Minority Interest": "385,771", "Total Equity Gross Minority Interest": "509,077", "Total Capitalization": "652,959", "Common Stock Equity": "509,077", "Net Tangible Assets": "490,265", "Invested Capital": "652,959", "Tangible Book Value": "490,265", "Total Debt": "143,882", "Net Debt": "124,686", "Share Issued": "60,518", "Ordinary Shares Number": "60,518"}, "12/31/2016": {"Duration": "12/31/2016", "Total Assets": "841,737", "Total Liabilities Net Minority Interest": "364,388", "Total Equity Gross Minority Interest": "477,349", "Total Capitalization": "621,702", "Common Stock Equity": "477,349", "Net Tangible Assets": "459,868", "Invested Capital": "621,702", "Tangible Book Value": "459,868", "Total Debt": "144,353", "Net Debt": "96,607", "Share Issued": "59,145", "Ordinary Shares Number": "59,145"}, "12/31/2015": {"Duration": "12/31/2015", "Total Assets": "662,451", "Total Liabilities Net Minority Interest": "259,720", "Total Equity Gross Minority Interest": "402,731", "Total Capitalization": "546,670", "Common Stock Equity": "402,731", "Net Tangible Assets": "386,727", "Invested Capital": "546,670", "Tangible Book Value": "386,727", "Total Debt": "143,939", "Net Debt": "86,622", "Share Issued": "58,808", "Ordinary Shares Number": "58,808"}, "12/31/2014": {"Duration": "12/31/2014", "Total Assets": "463,265", "Total Liabilities Net Minority Interest": "36,307", "Total Equity Gross Minority Interest": "426,958", "Total Capitalization": "426,958", "Common Stock Equity": "426,958", "Net Tangible Assets": "413,666", "Invested Capital": "426,958", "Tangible Book Value": "413,666", "Total Debt": "-", "Net Debt": "-", "Share Issued": "58,429", "Ordinary Shares Number": "58,429"}, "12/31/2013": {"Duration": "12/31/2013", "Total Assets": "481,219", "Total Liabilities Net Minority Interest": "18,002", "Total Equity Gross Minority Interest": "463,217", "Total Capitalization": "463,217", "Common Stock Equity": "463,217", "Net Tangible Assets": "451,390", "Invested Capital": "463,217", "Tangible Book Value": "451,390", "Total Debt": "-", "Net Debt": "-", "Share Issued": "58,052", "Ordinary Shares Number": "58,052"}, "12/31/2012": {"Duration": "12/31/2012", "Total Assets": "542,768", "Total Liabilities Net Minority Interest": "54,020", "Total Equity Gross Minority Interest": "488,748", "Total Capitalization": "488,748", "Common Stock Equity": "488,748", "Net Tangible Assets": "477,848", "Invested Capital": "488,748", "Tangible Book Value": "477,848", "Total Debt": "0", "Net Debt": "-", "Share Issued": "-", "Ordinary Shares Number": "-"}, "12/31/2011": {"Duration": "12/31/2011", "Total Assets": "209.758", "Total Liabilities Net Minority Interest": "1,559", "Total Equity Gross Minority Interest": "-1,349", "Total Capitalization": "-1,349", "Common Stock Equity": "-1,349", "Net Tangible Assets": "-1,349", "Invested Capital": "-1,144", "Tangible Book Value": "-1,349", "Total Debt": "205.318", "Net Debt": "205.317", "Share Issued": "57,737", "Ordinary Shares Number": "57,737"}}, "cf": {"TTM": {"Duration": "TTM", "Operating Cash Flow": "290,210", "Investing Cash Flow": "-751,784", "Financing Cash Flow": "467,270", "End Cash Position": "115,517", "Income Tax Paid Supplemental Data": "-", "Interest Paid Supplemental Data": "15,158", "Capital Expenditure": "-13,122", "Issuance of Capital Stock": "-", "Issuance of Debt": "-", "Repayment of Debt": "-147,375", "Free Cash Flow": "277,088"}, "12/31/2020": {"Duration": "12/31/2020", "Operating Cash Flow": "252,598", "Investing Cash Flow": "-629,554", "Financing Cash Flow": "462,804", "End Cash Position": "126,937", "Income Tax Paid Supplemental Data": "-", "Interest Paid Supplemental Data": "17,561", "Capital Expenditure": "-12,159", "Issuance of Capital Stock": "219,687", "Issuance of Debt": "400,000", "Repayment of Debt": "-147,750", "Free Cash Flow": "240,439"}, "12/31/2019": {"Duration": "12/31/2019", "Operating Cash Flow": "208,150", "Investing Cash Flow": "-194,355", "Financing Cash Flow": "2,000", "End Cash Position": "41,089", "Income Tax Paid Supplemental Data": "-", "Interest Paid Supplemental Data": "10,691", "Capital Expenditure": "-9,956", "Issuance of Capital Stock": "0", "Issuance of Debt": "0", "Repayment of Debt": "-1,500", "Free Cash Flow": "198,194"}, "12/31/2018": {"Duration": "12/31/2018", "Operating Cash Flow": "145,861", "Investing Cash Flow": "-220,650", "Financing Cash Flow": "80,887", "End Cash Position": "25,294", "Income Tax Paid Supplemental Data": "867", "Interest Paid Supplemental Data": "12,093", "Capital Expenditure": "-8,060", "Issuance of Capital Stock": "79,165", "Issuance of Debt": "149,250", "Repayment of Debt": "-147,375", "Free Cash Flow": "137,801"}, "12/31/2017": {"Duration": "12/31/2017", "Operating Cash Flow": "67,763", "Investing Cash Flow": "-93,072", "Financing Cash Flow": "-3,241", "End Cash Position": "19,196", "Income Tax Paid Supplemental Data": "1,220", "Interest Paid Supplemental Data": "13,355", "Capital Expenditure": "-8,510", "Issuance of Capital Stock": "-", "Issuance of Debt": "-", "Repayment of Debt": "-1,500", "Free Cash Flow": "59,253"}, "12/31/2016": {"Duration": "12/31/2016", "Operating Cash Flow": "71,944", "Investing Cash Flow": "-79,792", "Financing Cash Flow": "-1,723", "End Cash Position": "47,746", "Income Tax Paid Supplemental Data": "200", "Interest Paid Supplemental Data": "9,669", "Capital Expenditure": "-11,471", "Issuance of Capital Stock": "532", "Issuance of Debt": "0", "Repayment of Debt": "-1,500", "Free Cash Flow": "60,473"}, "12/31/2015": {"Duration": "12/31/2015", "Operating Cash Flow": "41,463", "Investing Cash Flow": "-230,165", "Financing Cash Flow": "142,998", "End Cash Position": "57,317", "Income Tax Paid Supplemental Data": "-", "Interest Paid Supplemental Data": "5", "Capital Expenditure": "-6,135", "Issuance of Capital Stock": "415", "Issuance of Debt": "148,500", "Repayment of Debt": "-375", "Free Cash Flow": "35,328"}, "12/31/2014": {"Duration": "12/31/2014", "Operating Cash Flow": "-21,004", "Investing Cash Flow": "68,082", "Financing Cash Flow": "14", "End Cash Position": "103,021", "Income Tax Paid Supplemental Data": "-", "Interest Paid Supplemental Data": "-", "Capital Expenditure": "-8,220", "Issuance of Capital Stock": "1,097", "Issuance of Debt": "-", "Repayment of Debt": "-", "Free Cash Flow": "-29,224"}, "12/31/2013": {"Duration": "12/31/2013", "Operating Cash Flow": "-36,311", "Investing Cash Flow": "-419,949", "Financing Cash Flow": "26,334", "End Cash Position": "55,929", "Income Tax Paid Supplemental Data": "-", "Interest Paid Supplemental Data": "-", "Capital Expenditure": "-6,692", "Issuance of Capital Stock": "27,912", "Issuance of Debt": "-", "Repayment of Debt": "-", "Free Cash Flow": "-43,003"}, "12/31/2012": {"Duration": "12/31/2012", "Operating Cash Flow": "-14,596", "Investing Cash Flow": "-9,808", "Financing Cash Flow": "510,260", "End Cash Position": "485,855", "Income Tax Paid Supplemental Data": "-", "Interest Paid Supplemental Data": "-", "Capital Expenditure": "-2,447", "Issuance of Capital Stock": "510,812", "Issuance of Debt": "-", "Repayment of Debt": "-", "Free Cash Flow": "-17,043"}}, "ks": {"Current": {"Duration": "Current", "Market Cap (intraday) 5": "2.02B", "Enterprise Value 3": "2.30B", "Trailing P/E ": "11.99", "Forward P/E 1": "N/A", "PEG Ratio (5 yr expected) 1": "N/A", "Price/Sales (ttm)": "N/A", "Price/Book (mrq)": "1.46", "Enterprise Value/Revenue 3": "5.27", "Enterprise Value/EBITDA 7": "N/A"}, "3/31/2021": {"Duration": "3/31/2021", "Market Cap (intraday) 5": "2.02B", "Enterprise Value 3": "2.30B", "Trailing P/E ": "11.10", "Forward P/E 1": "9.45", "PEG Ratio (5 yr expected) 1": "N/A", "Price/Sales (ttm)": "4.30", "Price/Book (mrq)": "1.48", "Enterprise Value/Revenue 3": "19.96", "Enterprise Value/EBITDA 7": "N/A"}, "12/31/2020": {"Duration": "12/31/2020", "Market Cap (intraday) 5": "1.93B", "Enterprise Value 3": "2.13B", "Trailing P/E ": "9.98", "Forward P/E 1": "9.84", "PEG Ratio (5 yr expected) 1": "N/A", "Price/Sales (ttm)": "3.96", "Price/Book (mrq)": "1.48", "Enterprise Value/Revenue 3": "19.66", "Enterprise Value/EBITDA 7": "N/A"}, "9/30/2020": {"Duration": "9/30/2020", "Market Cap (intraday) 5": "1.51B", "Enterprise Value 3": "1.39B", "Trailing P/E ": "7.01", "Forward P/E 1": "7.89", "PEG Ratio (5 yr expected) 1": "N/A", "Price/Sales (ttm)": "2.98", "Price/Book (mrq)": "1.20", "Enterprise Value/Revenue 3": "12.94", "Enterprise Value/EBITDA 7": "N/A"}, "6/30/2020": {"Duration": "6/30/2020", "Market Cap (intraday) 5": "1.36B", "Enterprise Value 3": "1.40B", "Trailing P/E ": "5.89", "Forward P/E 1": "9.51", "PEG Ratio (5 yr expected) 1": "N/A", "Price/Sales (ttm)": "2.76", "Price/Book (mrq)": "1.40", "Enterprise Value/Revenue 3": "13.14", "Enterprise Value/EBITDA 7": "N/A"}, "3/31/2020": {"Duration": "3/31/2020", "Market Cap (intraday) 5": "799.62M", "Enterprise Value 3": "906.96M", "Trailing P/E ": "4.70", "Forward P/E 1": "4.00", "PEG Ratio (5 yr expected) 1": "N/A", "Price/Sales (ttm)": "2.19", "Price/Book (mrq)": "0.86", "Enterprise Value/Revenue 3": "7.98", "Enterprise Value/EBITDA 7": "N/A"}, "12/31/2019": {"Duration": "12/31/2019", "Market Cap (intraday) 5": "2.27B", "Enterprise Value 3": "2.37B", "Trailing P/E ": "14.55", "Forward P/E 1": "10.55", "PEG Ratio (5 yr expected) 1": "N/A", "Price/Sales (ttm)": "6.60", "Price/Book (mrq)": "2.60", "Enterprise Value/Revenue 3": "23.19", "Enterprise Value/EBITDA 7": "N/A"}, "9/30/2019": {"Duration": "9/30/2019", "Market Cap (intraday) 5": "1.78B", "Enterprise Value 3": "1.90B", "Trailing P/E ": "13.54", "Forward P/E 1": "8.55", "PEG Ratio (5 yr expected) 1": "N/A", "Price/Sales (ttm)": "5.80", "Price/Book (mrq)": "2.20", "Enterprise Value/Revenue 3": "18.45", "Enterprise Value/EBITDA 7": "N/A"}, "6/30/2019": {"Duration": "6/30/2019", "Market Cap (intraday) 5": "1.92B", "Enterprise Value 3": "2.02B", "Trailing P/E ": "16.32", "Forward P/E 1": "12.71", "PEG Ratio (5 yr expected) 1": "N/A", "Price/Sales (ttm)": "6.72", "Price/Book (mrq)": "2.56", "Enterprise Value/Revenue 3": "22.62", "Enterprise Value/EBITDA 7": "N/A"}, "3/31/2019": {"Duration": "3/31/2019", "Market Cap (intraday) 5": "1.75B", "Enterprise Value 3": "1.87B", "Trailing P/E ": "16.17", "Forward P/E 1": "12.29", "PEG Ratio (5 yr expected) 1": "N/A", "Price/Sales (ttm)": "6.40", "Price/Book (mrq)": "2.49", "Enterprise Value/Revenue 3": "24.71", "Enterprise Value/EBITDA 7": "N/A"}, "12/31/2018": {"Duration": "12/31/2018", "Market Cap (intraday) 5": "1.18B", "Enterprise Value 3": "1.31B", "Trailing P/E ": "17.16", "Forward P/E 1": "8.12", "PEG Ratio (5 yr expected) 1": "N/A", "Price/Sales (ttm)": "4.79", "Price/Book (mrq)": "1.79", "Enterprise Value/Revenue 3": "16.45", "Enterprise Value/EBITDA 7": "N/A"}, "9/30/2018": {"Duration": "9/30/2018", "Market Cap (intraday) 5": "1.49B", "Enterprise Value 3": "1.62B", "Trailing P/E ": "26.03", "Forward P/E 1": "10.15", "PEG Ratio (5 yr expected) 1": "N/A", "Price/Sales (ttm)": "6.43", "Price/Book (mrq)": "2.38", "Enterprise Value/Revenue 3": "24.44", "Enterprise Value/EBITDA 7": "N/A"}, "6/30/2018": {"Duration": "6/30/2018", "Market Cap (intraday) 5": "1.07B", "Enterprise Value 3": "1.11B", "Trailing P/E ": "27.17", "Forward P/E 1": "10.87", "PEG Ratio (5 yr expected) 1": "N/A", "Price/Sales (ttm)": "5.09", "Price/Book (mrq)": "1.78", "Enterprise Value/Revenue 3": "16.44", "Enterprise Value/EBITDA 7": "N/A"}, "3/31/2018": {"Duration": "3/31/2018", "Market Cap (intraday) 5": "1.09B", "Enterprise Value 3": "1.21B", "Trailing P/E ": "47.29", "Forward P/E 1": "11.49", "PEG Ratio (5 yr expected) 1": "N/A", "Price/Sales (ttm)": "5.76", "Price/Book (mrq)": "2.13", "Enterprise Value/Revenue 3": "20.17", "Enterprise Value/EBITDA 7": "N/A"}, "12/31/2017": {"Duration": "12/31/2017", "Market Cap (intraday) 5": "1.02B", "Enterprise Value 3": "1.14B", "Trailing P/E ": "12.23", "Forward P/E 1": "13.23", "PEG Ratio (5 yr expected) 1": "N/A", "Price/Sales (ttm)": "6.59", "Price/Book (mrq)": "2.01", "Enterprise Value/Revenue 3": "22.38", "Enterprise Value/EBITDA 7": "N/A"}, "9/30/2017": {"Duration": "9/30/2017", "Market Cap (intraday) 5": "742.29M", "Enterprise Value 3": "866.25M", "Trailing P/E ": "9.61", "Forward P/E 1": "11.59", "PEG Ratio (5 yr expected) 1": "N/A", "Price/Sales (ttm)": "5.23", "Price/Book (mrq)": "1.50", "Enterprise Value/Revenue 3": "17.88", "Enterprise Value/EBITDA 7": "N/A"}, "6/30/2017": {"Duration": "6/30/2017", "Market Cap (intraday) 5": "685.38M", "Enterprise Value 3": "816.85M", "Trailing P/E ": "9.23", "Forward P/E 1": "19.08", "PEG Ratio (5 yr expected) 1": "N/A", "Price/Sales (ttm)": "5.20", "Price/Book (mrq)": "1.42", "Enterprise Value/Revenue 3": "19.35", "Enterprise Value/EBITDA 7": "N/A"}, "3/31/2017": {"Duration": "3/31/2017", "Market Cap (intraday) 5": "681.53M", "Enterprise Value 3": "778.14M", "Trailing P/E ": "10.56", "Forward P/E 1": "15.82", "PEG Ratio (5 yr expected) 1": "N/A", "Price/Sales (ttm)": "5.69", "Price/Book (mrq)": "1.43", "Enterprise Value/Revenue 3": "21.11", "Enterprise Value/EBITDA 7": "N/A"}, "12/31/2016": {"Duration": "12/31/2016", "Market Cap (intraday) 5": "629.83M", "Enterprise Value 3": "729.53M", "Trailing P/E ": "N/A", "Forward P/E 1": "10.65", "PEG Ratio (5 yr expected) 1": "N/A", "Price/Sales (ttm)": "5.97", "Price/Book (mrq)": "1.46", "Enterprise Value/Revenue 3": "20.89", "Enterprise Value/EBITDA 7": "N/A"}, "9/30/2016": {"Duration": "9/30/2016", "Market Cap (intraday) 5": "450.64M", "Enterprise Value 3": "547.92M", "Trailing P/E ": "N/A", "Forward P/E 1": "7.62", "PEG Ratio (5 yr expected) 1": "N/A", "Price/Sales (ttm)": "5.18", "Price/Book (mrq)": "1.07", "Enterprise Value/Revenue 3": "15.78", "Enterprise Value/EBITDA 7": "N/A"}, "6/30/2016": {"Duration": "6/30/2016", "Market Cap (intraday) 5": "324.02M", "Enterprise Value 3": "394.70M", "Trailing P/E ": "N/A", "Forward P/E 1": "27.40", "PEG Ratio (5 yr expected) 1": "N/A", "Price/Sales (ttm)": "4.76", "Price/Book (mrq)": "0.79", "Enterprise Value/Revenue 3": "13.42", "Enterprise Value/EBITDA 7": "N/A"}, "3/31/2016": {"Duration": "3/31/2016", "Market Cap (intraday) 5": "298.36M", "Enterprise Value 3": "384.98M", "Trailing P/E ": "N/A", "Forward P/E 1": "8.70", "PEG Ratio (5 yr expected) 1": "N/A", "Price/Sales (ttm)": "5.34", "Price/Book (mrq)": "0.74", "Enterprise Value/Revenue 3": "16.84", "Enterprise Value/EBITDA 7": "N/A"}, "12/31/2015": {"Duration": "12/31/2015", "Market Cap (intraday) 5": "398.13M", "Enterprise Value 3": "265.34M", "Trailing P/E ": "N/A", "Forward P/E 1": "75.19", "PEG Ratio (5 yr expected) 1": "N/A", "Price/Sales (ttm)": "9.24", "Price/Book (mrq)": "0.98", "Enterprise Value/Revenue 3": "13.75", "Enterprise Value/EBITDA 7": "N/A"}, "9/30/2015": {"Duration": "9/30/2015", "Market Cap (intraday) 5": "446.45M", "Enterprise Value 3": "382.15M", "Trailing P/E ": "N/A", "Forward P/E 1": "42.19", "PEG Ratio (5 yr expected) 1": "N/A", "Price/Sales (ttm)": "12.84", "Price/Book (mrq)": "1.08", "Enterprise Value/Revenue 3": "25.42", "Enterprise Value/EBITDA 7": "N/A"}, "6/30/2015": {"Duration": "6/30/2015", "Market Cap (intraday) 5": "471.10M", "Enterprise Value 3": "404.68M", "Trailing P/E ": "N/A", "Forward P/E 1": "40.16", "PEG Ratio (5 yr expected) 1": "N/A", "Price/Sales (ttm)": "16.52", "Price/Book (mrq)": "1.11", "Enterprise Value/Revenue 3": "37.50", "Enterprise Value/EBITDA 7": "N/A"}, "3/31/2015": {"Duration": "3/31/2015", "Market Cap (intraday) 5": "438.31M", "Enterprise Value 3": "335.29M", "Trailing P/E ": "N/A", "Forward P/E 1": "17.04", "PEG Ratio (5 yr expected) 1": "N/A", "Price/Sales (ttm)": "19.66", "Price/Book (mrq)": "1.03", "Enterprise Value/Revenue 3": "32.26", "Enterprise Value/EBITDA 7": "N/A"}, "12/31/2014": {"Duration": "12/31/2014", "Market Cap (intraday) 5": "533.45M", "Enterprise Value 3": "395.97M", "Trailing P/E ": "N/A", "Forward P/E 1": "N/A", "PEG Ratio (5 yr expected) 1": "N/A", "Price/Sales (ttm)": "30.16", "Price/Book (mrq)": "1.23", "Enterprise Value/Revenue 3": "57.96", "Enterprise Value/EBITDA 7": "N/A"}, "9/30/2014": {"Duration": "9/30/2014", "Market Cap (intraday) 5": "504.84M", "Enterprise Value 3": "470.17M", "Trailing P/E ": "N/A", "Forward P/E 1": "N/A", "PEG Ratio (5 yr expected) 1": "N/A", "Price/Sales (ttm)": "37.84", "Price/Book (mrq)": "1.14", "Enterprise Value/Revenue 3": "71.07", "Enterprise Value/EBITDA 7": "N/A"}, "6/30/2014": {"Duration": "6/30/2014", "Market Cap (intraday) 5": "612.82M", "Enterprise Value 3": "570.02M", "Trailing P/E ": "N/A", "Forward P/E 1": "N/A", "PEG Ratio (5 yr expected) 1": "N/A", "Price/Sales (ttm)": "63.72", "Price/Book (mrq)": "1.35", "Enterprise Value/Revenue 3": "126.31", "Enterprise Value/EBITDA 7": "N/A"}, "3/31/2014": {"Duration": "3/31/2014", "Market Cap (intraday) 5": "680.55M", "Enterprise Value 3": "624.62M", "Trailing P/E ": "N/A", "Forward P/E 1": "N/A", "PEG Ratio (5 yr expected) 1": "N/A", "Price/Sales (ttm)": "118.05", "Price/Book (mrq)": "1.47", "Enterprise Value/Revenue 3": "147.07", "Enterprise Value/EBITDA 7": "N/A"}, "12/31/2013": {"Duration": "12/31/2013", "Market Cap (intraday) 5": "739.01M", "Enterprise Value 3": "704.91M", "Trailing P/E ": "N/A", "Forward P/E 1": "N/A", "PEG Ratio (5 yr expected) 1": "N/A", "Price/Sales (ttm)": "261.89", "Price/Book (mrq)": "1.65", "Enterprise Value/Revenue 3": "323.40", "Enterprise Value/EBITDA 7": "N/A"}}, "inside": {"Date": ["INSIDER NAME", "TITLE", "DATE", "TRANSATION", "SHARE", "PRICE", "AMOUNT"], "2021-05-21 17:23:21": ["MATHIS PATRICK L", "EVP, CHIEF OPERATING OFFICER", "2021-05-20", "SELL", "23,157", "23.80", "551,195"], "2021-05-14 16:06:41": ["NORBERG JULIE", "SVP, CONTROLLER", "2021-05-12", "SELL", "2,100", "23.46", "49,266"], "2021-05-07 12:19:31": ["LEATHERBERRY WILLIAM J", "EVP, GENERAL COUNSEL", "2021-05-05", "SELL", "5,000", "25.25", "126,250"], "2021-04-27 17:05:13": ["SHUSTER BRADLEY M", "EXECUTIVE CHAIRMAN", "2021-04-23", "SELL", "36,627", "24.12", "883,284"], "2021-04-06 10:39:48": ["SHUSTER BRADLEY M", "EXECUTIVE CHAIRMAN", "2021-04-01", "SELL", "36,628", "23.35", "855,187"], "2021-03-19 16:26:20": ["NORBERG JULIE", "SVP, CONTROLLER", "2021-03-18", "SELL", "2,933", "25.81", "75,708"], "2021-03-17 17:49:28": ["LEATHERBERRY WILLIAM J", "EVP, GENERAL COUNSEL", "2021-03-15", "SELL", "5,432", "24.55", "133,356"], "2021-03-15 18:20:52": ["MERKLE CLAUDIA J", "CEO", "2021-03-11", "OPTION EXERCISE", "33,348", "11.59", "386,412"], "2021-03-11 16:18:30": ["LEATHERBERRY WILLIAM J", "EVP, GENERAL COUNSEL", "2021-03-10", "SELL", "10,568", "24.68", "260,818"], "2021-03-04 19:20:20": ["MERKLE CLAUDIA J", "CEO", "2021-03-02", "OPTION EXERCISE", "8,899", "10.00", "88,990"], "2021-03-03 17:51:56": ["SHUSTER BRADLEY M", "EXECUTIVE CHAIRMAN", "2021-03-01", "SELL", "73,256", "23.80", "1,743,683"], "2021-02-26 16:29:03": ["SHUSTER BRADLEY M", "EXECUTIVE CHAIRMAN", "2021-02-24", "SELL", "36,628", "24.40", "893,840"], "2021-02-03 18:23:22": ["SHUSTER BRADLEY M", "EXECUTIVE CHAIRMAN", "2021-02-01", "SELL", "36,628", "21.68", "794,099"], "2021-01-08 19:03:30": ["SHUSTER BRADLEY M", "EXECUTIVE CHAIRMAN", "2021-01-06", "OPTION EXERCISE", "23,449", "11.75", "275,526"], "2021-01-06 18:57:00": ["SHUSTER BRADLEY M", "EXECUTIVE CHAIRMAN", "2021-01-04", "OPTION EXERCISE", "36,628", "11.75", "430,379"], "2020-12-11 16:54:37": ["LEATHERBERRY WILLIAM J", "EVP, GENERAL COUNSEL", "2020-12-10", "OPTION EXERCISE", "19,434", "16.00", "310,944"], "2020-12-11 16:53:42": ["SHUSTER BRADLEY M", "EXECUTIVE CHAIRMAN", "2020-12-09", "OPTION EXERCISE", "36,628", "11.75", "430,379"], "2020-12-02 16:48:28": ["SHUSTER BRADLEY M", "EXECUTIVE CHAIRMAN", "2020-11-30", "OPTION EXERCISE", "36,628", "12.32", "451,257"], "2020-11-27 15:20:59": ["POLLITZER ADAM", "EVP, CHIEF FINANCIAL OFFICER", "2020-11-24", "OPTION EXERCISE", "22,965", "10.80", "248,022"], "2020-11-27 15:20:11": ["LEATHERBERRY WILLIAM J", "EVP, GENERAL COUNSEL", "2020-11-24", "SELL", "7,686", "23.75", "182,543"], "2020-11-20 18:27:31": ["LEATHERBERRY WILLIAM J", "EVP, GENERAL COUNSEL", "2020-11-18", "SELL", "3,801", "23.75", "90,274"], "2020-11-20 18:26:13": ["EMBLER MICHAEL J", "DIRECTIOR", "2020-11-19", "OPTION EXERCISE", "37,813", "10.00", "378,130"], "2020-11-18 18:39:29": ["SHUSTER BRADLEY M", "EXECUTIVE CHAIRMAN", "2020-11-16", "OPTION EXERCISE", "36,628", "11.75", "430,379"], "2020-11-18 18:38:33": ["MERKLE CLAUDIA J", "CEO", "2020-11-16", "OPTION EXERCISE", "73,791", "11.10", "819,080"], "2020-11-18 18:37:40": ["SMITH ROBERT OWEN", "EVP, CHIEF RISK OFFICER", "2020-11-17", "SELL", "7,500", "23.50", "176,250"], "2020-11-12 16:15:14": ["LEATHERBERRY WILLIAM J", "EVP, GENERAL COUNSEL", "2020-11-09", "OPTION EXERCISE", "16,709", "11.10", "185,470"], "2020-11-12 16:14:14": ["OZANNE JAMES", "DIRECTIOR", "2020-11-10", "OPTION EXERCISE", "38,625", "10.00", "386,250"], "2020-11-12 16:13:22": ["NORBERG JULIE", "SVP, CONTROLLER", "2020-03-15", "SELL", "3,000", "24.23", "72,680"]}}}, {"SUND": {"quote": {"04/24/2021": {"value": "7.00", "Market Cap": "279.756M", "Beta (5Y Monthly)": "0.21", "PE Ratio (TTM)": "N/A", "EPS (TTM)": "-0.03", "Earnings Date": "Aug 11, 2020", "Forward Dividend & Yield": "N/A (N/A)", "Ex-Dividend Date": "N/A", "1y Target Est": "N/A"}}, "fin": {"TTM": {"Duration": "TTM", "Total Revenue": "0", "Cost of Revenue": "-", "Gross Profit": "-", "Operating Expense": "571.807", "Operating Income": "-571.807", "Net Non Operating Interest Income Expense": "-524.043", "Other Income Expense": "-", "Pretax Income": "-1,069", "Tax Provision": "0", "Net Income Common Stockholders": "-1,069", "Diluted NI Available to Com Stockholders": "-1,069", "Basic EPS": "-", "Diluted EPS": "-", "Basic Average Shares": "-", "Diluted Average Shares": "-", "Total Operating Income as Reported": "-571.807", "Total Expenses": "571.807", "Net Income from Continuing & Discontinued Operation": "-1,069", "Normalized Income": "-1,096", "Interest Income": "-", "Interest Expense": "215.813", "Net Interest Income": "-524.043", "EBIT": "-853.579", "EBITDA": "-853.579", "Reconciled Cost of Revenue": "-", "Reconciled Depreciation": "-", "Net Income from Continuing Operation Net Minority Interest": "-1,069", "Total Unusual Items Excluding Goodwill": "26.458", "Total Unusual Items": "26.458", "Normalized EBITDA": "-880.037", "Tax Rate for Calcs": "0", "Tax Effect of Unusual Items": "0"}, "3/31/2020": {"Duration": "3/31/2020", "Total Revenue": "0", "Cost of Revenue": "-", "Gross Profit": "-", "Operating Expense": "828.446", "Operating Income": "-828.446", "Net Non Operating Interest Income Expense": "-284.388", "Other Income Expense": "-", "Pretax Income": "-1,113", "Tax Provision": "0", "Net Income Common Stockholders": "-1,113", "Diluted NI Available to Com Stockholders": "-1,113", "Basic EPS": "-0.03", "Diluted EPS": "-0.03", "Basic Average Shares": "37,828", "Diluted Average Shares": "37,828", "Total Operating Income as Reported": "-828.446", "Total Expenses": "828.446", "Net Income from Continuing & Discontinued Operation": "-1,113", "Normalized Income": "-1,113", "Interest Income": "-", "Interest Expense": "174.388", "Net Interest Income": "-284.388", "EBIT": "-938.446", "EBITDA": "-", "Reconciled Cost of Revenue": "-", "Reconciled Depreciation": "-", "Net Income from Continuing Operation Net Minority Interest": "-1,113", "Total Unusual Items Excluding Goodwill": "0", "Total Unusual Items": "0", "Normalized EBITDA": "-938.446", "Tax Rate for Calcs": "0", "Tax Effect of Unusual Items": "0"}, "3/31/2019": {"Duration": "3/31/2019", "Total Revenue": "0", "Cost of Revenue": "-", "Gross Profit": "-", "Operating Expense": "1,095", "Operating Income": "-1,095", "Net Non Operating Interest Income Expense": "-943.361", "Other Income Expense": "-17.84", "Pretax Income": "-2,056", "Tax Provision": "0", "Net Income Common Stockholders": "-2,056", "Diluted NI Available to Com Stockholders": "-2,056", "Basic EPS": "-0.05", "Diluted EPS": "-0.05", "Basic Average Shares": "42,455", "Diluted Average Shares": "42,455", "Total Operating Income as Reported": "-1,095", "Total Expenses": "1,095", "Net Income from Continuing & Discontinued Operation": "-2,056", "Normalized Income": "-2,038", "Interest Income": "-", "Interest Expense": "93.555", "Net Interest Income": "-943.361", "EBIT": "-1,963", "EBITDA": "-", "Reconciled Cost of Revenue": "-", "Reconciled Depreciation": "-", "Net Income from Continuing Operation Net Minority Interest": "-2,056", "Total Unusual Items Excluding Goodwill": "-17.84", "Total Unusual Items": "-17.84", "Normalized EBITDA": "-1,945", "Tax Rate for Calcs": "0", "Tax Effect of Unusual Items": "0"}, "3/31/2018": {"Duration": "3/31/2018", "Total Revenue": "0", "Cost of Revenue": "-", "Gross Profit": "-", "Operating Expense": "1,569", "Operating Income": "-1,569", "Net Non Operating Interest Income Expense": "-727.956", "Other Income Expense": "-24,886", "Pretax Income": "-27,184", "Tax Provision": "-758.972", "Net Income Common Stockholders": "-26,425", "Diluted NI Available to Com Stockholders": "-26,425", "Basic EPS": "-0.60", "Diluted EPS": "-0.60", "Basic Average Shares": "44,128", "Diluted Average Shares": "44,128", "Total Operating Income as Reported": "-3,506", "Total Expenses": "1,569", "Net Income from Continuing & Discontinued Operation": "-26,425", "Normalized Income": "-2,233", "Interest Income": "-", "Interest Expense": "257.181", "Net Interest Income": "-727.956", "EBIT": "-26,926", "EBITDA": "-", "Reconciled Cost of Revenue": "-", "Reconciled Depreciation": "-", "Net Income from Continuing Operation Net Minority Interest": "-26,425", "Total Unusual Items Excluding Goodwill": "-24,886", "Total Unusual Items": "-24,886", "Normalized EBITDA": "-2,040", "Tax Rate for Calcs": "0", "Tax Effect of Unusual Items": "-694.8343"}, "3/31/2017": {"Duration": "3/31/2017", "Total Revenue": "5,752", "Cost of Revenue": "-", "Gross Profit": "-", "Operating Expense": "2,490", "Operating Income": "3,262", "Net Non Operating Interest Income Expense": "-490.625", "Other Income Expense": "-", "Pretax Income": "2,771", "Tax Provision": "758.972", "Net Income Common Stockholders": "2,012", "Diluted NI Available to Com Stockholders": "2,012", "Basic EPS": "0.05", "Diluted EPS": "0.04", "Basic Average Shares": "44,132", "Diluted Average Shares": "45,477", "Total Operating Income as Reported": "3,262", "Total Expenses": "2,490", "Net Income from Continuing & Discontinued Operation": "2,012", "Normalized Income": "2,012", "Interest Income": "0", "Interest Expense": "390.625", "Net Interest Income": "-490.625", "EBIT": "3,162", "EBITDA": "-", "Reconciled Cost of Revenue": "-", "Reconciled Depreciation": "-", "Net Income from Continuing Operation Net Minority Interest": "2,012", "Total Unusual Items Excluding Goodwill": "-", "Total Unusual Items": "-", "Normalized EBITDA": "3,162", "Tax Rate for Calcs": "0", "Tax Effect of Unusual Items": "0"}, "3/31/2016": {"Duration": "3/31/2016", "Total Revenue": "3,909", "Cost of Revenue": "-", "Gross Profit": "-", "Operating Expense": "3,597", "Operating Income": "311.732", "Net Non Operating Interest Income Expense": "-228.003", "Other Income Expense": "-", "Pretax Income": "83.729", "Tax Provision": "0", "Net Income Common Stockholders": "83.729", "Diluted NI Available to Com Stockholders": "83.729", "Basic EPS": "0.00", "Diluted EPS": "0.00", "Basic Average Shares": "44,027", "Diluted Average Shares": "45,373", "Total Operating Income as Reported": "311.732", "Total Expenses": "3,597", "Net Income from Continuing & Discontinued Operation": "83.729", "Normalized Income": "83.729", "Interest Income": "5.241", "Interest Expense": "233.244", "Net Interest Income": "-228.003", "EBIT": "316.973", "EBITDA": "-", "Reconciled Cost of Revenue": "-", "Reconciled Depreciation": "-", "Net Income from Continuing Operation Net Minority Interest": "83.729", "Total Unusual Items Excluding Goodwill": "0", "Total Unusual Items": "0", "Normalized EBITDA": "316.973", "Tax Rate for Calcs": "0", "Tax Effect of Unusual Items": "0"}, "3/31/2015": {"Duration": "3/31/2015", "Total Revenue": "2,454", "Cost of Revenue": "-", "Gross Profit": "-", "Operating Expense": "2,338", "Operating Income": "116.213", "Net Non Operating Interest Income Expense": "-269.256", "Other Income Expense": "6.303", "Pretax Income": "-146.74", "Tax Provision": "0", "Net Income Common Stockholders": "-146.74", "Diluted NI Available to Com Stockholders": "-146.74", "Basic EPS": "-0.01", "Diluted EPS": "-0.01", "Basic Average Shares": "43,138", "Diluted Average Shares": "43,138", "Total Operating Income as Reported": "116.213", "Total Expenses": "2,338", "Net Income from Continuing & Discontinued Operation": "-146.74", "Normalized Income": "-146.74", "Interest Income": "17.947", "Interest Expense": "287.203", "Net Interest Income": "-269.256", "EBIT": "140.463", "EBITDA": "-", "Reconciled Cost of Revenue": "-", "Reconciled Depreciation": "-", "Net Income from Continuing Operation Net Minority Interest": "-146.74", "Total Unusual Items Excluding Goodwill": "0", "Total Unusual Items": "0", "Normalized EBITDA": "140.463", "Tax Rate for Calcs": "0", "Tax Effect of Unusual Items": "0"}, "3/31/2014": {"Duration": "3/31/2014", "Total Revenue": "508.411", "Cost of Revenue": "-", "Gross Profit": "-", "Operating Expense": "2,278", "Operating Income": "-1,770", "Net Non Operating Interest Income Expense": "-108.664", "Other Income Expense": "1,672", "Pretax Income": "-206.138", "Tax Provision": "-", "Net Income Common Stockholders": "-206.138", "Diluted NI Available to Com Stockholders": "-206.138", "Basic EPS": "-0.01", "Diluted EPS": "-0.01", "Basic Average Shares": "42,560", "Diluted Average Shares": "42,560", "Total Operating Income as Reported": "-1,770", "Total Expenses": "2,278", "Net Income from Continuing & Discontinued Operation": "-206.138", "Normalized Income": "-1,878", "Interest Income": "13.788", "Interest Expense": "122.452", "Net Interest Income": "-108.664", "EBIT": "-83.686", "EBITDA": "-", "Reconciled Cost of Revenue": "-", "Reconciled Depreciation": "-", "Net Income from Continuing Operation Net Minority Interest": "-206.138", "Total Unusual Items Excluding Goodwill": "1,672", "Total Unusual Items": "1,672", "Normalized EBITDA": "-1,756", "Tax Rate for Calcs": "0", "Tax Effect of Unusual Items": "0"}, "3/31/2012": {"Duration": "3/31/2012", "Total Revenue": "0", "Cost of Revenue": "0", "Gross Profit": "0", "Operating Expense": "10.291", "Operating Income": "-10.291", "Net Non Operating Interest Income Expense": "-0.26", "Other Income Expense": "-", "Pretax Income": "-", "Tax Provision": "-", "Net Income Common Stockholders": "-10.551", "Diluted NI Available to Com Stockholders": "-10.551", "Basic EPS": "0.00", "Diluted EPS": "0.00", "Basic Average Shares": "3,760", "Diluted Average Shares": "3,760", "Total Operating Income as Reported": "-10.291", "Total Expenses": "10.291", "Net Income from Continuing & Discontinued Operation": "-10.551", "Normalized Income": "-10.551", "Interest Income": "-", "Interest Expense": "0.26", "Net Interest Income": "-0.26", "EBIT": "-10.291", "EBITDA": "-", "Reconciled Cost of Revenue": "0", "Reconciled Depreciation": "-", "Net Income from Continuing Operation Net Minority Interest": "-10.551", "Total Unusual Items Excluding Goodwill": "0", "Total Unusual Items": "0", "Normalized EBITDA": "-10.291", "Tax Rate for Calcs": "0", "Tax Effect of Unusual Items": "0"}, "3/31/2011": {"Duration": "3/31/2011", "Total Revenue": "0", "Cost of Revenue": "0", "Gross Profit": "0", "Operating Expense": "8.002", "Operating Income": "-8.002", "Net Non Operating Interest Income Expense": "-0.161", "Other Income Expense": "-", "Pretax Income": "-", "Tax Provision": "-", "Net Income Common Stockholders": "-8.163", "Diluted NI Available to Com Stockholders": "-8.163", "Basic EPS": "0.00", "Diluted EPS": "0.00", "Basic Average Shares": "3,760", "Diluted Average Shares": "3,760", "Total Operating Income as Reported": "-8.002", "Total Expenses": "8.002", "Net Income from Continuing & Discontinued Operation": "-8.163", "Normalized Income": "-8.163", "Interest Income": "-", "Interest Expense": "0.161", "Net Interest Income": "-0.161", "EBIT": "-8.002", "EBITDA": "-", "Reconciled Cost of Revenue": "0", "Reconciled Depreciation": "-", "Net Income from Continuing Operation Net Minority Interest": "-8.163", "Total Unusual Items Excluding Goodwill": "-", "Total Unusual Items": "-", "Normalized EBITDA": "-8.002", "Tax Rate for Calcs": "0", "Tax Effect of Unusual Items": "0"}, "3/31/2010": {"Duration": "3/31/2010", "Total Revenue": "0", "Cost of Revenue": "0", "Gross Profit": "0", "Operating Expense": "8.271", "Operating Income": "-8.271", "Net Non Operating Interest Income Expense": "-", "Other Income Expense": "-", "Pretax Income": "-", "Tax Provision": "-", "Net Income Common Stockholders": "-8.271", "Diluted NI Available to Com Stockholders": "-8.271", "Basic EPS": "0.00", "Diluted EPS": "0.00", "Basic Average Shares": "3,760", "Diluted Average Shares": "3,760", "Total Operating Income as Reported": "-8.271", "Total Expenses": "8.271", "Net Income from Continuing & Discontinued Operation": "-8.271", "Normalized Income": "-8.271", "Interest Income": "-", "Interest Expense": "-", "Net Interest Income": "-", "EBIT": "-8.271", "EBITDA": "-", "Reconciled Cost of Revenue": "0", "Reconciled Depreciation": "-", "Net Income from Continuing Operation Net Minority Interest": "-8.271", "Total Unusual Items Excluding Goodwill": "-", "Total Unusual Items": "-", "Normalized EBITDA": "-8.271", "Tax Rate for Calcs": "0", "Tax Effect of Unusual Items": "0"}, "3/31/2009": {"Duration": "3/31/2009", "Total Revenue": "0", "Cost of Revenue": "0", "Gross Profit": "0", "Operating Expense": "9.295", "Operating Income": "-9.295", "Net Non Operating Interest Income Expense": "0", "Other Income Expense": "-", "Pretax Income": "-", "Tax Provision": "-", "Net Income Common Stockholders": "-9.295", "Diluted NI Available to Com Stockholders": "-9.295", "Basic EPS": "0.00", "Diluted EPS": "0.00", "Basic Average Shares": "3,760", "Diluted Average Shares": "3,760", "Total Operating Income as Reported": "-9.295", "Total Expenses": "9.295", "Net Income from Continuing & Discontinued Operation": "-9.295", "Normalized Income": "-9.295", "Interest Income": "-", "Interest Expense": "0", "Net Interest Income": "0", "EBIT": "-9.295", "EBITDA": "-", "Reconciled Cost of Revenue": "0", "Reconciled Depreciation": "-", "Net Income from Continuing Operation Net Minority Interest": "-9.295", "Total Unusual Items Excluding Goodwill": "0", "Total Unusual Items": "0", "Normalized EBITDA": "-9.295", "Tax Rate for Calcs": "0", "Tax Effect of Unusual Items": "0"}, "3/31/2008": {"Duration": "3/31/2008", "Total Revenue": "-", "Cost of Revenue": "-", "Gross Profit": "-", "Operating Expense": "24.881", "Operating Income": "-24.881", "Net Non Operating Interest Income Expense": "-", "Other Income Expense": "6", "Pretax Income": "-", "Tax Provision": "-", "Net Income Common Stockholders": "-28.613", "Diluted NI Available to Com Stockholders": "-28.613", "Basic EPS": "0.00", "Diluted EPS": "0.00", "Basic Average Shares": "1,997", "Diluted Average Shares": "1,997", "Total Operating Income as Reported": "-24.881", "Total Expenses": "24.881", "Net Income from Continuing & Discontinued Operation": "-28.613", "Normalized Income": "-32.513", "Interest Income": "-", "Interest Expense": "-", "Net Interest Income": "-", "EBIT": "-24.881", "EBITDA": "-", "Reconciled Cost of Revenue": "-", "Reconciled Depreciation": "2.19", "Net Income from Continuing Operation Net Minority Interest": "-28.613", "Total Unusual Items Excluding Goodwill": "6", "Total Unusual Items": "6", "Normalized EBITDA": "-28.691", "Tax Rate for Calcs": "0", "Tax Effect of Unusual Items": "2.1"}, "3/31/2007": {"Duration": "3/31/2007", "Total Revenue": "-", "Cost of Revenue": "-", "Gross Profit": "-", "Operating Expense": "57.968", "Operating Income": "-57.968", "Net Non Operating Interest Income Expense": "-", "Other Income Expense": "-", "Pretax Income": "-", "Tax Provision": "-", "Net Income Common Stockholders": "-69.191", "Diluted NI Available to Com Stockholders": "-69.191", "Basic EPS": "-0.03", "Diluted EPS": "-0.03", "Basic Average Shares": "1,900", "Diluted Average Shares": "2,487", "Total Operating Income as Reported": "-57.968", "Total Expenses": "57.968", "Net Income from Continuing & Discontinued Operation": "-69.191", "Normalized Income": "-69.191", "Interest Income": "-", "Interest Expense": "-", "Net Interest Income": "-", "EBIT": "-57.968", "EBITDA": "-", "Reconciled Cost of Revenue": "-", "Reconciled Depreciation": "3.304", "Net Income from Continuing Operation Net Minority Interest": "-69.191", "Total Unusual Items Excluding Goodwill": "-", "Total Unusual Items": "-", "Normalized EBITDA": "-54.664", "Tax Rate for Calcs": "0", "Tax Effect of Unusual Items": "0"}, "3/31/2006": {"Duration": "3/31/2006", "Total Revenue": "123.65", "Cost of Revenue": "39", "Gross Profit": "84.65", "Operating Expense": "133.453", "Operating Income": "-48.803", "Net Non Operating Interest Income Expense": "-", "Other Income Expense": "-", "Pretax Income": "-58.16", "Tax Provision": "-", "Net Income Common Stockholders": "-58.16", "Diluted NI Available to Com Stockholders": "-58.16", "Basic EPS": "-0.03", "Diluted EPS": "-0.03", "Basic Average Shares": "1,900", "Diluted Average Shares": "1,900", "Total Operating Income as Reported": "-48.803", "Total Expenses": "172.453", "Net Income from Continuing & Discontinued Operation": "-58.16", "Normalized Income": "-58.16", "Interest Income": "-", "Interest Expense": "-", "Net Interest Income": "-", "EBIT": "-48.803", "EBITDA": "-", "Reconciled Cost of Revenue": "39", "Reconciled Depreciation": "3.686", "Net Income from Continuing Operation Net Minority Interest": "-58.16", "Total Unusual Items Excluding Goodwill": "-", "Total Unusual Items": "-", "Normalized EBITDA": "-45.117", "Tax Rate for Calcs": "0", "Tax Effect of Unusual Items": "0"}, "3/31/2005": {"Duration": "3/31/2005", "Total Revenue": "80.813", "Cost of Revenue": "-", "Gross Profit": "-", "Operating Expense": "221.492", "Operating Income": "-140.679", "Net Non Operating Interest Income Expense": "-", "Other Income Expense": "-22", "Pretax Income": "-168.742", "Tax Provision": "0.1", "Net Income Common Stockholders": "-168.842", "Diluted NI Available to Com Stockholders": "-168.842", "Basic EPS": "-0.09", "Diluted EPS": "-0.09", "Basic Average Shares": "1,800", "Diluted Average Shares": "1,800", "Total Operating Income as Reported": "-140.679", "Total Expenses": "221.492", "Net Income from Continuing & Discontinued Operation": "-168.842", "Normalized Income": "-155.642", "Interest Income": "-", "Interest Expense": "-", "Net Interest Income": "-", "EBIT": "-140.679", "EBITDA": "-", "Reconciled Cost of Revenue": "-", "Reconciled Depreciation": "6.245", "Net Income from Continuing Operation Net Minority Interest": "-168.842", "Total Unusual Items Excluding Goodwill": "-22", "Total Unusual Items": "-22", "Normalized EBITDA": "-112.434", "Tax Rate for Calcs": "0", "Tax Effect of Unusual Items": "-8.8"}}, "bs": {"3/31/2020": {"Duration": "3/31/2020", "Total Assets": "30.989", "Total Liabilities Net Minority Interest": "3,757", "Total Equity Gross Minority Interest": "-3,726", "Total Capitalization": "-1,276", "Common Stock Equity": "-3,726", "Net Tangible Assets": "-3,726", "Working Capital": "-850.727", "Invested Capital": "-1,276", "Tangible Book Value": "-3,726", "Total Debt": "2,451", "Net Debt": "2,422", "Share Issued": "37,828", "Ordinary Shares Number": "37,828"}, "3/31/2019": {"Duration": "3/31/2019", "Total Assets": "5.687", "Total Liabilities Net Minority Interest": "2,619", "Total Equity Gross Minority Interest": "-2,613", "Total Capitalization": "-941.347", "Common Stock Equity": "-2,613", "Net Tangible Assets": "-2,613", "Working Capital": "-701.184", "Invested Capital": "-941.347", "Tangible Book Value": "-2,613", "Total Debt": "1,672", "Net Debt": "1,671", "Share Issued": "37,828", "Ordinary Shares Number": "37,828"}, "3/31/2018": {"Duration": "3/31/2018", "Total Assets": "941.607", "Total Liabilities Net Minority Interest": "1,137", "Total Equity Gross Minority Interest": "-195.147", "Total Capitalization": "634.361", "Common Stock Equity": "-195.147", "Net Tangible Assets": "-195.147", "Working Capital": "634.361", "Invested Capital": "634.361", "Tangible Book Value": "-195.147", "Total Debt": "829.508", "Net Debt": "-", "Share Issued": "44,128", "Ordinary Shares Number": "44,128"}, "3/31/2017": {"Duration": "3/31/2017", "Total Assets": "34,165", "Total Liabilities Net Minority Interest": "7,936", "Total Equity Gross Minority Interest": "26,229", "Total Capitalization": "32,144", "Common Stock Equity": "26,229", "Net Tangible Assets": "26,229", "Working Capital": "-1,253", "Invested Capital": "32,144", "Tangible Book Value": "26,229", "Total Debt": "5,915", "Net Debt": "5,910", "Share Issued": "44,128", "Ordinary Shares Number": "44,128"}, "3/31/2016": {"Duration": "3/31/2016", "Total Assets": "29,849", "Total Liabilities Net Minority Interest": "5,814", "Total Equity Gross Minority Interest": "24,035", "Total Capitalization": "28,555", "Common Stock Equity": "24,035", "Net Tangible Assets": "24,035", "Working Capital": "-1,075", "Invested Capital": "28,555", "Tangible Book Value": "24,035", "Total Debt": "4,520", "Net Debt": "4,495", "Share Issued": "44,128", "Ordinary Shares Number": "44,128"}, "3/31/2015": {"Duration": "3/31/2015", "Total Assets": "26,707", "Total Liabilities Net Minority Interest": "3,264", "Total Equity Gross Minority Interest": "23,443", "Total Capitalization": "23,443", "Common Stock Equity": "23,443", "Net Tangible Assets": "23,443", "Working Capital": "-2,926", "Invested Capital": "26,269", "Tangible Book Value": "23,443", "Total Debt": "2,827", "Net Debt": "2,491", "Share Issued": "43,186", "Ordinary Shares Number": "43,186"}, "3/31/2014": {"Duration": "3/31/2014", "Total Assets": "17,080", "Total Liabilities Net Minority Interest": "1,599", "Total Equity Gross Minority Interest": "15,481", "Total Capitalization": "16,937", "Common Stock Equity": "15,481", "Net Tangible Assets": "15,481", "Working Capital": "234.297", "Invested Capital": "17,027", "Tangible Book Value": "15,481", "Total Debt": "1,546", "Net Debt": "1,171", "Share Issued": "43,016", "Ordinary Shares Number": "43,016"}, "3/31/2013": {"Duration": "3/31/2013", "Total Assets": "6,844", "Total Liabilities Net Minority Interest": "3,096", "Total Equity Gross Minority Interest": "3,749", "Total Capitalization": "3,749", "Common Stock Equity": "3,749", "Net Tangible Assets": "3,749", "Working Capital": "-2,550", "Invested Capital": "6,751", "Tangible Book Value": "3,749", "Total Debt": "3,002", "Net Debt": "2,457", "Share Issued": "40,797", "Ordinary Shares Number": "40,797"}, "3/31/2012": {"Duration": "3/31/2012", "Total Assets": "0.247", "Total Liabilities Net Minority Interest": "15.831", "Total Equity Gross Minority Interest": "-15.584", "Total Capitalization": "-15.584", "Common Stock Equity": "-15.584", "Net Tangible Assets": "-15.584", "Working Capital": "-15.584", "Invested Capital": "-12.334", "Tangible Book Value": "-15.584", "Total Debt": "3.25", "Net Debt": "3.003", "Share Issued": "3,760", "Ordinary Shares Number": "3,760"}, "3/31/2011": {"Duration": "3/31/2011", "Total Assets": "0.878", "Total Liabilities Net Minority Interest": "5.911", "Total Equity Gross Minority Interest": "-5.033", "Total Capitalization": "-5.033", "Common Stock Equity": "-5.033", "Net Tangible Assets": "-5.033", "Working Capital": "-5.033", "Invested Capital": "-1.783", "Tangible Book Value": "-5.033", "Total Debt": "3.25", "Net Debt": "2.372", "Share Issued": "3,760", "Ordinary Shares Number": "3,760"}, "3/31/2010": {"Duration": "3/31/2010", "Total Assets": "2.961", "Total Liabilities Net Minority Interest": "0.13", "Total Equity Gross Minority Interest": "2.831", "Total Capitalization": "2.831", "Common Stock Equity": "2.831", "Net Tangible Assets": "2.831", "Working Capital": "2.831", "Invested Capital": "2.831", "Tangible Book Value": "2.831", "Total Debt": "-", "Net Debt": "-", "Share Issued": "3,760", "Ordinary Shares Number": "3,760"}, "3/31/2009": {"Duration": "3/31/2009", "Total Assets": "11.156", "Total Liabilities Net Minority Interest": "0.054", "Total Equity Gross Minority Interest": "11.102", "Total Capitalization": "11.102", "Common Stock Equity": "11.102", "Net Tangible Assets": "11.102", "Working Capital": "11.102", "Invested Capital": "11.102", "Tangible Book Value": "11.102", "Total Debt": "-", "Net Debt": "-", "Share Issued": "3,760", "Ordinary Shares Number": "3,760"}, "3/31/2008": {"Duration": "3/31/2008", "Total Assets": "23.627", "Total Liabilities Net Minority Interest": "3.23", "Total Equity Gross Minority Interest": "20.397", "Total Capitalization": "20.397", "Common Stock Equity": "20.397", "Net Tangible Assets": "20.397", "Working Capital": "20.397", "Invested Capital": "20.397", "Tangible Book Value": "20.397", "Total Debt": "-", "Net Debt": "-", "Share Issued": "3,760", "Ordinary Shares Number": "3,760"}, "3/31/2007": {"Duration": "3/31/2007", "Total Assets": "7.556", "Total Liabilities Net Minority Interest": "239.503", "Total Equity Gross Minority Interest": "-231.947", "Total Capitalization": "-231.947", "Common Stock Equity": "-231.947", "Net Tangible Assets": "-231.947", "Working Capital": "-239.482", "Invested Capital": "-20.025", "Tangible Book Value": "-231.947", "Total Debt": "211.922", "Net Debt": "211.901", "Share Issued": "3,760", "Ordinary Shares Number": "3,760"}, "3/31/2006": {"Duration": "3/31/2006", "Total Assets": "35.036", "Total Liabilities Net Minority Interest": "200.994", "Total Equity Gross Minority Interest": "-165.958", "Total Capitalization": "-165.958", "Common Stock Equity": "-165.958", "Net Tangible Assets": "-165.958", "Working Capital": "-176.797", "Invested Capital": "-1.451", "Tangible Book Value": "-165.958", "Total Debt": "164.507", "Net Debt": "140.971", "Share Issued": "3,760", "Ordinary Shares Number": "3,760"}, "3/31/2005": {"Duration": "3/31/2005", "Total Assets": "45.44", "Total Liabilities Net Minority Interest": "154.175", "Total Equity Gross Minority Interest": "-108.735", "Total Capitalization": "-108.735", "Common Stock Equity": "-108.735", "Net Tangible Assets": "-108.735", "Working Capital": "-123.26", "Invested Capital": "40.416", "Tangible Book Value": "-108.735", "Total Debt": "149.151", "Net Debt": "118.236", "Share Issued": "3,760", "Ordinary Shares Number": "3,760"}}, "cf": {"TTM": {"Duration": "TTM", "Operating Cash Flow": "-870.172", "Investing Cash Flow": "-", "Financing Cash Flow": "1,041", "End Cash Position": "186.803", "Income Tax Paid Supplemental Data": "0", "Interest Paid Supplemental Data": "0", "Capital Expenditure": "-", "Issuance of Capital Stock": "-", "Issuance of Debt": "540.758", "Repayment of Debt": "-", "Repurchase of Capital Stock": "-", "Free Cash Flow": "-870.172"}, "3/31/2020": {"Duration": "3/31/2020", "Operating Cash Flow": "-750.295", "Investing Cash Flow": "-", "Financing Cash Flow": "778.5", "End Cash Position": "28.784", "Income Tax Paid Supplemental Data": "0", "Interest Paid Supplemental Data": "0", "Capital Expenditure": "-", "Issuance of Capital Stock": "-", "Issuance of Debt": "778.5", "Repayment of Debt": "-", "Repurchase of Capital Stock": "-", "Free Cash Flow": "-750.295"}, "3/31/2019": {"Duration": "3/31/2019", "Operating Cash Flow": "-1,779", "Investing Cash Flow": "-", "Financing Cash Flow": "842.5", "End Cash Position": "0.579", "Income Tax Paid Supplemental Data": "0", "Interest Paid Supplemental Data": "0", "Capital Expenditure": "-", "Issuance of Capital Stock": "-", "Issuance of Debt": "842.5", "Repayment of Debt": "0", "Repurchase of Capital Stock": "-", "Free Cash Flow": "-1,779"}, "3/31/2018": {"Duration": "3/31/2018", "Operating Cash Flow": "6,018", "Investing Cash Flow": "-", "Financing Cash Flow": "-5,085", "End Cash Position": "936.902", "Income Tax Paid Supplemental Data": "0", "Interest Paid Supplemental Data": "549.643", "Capital Expenditure": "-", "Issuance of Capital Stock": "-", "Issuance of Debt": "200", "Repayment of Debt": "-5,285", "Repurchase of Capital Stock": "0", "Free Cash Flow": "6,018"}, "3/31/2017": {"Duration": "3/31/2017", "Operating Cash Flow": "-564.928", "Investing Cash Flow": "0", "Financing Cash Flow": "544.575", "End Cash Position": "4.364", "Income Tax Paid Supplemental Data": "0", "Interest Paid Supplemental Data": "145.669", "Capital Expenditure": "-", "Issuance of Capital Stock": "-", "Issuance of Debt": "1,545", "Repayment of Debt": "-150", "Repurchase of Capital Stock": "-750", "Free Cash Flow": "-564.928"}, "3/31/2016": {"Duration": "3/31/2016", "Operating Cash Flow": "-2,793", "Investing Cash Flow": "211", "Financing Cash Flow": "2,270", "End Cash Position": "24.717", "Income Tax Paid Supplemental Data": "-", "Interest Paid Supplemental Data": "0", "Capital Expenditure": "-", "Issuance of Capital Stock": "0", "Issuance of Debt": "3,020", "Repayment of Debt": "-", "Repurchase of Capital Stock": "-750", "Free Cash Flow": "-2,793"}, "3/31/2015": {"Duration": "3/31/2015", "Operating Cash Flow": "-1,999", "Investing Cash Flow": "400", "Financing Cash Flow": "1,560", "End Cash Position": "336.37", "Income Tax Paid Supplemental Data": "-", "Interest Paid Supplemental Data": "117.471", "Capital Expenditure": "-", "Issuance of Capital Stock": "150", "Issuance of Debt": "1,410", "Repayment of Debt": "-", "Repurchase of Capital Stock": "-", "Free Cash Flow": "-1,999"}, "3/31/2014": {"Duration": "3/31/2014", "Operating Cash Flow": "-10,471", "Investing Cash Flow": "-861", "Financing Cash Flow": "11,162", "End Cash Position": "375.212", "Income Tax Paid Supplemental Data": "-", "Interest Paid Supplemental Data": "-", "Capital Expenditure": "-", "Issuance of Capital Stock": "11,162", "Issuance of Debt": "-", "Repayment of Debt": "-", "Repurchase of Capital Stock": "-", "Free Cash Flow": "-10,471"}, "3/31/2012": {"Duration": "3/31/2012", "Operating Cash Flow": "-8.431", "Investing Cash Flow": "0", "Financing Cash Flow": "7.8", "End Cash Position": "0.247", "Income Tax Paid Supplemental Data": "0", "Interest Paid Supplemental Data": "0", "Capital Expenditure": "-", "Issuance of Capital Stock": "0", "Issuance of Debt": "0", "Repayment of Debt": "0", "Repurchase of Capital Stock": "-", "Free Cash Flow": "-8.431"}, "3/31/2011": {"Duration": "3/31/2011", "Operating Cash Flow": "-8.132", "Investing Cash Flow": "-", "Financing Cash Flow": "6.049", "End Cash Position": "0.878", "Income Tax Paid Supplemental Data": "-", "Interest Paid Supplemental Data": "-", "Capital Expenditure": "-", "Issuance of Capital Stock": "-", "Issuance of Debt": "3.25", "Repayment of Debt": "-", "Repurchase of Capital Stock": "-", "Free Cash Flow": "-8.132"}, "3/31/2010": {"Duration": "3/31/2010", "Operating Cash Flow": "-8.195", "Investing Cash Flow": "-", "Financing Cash Flow": "-", "End Cash Position": "2.961", "Income Tax Paid Supplemental Data": "-", "Interest Paid Supplemental Data": "-", "Capital Expenditure": "-", "Issuance of Capital Stock": "-", "Issuance of Debt": "-", "Repayment of Debt": "-", "Repurchase of Capital Stock": "-", "Free Cash Flow": "-8.195"}, "3/31/2009": {"Duration": "3/31/2009", "Operating Cash Flow": "-12.471", "Investing Cash Flow": "0", "Financing Cash Flow": "0", "End Cash Position": "11.156", "Income Tax Paid Supplemental Data": "-", "Interest Paid Supplemental Data": "-", "Capital Expenditure": "-", "Issuance of Capital Stock": "0", "Issuance of Debt": "0", "Repayment of Debt": "-", "Repurchase of Capital Stock": "-", "Free Cash Flow": "-12.471"}, "3/31/2008": {"Duration": "3/31/2008", "Operating Cash Flow": "-35.697", "Investing Cash Flow": "0", "Financing Cash Flow": "59.303", "End Cash Position": "23.627", "Income Tax Paid Supplemental Data": "-", "Interest Paid Supplemental Data": "-", "Capital Expenditure": "-", "Issuance of Capital Stock": "55", "Issuance of Debt": "-", "Repayment of Debt": "-", "Repurchase of Capital Stock": "-", "Free Cash Flow": "-35.697"}, "3/31/2007": {"Duration": "3/31/2007", "Operating Cash Flow": "-62.909", "Investing Cash Flow": "0", "Financing Cash Flow": "39.394", "End Cash Position": "0.021", "Income Tax Paid Supplemental Data": "-", "Interest Paid Supplemental Data": "-", "Capital Expenditure": "-", "Issuance of Capital Stock": "-", "Issuance of Debt": "-", "Repayment of Debt": "-", "Repurchase of Capital Stock": "-", "Free Cash Flow": "-62.909"}, "3/31/2006": {"Duration": "3/31/2006", "Operating Cash Flow": "-14.316", "Investing Cash Flow": "0", "Financing Cash Flow": "6.937", "End Cash Position": "23.536", "Income Tax Paid Supplemental Data": "-", "Interest Paid Supplemental Data": "-", "Capital Expenditure": "-", "Issuance of Capital Stock": "-", "Issuance of Debt": "-", "Repayment of Debt": "-", "Repurchase of Capital Stock": "-", "Free Cash Flow": "-14.316"}, "3/31/2005": {"Duration": "3/31/2005", "Operating Cash Flow": "-133.946", "Investing Cash Flow": "-0.255", "Financing Cash Flow": "161.519", "End Cash Position": "30.915", "Income Tax Paid Supplemental Data": "-", "Interest Paid Supplemental Data": "-", "Capital Expenditure": "-6.5", "Issuance of Capital Stock": "4.446", "Issuance of Debt": "-", "Repayment of Debt": "-", "Repurchase of Capital Stock": "-", "Free Cash Flow": "-140.446"}}, "ks": {"Current": {"Duration": "Current", "Market Cap (intraday) 5": "280.76M", "Enterprise Value 3": "283.31M", "Trailing P/E ": "N/A", "Forward P/E 1": "N/A", "PEG Ratio (5 yr expected) 1": "N/A", "Price/Sales (ttm)": "41.49", "Price/Book (mrq)": "90.24", "Enterprise Value/Revenue 3": "N/A", "Enterprise Value/EBITDA 7": "-331.91"}, "12/31/2020": {"Duration": "12/31/2020", "Market Cap (intraday) 5": "155.10M", "Enterprise Value 3": "157.82M", "Trailing P/E ": "N/A", "Forward P/E 1": "N/A", "PEG Ratio (5 yr expected) 1": "N/A", "Price/Sales (ttm)": "N/A", "Price/Book (mrq)": "N/A", "Enterprise Value/Revenue 3": "N/A", "Enterprise Value/EBITDA 7": "-375.01"}, "9/30/2020": {"Duration": "9/30/2020", "Market Cap (intraday) 5": "75.66M", "Enterprise Value 3": "78.25M", "Trailing P/E ": "N/A", "Forward P/E 1": "N/A", "PEG Ratio (5 yr expected) 1": "N/A", "Price/Sales (ttm)": "N/A", "Price/Book (mrq)": "N/A", "Enterprise Value/Revenue 3": "N/A", "Enterprise Value/EBITDA 7": "-282.84"}, "6/30/2020": {"Duration": "6/30/2020", "Market Cap (intraday) 5": "75.66M", "Enterprise Value 3": "77.86M", "Trailing P/E ": "N/A", "Forward P/E 1": "N/A", "PEG Ratio (5 yr expected) 1": "N/A", "Price/Sales (ttm)": "N/A", "Price/Book (mrq)": "N/A", "Enterprise Value/Revenue 3": "N/A", "Enterprise Value/EBITDA 7": "-391.58"}, "3/31/2020": {"Duration": "3/31/2020", "Market Cap (intraday) 5": "75.66M", "Enterprise Value 3": "77.86M", "Trailing P/E ": "N/A", "Forward P/E 1": "N/A", "PEG Ratio (5 yr expected) 1": "N/A", "Price/Sales (ttm)": "N/A", "Price/Book (mrq)": "N/A", "Enterprise Value/Revenue 3": "N/A", "Enterprise Value/EBITDA 7": "1.82k"}, "12/31/2019": {"Duration": "12/31/2019", "Market Cap (intraday) 5": "60.53M", "Enterprise Value 3": "61.98M", "Trailing P/E ": "N/A", "Forward P/E 1": "N/A", "PEG Ratio (5 yr expected) 1": "N/A", "Price/Sales (ttm)": "N/A", "Price/Book (mrq)": "N/A", "Enterprise Value/Revenue 3": "N/A", "Enterprise Value/EBITDA 7": "-216.05"}, "9/30/2019": {"Duration": "9/30/2019", "Market Cap (intraday) 5": "56.74M", "Enterprise Value 3": "55.64M", "Trailing P/E ": "N/A", "Forward P/E 1": "N/A", "PEG Ratio (5 yr expected) 1": "N/A", "Price/Sales (ttm)": "41.49", "Price/Book (mrq)": "90.24", "Enterprise Value/Revenue 3": "N/A", "Enterprise Value/EBITDA 7": "-153.99"}, "6/30/2019": {"Duration": "6/30/2019", "Market Cap (intraday) 5": "30.27M", "Enterprise Value 3": "29.17M", "Trailing P/E ": "N/A", "Forward P/E 1": "N/A", "PEG Ratio (5 yr expected) 1": "N/A", "Price/Sales (ttm)": "22.13", "Price/Book (mrq)": "48.13", "Enterprise Value/Revenue 3": "N/A", "Enterprise Value/EBITDA 7": "-87.60"}, "3/31/2019": {"Duration": "3/31/2019", "Market Cap (intraday) 5": "75.02M", "Enterprise Value 3": "80.93M", "Trailing P/E ": "42.50", "Forward P/E 1": "N/A", "PEG Ratio (5 yr expected) 1": "N/A", "Price/Sales (ttm)": "13.44", "Price/Book (mrq)": "2.45", "Enterprise Value/Revenue 3": "N/A", "Enterprise Value/EBITDA 7": "-249.50"}, "12/31/2018": {"Duration": "12/31/2018", "Market Cap (intraday) 5": "88.26M", "Enterprise Value 3": "94.17M", "Trailing P/E ": "50.00", "Forward P/E 1": "N/A", "PEG Ratio (5 yr expected) 1": "N/A", "Price/Sales (ttm)": "15.81", "Price/Book (mrq)": "2.88", "Enterprise Value/Revenue 3": "N/A", "Enterprise Value/EBITDA 7": "-210.81"}, "9/30/2018": {"Duration": "9/30/2018", "Market Cap (intraday) 5": "88.26M", "Enterprise Value 3": "94.17M", "Trailing P/E ": "50.00", "Forward P/E 1": "N/A", "PEG Ratio (5 yr expected) 1": "N/A", "Price/Sales (ttm)": "15.81", "Price/Book (mrq)": "3.43", "Enterprise Value/Revenue 3": "N/A", "Enterprise Value/EBITDA 7": "-296.72"}, "6/30/2018": {"Duration": "6/30/2018", "Market Cap (intraday) 5": "99.29M", "Enterprise Value 3": "105.20M", "Trailing P/E ": "56.25", "Forward P/E 1": "N/A", "PEG Ratio (5 yr expected) 1": "N/A", "Price/Sales (ttm)": "17.79", "Price/Book (mrq)": "3.79", "Enterprise Value/Revenue 3": "N/A", "Enterprise Value/EBITDA 7": "-120.34"}, "3/31/2018": {"Duration": "3/31/2018", "Market Cap (intraday) 5": "132.39M", "Enterprise Value 3": "137.85M", "Trailing P/E ": "71.69", "Forward P/E 1": "N/A", "PEG Ratio (5 yr expected) 1": "N/A", "Price/Sales (ttm)": "26.43", "Price/Book (mrq)": "5.16", "Enterprise Value/Revenue 3": "N/A", "Enterprise Value/EBITDA 7": "-170.54"}, "12/31/2017": {"Duration": "12/31/2017", "Market Cap (intraday) 5": "110.32M", "Enterprise Value 3": "115.79M", "Trailing P/E ": "59.74", "Forward P/E 1": "N/A", "PEG Ratio (5 yr expected) 1": "N/A", "Price/Sales (ttm)": "22.02", "Price/Book (mrq)": "4.30", "Enterprise Value/Revenue 3": "N/A", "Enterprise Value/EBITDA 7": "-411.66"}, "9/30/2017": {"Duration": "9/30/2017", "Market Cap (intraday) 5": "110.32M", "Enterprise Value 3": "115.79M", "Trailing P/E ": "59.74", "Forward P/E 1": "N/A", "PEG Ratio (5 yr expected) 1": "N/A", "Price/Sales (ttm)": "22.02", "Price/Book (mrq)": "4.30", "Enterprise Value/Revenue 3": "N/A", "Enterprise Value/EBITDA 7": "-287.48"}, "6/30/2017": {"Duration": "6/30/2017", "Market Cap (intraday) 5": "116.94M", "Enterprise Value 3": "122.41M", "Trailing P/E ": "63.33", "Forward P/E 1": "N/A", "PEG Ratio (5 yr expected) 1": "N/A", "Price/Sales (ttm)": "23.35", "Price/Book (mrq)": "4.56", "Enterprise Value/Revenue 3": "N/A", "Enterprise Value/EBITDA 7": "-4.81"}, "3/31/2017": {"Duration": "3/31/2017", "Market Cap (intraday) 5": "145.62M", "Enterprise Value 3": "150.73M", "Trailing P/E ": "169.85", "Forward P/E 1": "N/A", "PEG Ratio (5 yr expected) 1": "N/A", "Price/Sales (ttm)": "29.47", "Price/Book (mrq)": "5.82", "Enterprise Value/Revenue 3": "93.82", "Enterprise Value/EBITDA 7": "144.96"}, "12/31/2016": {"Duration": "12/31/2016", "Market Cap (intraday) 5": "150.04M", "Enterprise Value 3": "155.14M", "Trailing P/E ": "175.00", "Forward P/E 1": "N/A", "PEG Ratio (5 yr expected) 1": "N/A", "Price/Sales (ttm)": "30.36", "Price/Book (mrq)": "5.99", "Enterprise Value/Revenue 3": "121.99", "Enterprise Value/EBITDA 7": "180.06"}, "9/30/2016": {"Duration": "9/30/2016", "Market Cap (intraday) 5": "136.80M", "Enterprise Value 3": "141.37M", "Trailing P/E ": "416.39", "Forward P/E 1": "N/A", "PEG Ratio (5 yr expected) 1": "N/A", "Price/Sales (ttm)": "31.10", "Price/Book (mrq)": "5.52", "Enterprise Value/Revenue 3": "99.59", "Enterprise Value/EBITDA 7": "264.77"}, "6/30/2016": {"Duration": "6/30/2016", "Market Cap (intraday) 5": "136.80M", "Enterprise Value 3": "141.29M", "Trailing P/E ": "1.68k", "Forward P/E 1": "N/A", "PEG Ratio (5 yr expected) 1": "N/A", "Price/Sales (ttm)": "35.98", "Price/Book (mrq)": "5.69", "Enterprise Value/Revenue 3": "97.18", "Enterprise Value/EBITDA 7": "194.50"}, "3/31/2016": {"Duration": "3/31/2016", "Market Cap (intraday) 5": "139.00M", "Enterprise Value 3": "142.30M", "Trailing P/E ": "N/A", "Forward P/E 1": "N/A", "PEG Ratio (5 yr expected) 1": "N/A", "Price/Sales (ttm)": "39.90", "Price/Book (mrq)": "5.93", "Enterprise Value/Revenue 3": "125.74", "Enterprise Value/EBITDA 7": "246.40"}, "12/31/2015": {"Duration": "12/31/2015", "Market Cap (intraday) 5": "137.09M", "Enterprise Value 3": "139.83M", "Trailing P/E ": "1.29k", "Forward P/E 1": "N/A", "PEG Ratio (5 yr expected) 1": "N/A", "Price/Sales (ttm)": "45.90", "Price/Book (mrq)": "5.57", "Enterprise Value/Revenue 3": "128.28", "Enterprise Value/EBITDA 7": "-304.21"}, "9/30/2015": {"Duration": "9/30/2015", "Market Cap (intraday) 5": "159.20M", "Enterprise Value 3": "161.75M", "Trailing P/E ": "833.72", "Forward P/E 1": "N/A", "PEG Ratio (5 yr expected) 1": "N/A", "Price/Sales (ttm)": "57.80", "Price/Book (mrq)": "6.50", "Enterprise Value/Revenue 3": "187.34", "Enterprise Value/EBITDA 7": "-4.81k"}, "6/30/2015": {"Duration": "6/30/2015", "Market Cap (intraday) 5": "154.78M", "Enterprise Value 3": "157.27M", "Trailing P/E ": "N/A", "Forward P/E 1": "N/A", "PEG Ratio (5 yr expected) 1": "N/A", "Price/Sales (ttm)": "61.51", "Price/Book (mrq)": "6.60", "Enterprise Value/Revenue 3": "190.85", "Enterprise Value/EBITDA 7": "675.61"}, "3/31/2015": {"Duration": "3/31/2015", "Market Cap (intraday) 5": "323.89M", "Enterprise Value 3": "325.79M", "Trailing P/E ": "N/A", "Forward P/E 1": "N/A", "PEG Ratio (5 yr expected) 1": "N/A", "Price/Sales (ttm)": "143.95", "Price/Book (mrq)": "20.52", "Enterprise Value/Revenue 3": "477.86", "Enterprise Value/EBITDA 7": "4.39k"}, "12/31/2014": {"Duration": "12/31/2014", "Market Cap (intraday) 5": "323.89M", "Enterprise Value 3": "325.83M", "Trailing P/E ": "750.00", "Forward P/E 1": "N/A", "PEG Ratio (5 yr expected) 1": "N/A", "Price/Sales (ttm)": "194.71", "Price/Book (mrq)": "20.52", "Enterprise Value/Revenue 3": "528.48", "Enterprise Value/EBITDA 7": "3.45k"}, "9/30/2014": {"Duration": "9/30/2014", "Market Cap (intraday) 5": "323.89M", "Enterprise Value 3": "325.40M", "Trailing P/E ": "750.00", "Forward P/E 1": "N/A", "PEG Ratio (5 yr expected) 1": "N/A", "Price/Sales (ttm)": "300.82", "Price/Book (mrq)": "20.86", "Enterprise Value/Revenue 3": "549.06", "Enterprise Value/EBITDA 7": "23.04k"}, "6/30/2014": {"Duration": "6/30/2014", "Market Cap (intraday) 5": "344.13M", "Enterprise Value 3": "345.43M", "Trailing P/E ": "N/A", "Forward P/E 1": "N/A", "PEG Ratio (5 yr expected) 1": "N/A", "Price/Sales (ttm)": "N/A", "Price/Book (mrq)": "23.88", "Enterprise Value/Revenue 3": "613.01", "Enterprise Value/EBITDA 7": "-8.18k"}, "3/31/2014": {"Duration": "3/31/2014", "Market Cap (intraday) 5": "354.88M", "Enterprise Value 3": "356.19M", "Trailing P/E ": "N/A", "Forward P/E 1": "N/A", "PEG Ratio (5 yr expected) 1": "N/A", "Price/Sales (ttm)": "N/A", "Price/Book (mrq)": "24.63", "Enterprise Value/Revenue 3": "700.59", "Enterprise Value/EBITDA 7": "-5.80k"}, "12/31/2013": {"Duration": "12/31/2013", "Market Cap (intraday) 5": "338.09M", "Enterprise Value 3": "340.11M", "Trailing P/E ": "N/A", "Forward P/E 1": "N/A", "PEG Ratio (5 yr expected) 1": "N/A", "Price/Sales (ttm)": "N/A", "Price/Book (mrq)": "32.07", "Enterprise Value/Revenue 3": "N/A", "Enterprise Value/EBITDA 7": "257.19"}, "9/30/2013": {"Duration": "9/30/2013", "Market Cap (intraday) 5": "327.53M", "Enterprise Value 3": "329.27M", "Trailing P/E ": "N/A", "Forward P/E 1": "N/A", "PEG Ratio (5 yr expected) 1": "N/A", "Price/Sales (ttm)": "N/A", "Price/Book (mrq)": "32.42", "Enterprise Value/Revenue 3": "N/A", "Enterprise Value/EBITDA 7": "-1.06k"}, "6/30/2013": {"Duration": "6/30/2013", "Market Cap (intraday) 5": "300.68M", "Enterprise Value 3": "300.68M", "Trailing P/E ": "N/A", "Forward P/E 1": "N/A", "PEG Ratio (5 yr expected) 1": "N/A", "Price/Sales (ttm)": "N/A", "Price/Book (mrq)": "N/A", "Enterprise Value/Revenue 3": "N/A", "Enterprise Value/EBITDA 7": "-290.84"}, "12/31/2012": {"Duration": "12/31/2012", "Market Cap (intraday) 5": "2.82M", "Enterprise Value 3": "2.82M", "Trailing P/E ": "N/A", "Forward P/E 1": "N/A", "PEG Ratio (5 yr expected) 1": "N/A", "Price/Sales (ttm)": "N/A", "Price/Book (mrq)": "N/A", "Enterprise Value/Revenue 3": "N/A", "Enterprise Value/EBITDA 7": "-177.57"}, "9/30/2012": {"Duration": "9/30/2012", "Market Cap (intraday) 5": "3.38M", "Enterprise Value 3": "3.39M", "Trailing P/E ": "N/A", "Forward P/E 1": "N/A", "PEG Ratio (5 yr expected) 1": "N/A", "Price/Sales (ttm)": "N/A", "Price/Book (mrq)": "N/A", "Enterprise Value/Revenue 3": "N/A", "Enterprise Value/EBITDA 7": "-864.27"}, "12/31/2011": {"Duration": "12/31/2011", "Market Cap (intraday) 5": "3.38M", "Enterprise Value 3": "3.39M", "Trailing P/E ": "N/A", "Forward P/E 1": "N/A", "PEG Ratio (5 yr expected) 1": "N/A", "Price/Sales (ttm)": "N/A", "Price/Book (mrq)": "N/A", "Enterprise Value/Revenue 3": "N/A", "Enterprise Value/EBITDA 7": "-1.57k"}, "9/30/2011": {"Duration": "9/30/2011", "Market Cap (intraday) 5": "1.13M", "Enterprise Value 3": "1.13M", "Trailing P/E ": "N/A", "Forward P/E 1": "N/A", "PEG Ratio (5 yr expected) 1": "N/A", "Price/Sales (ttm)": "N/A", "Price/Book (mrq)": "N/A", "Enterprise Value/Revenue 3": "N/A", "Enterprise Value/EBITDA 7": "-617.34"}, "9/30/2010": {"Duration": "9/30/2010", "Market Cap (intraday) 5": "1.47M", "Enterprise Value 3": "1.47M", "Trailing P/E ": "N/A", "Forward P/E 1": "N/A", "PEG Ratio (5 yr expected) 1": "N/A", "Price/Sales (ttm)": "N/A", "Price/Book (mrq)": "N/A", "Enterprise Value/Revenue 3": "N/A", "Enterprise Value/EBITDA 7": "-1.12k"}, "6/30/2010": {"Duration": "6/30/2010", "Market Cap (intraday) 5": "1.69M", "Enterprise Value 3": "1.69M", "Trailing P/E ": "N/A", "Forward P/E 1": "N/A", "PEG Ratio (5 yr expected) 1": "N/A", "Price/Sales (ttm)": "N/A", "Price/Book (mrq)": "N/A", "Enterprise Value/Revenue 3": "N/A", "Enterprise Value/EBITDA 7": "-487.24"}, "12/31/2009": {"Duration": "12/31/2009", "Market Cap (intraday) 5": "5.75M", "Enterprise Value 3": "5.75M", "Trailing P/E ": "N/A", "Forward P/E 1": "N/A", "PEG Ratio (5 yr expected) 1": "N/A", "Price/Sales (ttm)": "N/A", "Price/Book (mrq)": "1.36k", "Enterprise Value/Revenue 3": "N/A", "Enterprise Value/EBITDA 7": "-2.62k"}, "9/30/2009": {"Duration": "9/30/2009", "Market Cap (intraday) 5": "1.13M", "Enterprise Value 3": "1.12M", "Trailing P/E ": "N/A", "Forward P/E 1": "N/A", "PEG Ratio (5 yr expected) 1": "N/A", "Price/Sales (ttm)": "N/A", "Price/Book (mrq)": "175.81", "Enterprise Value/Revenue 3": "N/A", "Enterprise Value/EBITDA 7": "-1.19k"}, "6/30/2009": {"Duration": "6/30/2009", "Market Cap (intraday) 5": "1.13M", "Enterprise Value 3": "1.12M", "Trailing P/E ": "N/A", "Forward P/E 1": "N/A", "PEG Ratio (5 yr expected) 1": "N/A", "Price/Sales (ttm)": "N/A", "Price/Book (mrq)": "153.35", "Enterprise Value/Revenue 3": "N/A", "Enterprise Value/EBITDA 7": "-298.96"}, "3/31/2009": {"Duration": "3/31/2009", "Market Cap (intraday) 5": "1.35M", "Enterprise Value 3": "1.34M", "Trailing P/E ": "N/A", "Forward P/E 1": "N/A", "PEG Ratio (5 yr expected) 1": "N/A", "Price/Sales (ttm)": "N/A", "Price/Book (mrq)": "121.93", "Enterprise Value/Revenue 3": "N/A", "Enterprise Value/EBITDA 7": "-2.40k"}}}}]