[{"ADTN": {"quote": {"03/20/2021": {"value": "17.86", "Market Cap": "863.31M", "Beta (5Y Monthly)": "1.43", "PE Ratio (TTM)": "357.20", "EPS (TTM)": "0.05", "Earnings Date": "May 04, 2021 - May 10, 2021", "Forward Dividend & Yield": "0.36 (2.02%)", "Ex-Dividend Date": "Feb 17, 2021", "1y Target Est": "19.10"}}, "fin": {"TTM": {"Duration": "TTM", "Total Revenue": "530,061", "Cost of Revenue": "310,894", "Gross Profit": "219,167", "Operating Expense": "256,488", "Operating Income": "-37,321", "Net Non Operating Interest Income Expense": "2,254", "Other Income Expense": "10,290", "Pretax Income": "-24,777", "Tax Provision": "28,205", "Net Income Common Stockholders": "-52,982", "Diluted NI Available to Com Stockholders": "-52,982", "Basic EPS": "-", "Diluted EPS": "-", "Basic Average Shares": "-", "Diluted Average Shares": "-", "Total Operating Income as Reported": "-39,963", "Total Expenses": "567,382", "Net Income from Continuing & Discontinued Operation": "-52,982", "Normalized Income": "-59,400", "Interest Income": "2,765", "Interest Expense": "511", "Net Interest Income": "2,254", "EBIT": "-24,266", "EBITDA": "-6,495", "Reconciled Cost of Revenue": "310,894", "Reconciled Depreciation": "17,771", "Net Income from Continuing Operation Net Minority Interest": "-52,982", "Total Unusual Items Excluding Goodwill": "8,792", "Total Unusual Items": "8,792", "Normalized EBITDA": "-15,287", "Tax Rate for Calcs": "0", "Tax Effect of Unusual Items": "2,374"}, "12/31/2020": {"Duration": "12/31/2020", "Total Revenue": "506,510", "Cost of Revenue": "288,959", "Gross Profit": "217,551", "Operating Expense": "227,259", "Operating Income": "-9,708", "Net Non Operating Interest Income Expense": "1,931", "Other Income Expense": "1,531", "Pretax Income": "-6,246", "Tax Provision": "-8,624", "Net Income Common Stockholders": "2,378", "Diluted NI Available to Com Stockholders": "2,378", "Basic EPS": "-", "Diluted EPS": "-", "Basic Average Shares": "-", "Diluted Average Shares": "-", "Total Operating Income as Reported": "-9,773", "Total Expenses": "516,218", "Net Income from Continuing & Discontinued Operation": "2,378", "Normalized Income": "-1,115", "Interest Income": "1,936", "Interest Expense": "5", "Net Interest Income": "1,931", "EBIT": "-6,241", "EBITDA": "-", "Reconciled Cost of Revenue": "288,959", "Reconciled Depreciation": "16,627", "Net Income from Continuing Operation Net Minority Interest": "2,378", "Total Unusual Items Excluding Goodwill": "4,785", "Total Unusual Items": "4,785", "Normalized EBITDA": "5,601", "Tax Rate for Calcs": "0", "Tax Effect of Unusual Items": "1,292"}, "12/31/2019": {"Duration": "12/31/2019", "Total Revenue": "530,061", "Cost of Revenue": "310,894", "Gross Profit": "219,167", "Operating Expense": "256,488", "Operating Income": "-37,321", "Net Non Operating Interest Income Expense": "2,254", "Other Income Expense": "10,290", "Pretax Income": "-24,777", "Tax Provision": "28,205", "Net Income Common Stockholders": "-52,982", "Diluted NI Available to Com Stockholders": "-52,982", "Basic EPS": "-1.13", "Diluted EPS": "-1.13", "Basic Average Shares": "47,836", "Diluted Average Shares": "47,836", "Total Operating Income as Reported": "-39,963", "Total Expenses": "567,382", "Net Income from Continuing & Discontinued Operation": "-52,982", "Normalized Income": "-59,400", "Interest Income": "2,765", "Interest Expense": "511", "Net Interest Income": "2,254", "EBIT": "-24,266", "EBITDA": "-", "Reconciled Cost of Revenue": "310,894", "Reconciled Depreciation": "17,771", "Net Income from Continuing Operation Net Minority Interest": "-52,982", "Total Unusual Items Excluding Goodwill": "8,792", "Total Unusual Items": "8,792", "Normalized EBITDA": "-15,287", "Tax Rate for Calcs": "0", "Tax Effect of Unusual Items": "2,374"}, "12/31/2018": {"Duration": "12/31/2018", "Total Revenue": "529,277", "Cost of Revenue": "325,712", "Gross Profit": "203,565", "Operating Expense": "248,987", "Operating Income": "-45,422", "Net Non Operating Interest Income Expense": "3,493", "Other Income Expense": "8,558", "Pretax Income": "-33,371", "Tax Provision": "-14,029", "Net Income Common Stockholders": "-19,342", "Diluted NI Available to Com Stockholders": "-19,342", "Basic EPS": "-0.40", "Diluted EPS": "-0.40", "Basic Average Shares": "47,880", "Diluted Average Shares": "47,880", "Total Operating Income as Reported": "-45,422", "Total Expenses": "574,699", "Net Income from Continuing & Discontinued Operation": "-19,342", "Normalized Income": "-24,651", "Interest Income": "4,026", "Interest Expense": "533", "Net Interest Income": "3,493", "EBIT": "-32,838", "EBITDA": "-", "Reconciled Cost of Revenue": "325,712", "Reconciled Depreciation": "15,891", "Net Income from Continuing Operation Net Minority Interest": "-19,342", "Total Unusual Items Excluding Goodwill": "7,272", "Total Unusual Items": "7,272", "Normalized EBITDA": "-24,219", "Tax Rate for Calcs": "0", "Tax Effect of Unusual Items": "1,963"}}, "bs": {"12/31/2020": {"Duration": "12/31/2020", "Total Assets": "525,679", "Total Liabilities Net Minority Interest": "152,735", "Total Equity Gross Minority Interest": "372,944", "Total Capitalization": "372,944", "Common Stock Equity": "372,944", "Net Tangible Assets": "342,506", "Working Capital": "223,225", "Invested Capital": "372,944", "Tangible Book Value": "342,506", "Total Debt": "-", "Share Issued": "79,521", "Ordinary Shares Number": "48,241", "Treasury Shares Number": "31,280"}, "12/31/2019": {"Duration": "12/31/2019", "Total Assets": "545,118", "Total Liabilities Net Minority Interest": "164,692", "Total Equity Gross Minority Interest": "380,426", "Total Capitalization": "380,426", "Common Stock Equity": "380,426", "Net Tangible Assets": "345,637", "Working Capital": "207,599", "Invested Capital": "405,026", "Tangible Book Value": "345,637", "Total Debt": "24,600", "Share Issued": "79,652", "Ordinary Shares Number": "48,014", "Treasury Shares Number": "31,638"}, "12/31/2018": {"Duration": "12/31/2018", "Total Assets": "628,027", "Total Liabilities Net Minority Interest": "181,748", "Total Equity Gross Minority Interest": "446,279", "Total Capitalization": "470,879", "Common Stock Equity": "446,279", "Net Tangible Assets": "405,990", "Working Capital": "237,416", "Invested Capital": "470,879", "Tangible Book Value": "405,990", "Total Debt": "24,600", "Share Issued": "79,652", "Ordinary Shares Number": "47,751", "Treasury Shares Number": "31,901"}}, "cf": {"TTM": {"Duration": "TTM", "Operating Cash Flow": "-2,472", "Investing Cash Flow": "-9,791", "Financing Cash Flow": "-17,870", "End Cash Position": "73,773", "Income Tax Paid Supplemental Data": "9,357", "Interest Paid Supplemental Data": "512", "Capital Expenditure": "-9,494", "Repayment of Debt": "-1,000", "Repurchase of Capital Stock": "-184", "Free Cash Flow": "-11,966"}, "12/31/2020": {"Duration": "12/31/2020", "Operating Cash Flow": "-16,518", "Investing Cash Flow": "41,399", "Financing Cash Flow": "-42,977", "End Cash Position": "60,179", "Income Tax Paid Supplemental Data": "7,609", "Interest Paid Supplemental Data": "24", "Capital Expenditure": "-6,413", "Repayment of Debt": "-24,600", "Repurchase of Capital Stock": "0", "Free Cash Flow": "-22,931"}, "12/31/2019": {"Duration": "12/31/2019", "Operating Cash Flow": "-2,472", "Investing Cash Flow": "-9,791", "Financing Cash Flow": "-17,870", "End Cash Position": "73,773", "Income Tax Paid Supplemental Data": "9,357", "Interest Paid Supplemental Data": "512", "Capital Expenditure": "-9,494", "Repayment of Debt": "-1,000", "Repurchase of Capital Stock": "-184", "Free Cash Flow": "-11,966"}, "12/31/2018": {"Duration": "12/31/2018", "Operating Cash Flow": "55,454", "Investing Cash Flow": "285", "Financing Cash Flow": "-32,416", "End Cash Position": "105,504", "Income Tax Paid Supplemental Data": "4,104", "Interest Paid Supplemental Data": "534", "Capital Expenditure": "-8,110", "Repayment of Debt": "-1,100", "Repurchase of Capital Stock": "-15,532", "Free Cash Flow": "47,344"}}}}, {"AUDC": {"quote": {"03/20/2021": {"value": "28.69", "Market Cap": "947.048M", "Beta (5Y Monthly)": "0.56", "PE Ratio (TTM)": "34.57", "EPS (TTM)": "0.83", "Earnings Date": "Apr 26, 2021 - Apr 30, 2021", "Forward Dividend & Yield": "0.32 (1.11%)", "Ex-Dividend Date": "Feb 17, 2021", "1y Target Est": "40.20"}}, "fin": {"TTM": {"Duration": "TTM", "Total Revenue": "200,287", "Cost of Revenue": "105,329", "Gross Profit": "94,958", "Operating Expense": "104,512", "Operating Income": "-9,554", "Net Non Operating Interest Income Expense": "490", "Other Income Expense": "-2,251", "Pretax Income": "-11,315", "Tax Provision": "-15,292", "Net Income Common Stockholders": "3,977", "Diluted NI Available to Com Stockholders": "3,977", "Basic EPS": "-", "Diluted EPS": "-", "Basic Average Shares": "-", "Diluted Average Shares": "-", "Total Operating Income as Reported": "-9,554", "Total Expenses": "182,424", "Net Income from Continuing & Discontinued Operation": "3,977", "Normalized Income": "5,649", "Interest Income": "1,010", "Interest Expense": "198", "Net Interest Income": "490", "EBIT": "-11,117", "EBITDA": "-9,073", "Reconciled Cost of Revenue": "105,329", "Reconciled Depreciation": "2,044", "Net Income from Continuing Operation Net Minority Interest": "3,977", "Total Unusual Items Excluding Goodwill": "-2,171", "Total Unusual Items": "-2,171", "Normalized EBITDA": "-6,902", "Tax Rate for Calcs": "0", "Tax Effect of Unusual Items": "-499.33"}, "12/31/2020": {"Duration": "12/31/2020", "Total Revenue": "220,774", "Cost of Revenue": "70,958", "Gross Profit": "149,816", "Operating Expense": "111,466", "Operating Income": "38,350", "Net Non Operating Interest Income Expense": "-1,703", "Other Income Expense": "-", "Pretax Income": "36,647", "Tax Provision": "9,399", "Net Income Common Stockholders": "27,248", "Diluted NI Available to Com Stockholders": "27,248", "Basic EPS": "-", "Diluted EPS": "-", "Basic Average Shares": "-", "Diluted Average Shares": "-", "Total Operating Income as Reported": "38,350", "Total Expenses": "182,424", "Net Income from Continuing & Discontinued Operation": "27,248", "Normalized Income": "27,248", "Interest Income": "-", "Interest Expense": "-", "Net Interest Income": "-1,703", "EBIT": "38,350", "EBITDA": "-", "Reconciled Cost of Revenue": "70,958", "Reconciled Depreciation": "2,268", "Net Income from Continuing Operation Net Minority Interest": "27,248", "Total Unusual Items Excluding Goodwill": "-", "Total Unusual Items": "-", "Normalized EBITDA": "40,618", "Tax Rate for Calcs": "0", "Tax Effect of Unusual Items": "0"}, "12/31/2019": {"Duration": "12/31/2019", "Total Revenue": "200,287", "Cost of Revenue": "105,329", "Gross Profit": "94,958", "Operating Expense": "104,512", "Operating Income": "-9,554", "Net Non Operating Interest Income Expense": "490", "Other Income Expense": "-2,251", "Pretax Income": "-11,315", "Tax Provision": "-15,292", "Net Income Common Stockholders": "3,977", "Diluted NI Available to Com Stockholders": "3,977", "Basic EPS": "0.14", "Diluted EPS": "0.13", "Basic Average Shares": "29,252", "Diluted Average Shares": "30,800", "Total Operating Income as Reported": "-9,554", "Total Expenses": "209,841", "Net Income from Continuing & Discontinued Operation": "3,977", "Normalized Income": "5,649", "Interest Income": "1,010", "Interest Expense": "198", "Net Interest Income": "490", "EBIT": "-11,117", "EBITDA": "-", "Reconciled Cost of Revenue": "105,329", "Reconciled Depreciation": "2,044", "Net Income from Continuing Operation Net Minority Interest": "3,977", "Total Unusual Items Excluding Goodwill": "-2,171", "Total Unusual Items": "-2,171", "Normalized EBITDA": "-6,902", "Tax Rate for Calcs": "0", "Tax Effect of Unusual Items": "-499.33"}, "12/31/2018": {"Duration": "12/31/2018", "Total Revenue": "176,223", "Cost of Revenue": "65,617", "Gross Profit": "110,606", "Operating Expense": "94,247", "Operating Income": "16,359", "Net Non Operating Interest Income Expense": "594", "Other Income Expense": "-366", "Pretax Income": "16,587", "Tax Provision": "3,094", "Net Income Common Stockholders": "13,493", "Diluted NI Available to Com Stockholders": "13,493", "Basic EPS": "0.47", "Diluted EPS": "0.45", "Basic Average Shares": "28,928", "Diluted Average Shares": "30,220", "Total Operating Income as Reported": "16,359", "Total Expenses": "159,864", "Net Income from Continuing & Discontinued Operation": "13,493", "Normalized Income": "13,504", "Interest Income": "1,125", "Interest Expense": "266", "Net Interest Income": "594", "EBIT": "16,853", "EBITDA": "-", "Reconciled Cost of Revenue": "65,617", "Reconciled Depreciation": "2,309", "Net Income from Continuing Operation Net Minority Interest": "13,493", "Total Unusual Items Excluding Goodwill": "-13", "Total Unusual Items": "-13", "Normalized EBITDA": "19,175", "Tax Rate for Calcs": "0", "Tax Effect of Unusual Items": "-2.4249"}}, "bs": {"12/31/2020": {"Duration": "12/31/2020", "Total Assets": "358,123", "Total Liabilities Net Minority Interest": "148,268", "Total Equity Gross Minority Interest": "209,855", "Total Capitalization": "209,855", "Common Stock Equity": "209,855", "Capital Lease Obligations": "28,614", "Net Tangible Assets": "173,064", "Working Capital": "108,883", "Invested Capital": "1,200", "Tangible Book Value": "173,064", "Total Debt": "29,814", "Share Issued": "33,018", "Ordinary Shares Number": "33,018", "Treasury Shares Number": "-"}, "12/31/2019": {"Duration": "12/31/2019", "Total Assets": "244,324", "Total Liabilities Net Minority Interest": "151,850", "Total Equity Gross Minority Interest": "92,474", "Total Capitalization": "93,674", "Common Stock Equity": "92,474", "Capital Lease Obligations": "31,676", "Net Tangible Assets": "55,351", "Working Capital": "45,931", "Invested Capital": "96,147", "Tangible Book Value": "55,351", "Total Debt": "35,349", "Share Issued": "59,041", "Ordinary Shares Number": "29,569", "Treasury Shares Number": "29,472"}, "12/31/2018": {"Duration": "12/31/2018", "Total Assets": "179,372", "Total Liabilities Net Minority Interest": "84,824", "Total Equity Gross Minority Interest": "94,548", "Total Capitalization": "98,235", "Common Stock Equity": "94,548", "Capital Lease Obligations": "-", "Net Tangible Assets": "57,073", "Working Capital": "59,327", "Invested Capital": "100,722", "Tangible Book Value": "57,073", "Total Debt": "6,174", "Share Issued": "58,003", "Ordinary Shares Number": "29,091", "Treasury Shares Number": "28,912"}}, "cf": {"TTM": {"Duration": "TTM", "Operating Cash Flow": "38,476", "Investing Cash Flow": "29,600", "Financing Cash Flow": "-14,499", "End Cash Position": "69,773", "Income Tax Paid Supplemental Data": "1,105", "Interest Paid Supplemental Data": "205", "Capital Expenditure": "-1,949", "Issuance of Capital Stock": "85,426", "Issuance of Debt": "-", "Repayment of Debt": "-2,470", "Repurchase of Capital Stock": "-8,002", "Free Cash Flow": "21,220"}, "12/31/2020": {"Duration": "12/31/2020", "Operating Cash Flow": "38,476", "Investing Cash Flow": "-139,308", "Financing Cash Flow": "77,093", "End Cash Position": "46,034", "Income Tax Paid Supplemental Data": "-", "Interest Paid Supplemental Data": "-", "Capital Expenditure": "-1,530", "Issuance of Capital Stock": "85,426", "Issuance of Debt": "-", "Repayment of Debt": "-2,497", "Repurchase of Capital Stock": "-", "Free Cash Flow": "36,946"}, "12/31/2019": {"Duration": "12/31/2019", "Operating Cash Flow": "23,169", "Investing Cash Flow": "29,600", "Financing Cash Flow": "-14,499", "End Cash Position": "69,773", "Income Tax Paid Supplemental Data": "1,105", "Interest Paid Supplemental Data": "205", "Capital Expenditure": "-1,949", "Issuance of Capital Stock": "-", "Issuance of Debt": "-", "Repayment of Debt": "-2,470", "Repurchase of Capital Stock": "-8,002", "Free Cash Flow": "21,220"}, "12/31/2018": {"Duration": "12/31/2018", "Operating Cash Flow": "25,580", "Investing Cash Flow": "-1,092", "Financing Cash Flow": "-17,220", "End Cash Position": "31,503", "Income Tax Paid Supplemental Data": "933", "Interest Paid Supplemental Data": "267", "Capital Expenditure": "-1,340", "Issuance of Capital Stock": "-", "Issuance of Debt": "0", "Repayment of Debt": "-2,508", "Repurchase of Capital Stock": "-14,321", "Free Cash Flow": "24,240"}}}}, {"ALLT": {"quote": {"03/20/2021": {"value": "15.21", "Market Cap": "541.829M", "Beta (5Y Monthly)": "0.61", "PE Ratio (TTM)": "N/A", "EPS (TTM)": "-0.27", "Earnings Date": "May 03, 2021 - May 07, 2021", "Forward Dividend & Yield": "N/A (N/A)", "Ex-Dividend Date": "N/A", "1y Target Est": "18.65"}}, "fin": {"TTM": {"Duration": "TTM", "Total Revenue": "114,047", "Cost of Revenue": "34,151", "Gross Profit": "79,896", "Operating Expense": "87,150", "Operating Income": "-7,254", "Net Non Operating Interest Income Expense": "1,913", "Other Income Expense": "231", "Pretax Income": "-5,675", "Tax Provision": "1,311", "Net Income Common Stockholders": "-6,986", "Diluted NI Available to Com Stockholders": "-6,986", "Basic EPS": "-", "Diluted EPS": "-", "Basic Average Shares": "-", "Diluted Average Shares": "-", "Total Operating Income as Reported": "-7,254", "Total Expenses": "121,301", "Net Income from Continuing & Discontinued Operation": "-6,986", "Normalized Income": "-6,986", "Interest Income": "2,170", "Interest Expense": "128", "Net Interest Income": "1,913", "EBIT": "-5,037", "EBITDA": "-774", "Reconciled Cost of Revenue": "34,151", "Reconciled Depreciation": "4,263", "Net Income from Continuing Operation Net Minority Interest": "-6,986", "Total Unusual Items Excluding Goodwill": "231", "Total Unusual Items": "231", "Normalized EBITDA": "-774", "Tax Rate for Calcs": "0", "Tax Effect of Unusual Items": "0"}, "12/31/2020": {"Duration": "12/31/2020", "Total Revenue": "135,922", "Cost of Revenue": "40,082", "Gross Profit": "95,840", "Operating Expense": "104,869", "Operating Income": "-9,029", "Net Non Operating Interest Income Expense": "1,626", "Other Income Expense": "231", "Pretax Income": "-7,172", "Tax Provision": "2,176", "Net Income Common Stockholders": "-9,348", "Diluted NI Available to Com Stockholders": "-9,348", "Basic EPS": "-0.27", "Diluted EPS": "-0.27", "Basic Average Shares": "35,007", "Diluted Average Shares": "35,007", "Total Operating Income as Reported": "-9,029", "Total Expenses": "144,951", "Net Income from Continuing & Discontinued Operation": "-9,348", "Normalized Income": "-9,526", "Interest Income": "1,754", "Interest Expense": "128", "Net Interest Income": "1,626", "EBIT": "-7,044", "EBITDA": "-", "Reconciled Cost of Revenue": "40,082", "Reconciled Depreciation": "4,312", "Net Income from Continuing Operation Net Minority Interest": "-9,348", "Total Unusual Items Excluding Goodwill": "231", "Total Unusual Items": "231", "Normalized EBITDA": "-2,963", "Tax Rate for Calcs": "0", "Tax Effect of Unusual Items": "53.13"}, "12/31/2019": {"Duration": "12/31/2019", "Total Revenue": "110,100", "Cost of Revenue": "33,834", "Gross Profit": "76,266", "Operating Expense": "85,244", "Operating Income": "-8,978", "Net Non Operating Interest Income Expense": "2,294", "Other Income Expense": "-334", "Pretax Income": "-7,018", "Tax Provision": "1,641", "Net Income Common Stockholders": "-8,659", "Diluted NI Available to Com Stockholders": "-8,659", "Basic EPS": "-0.25", "Diluted EPS": "-0.25", "Basic Average Shares": "34,251", "Diluted Average Shares": "34,251", "Total Operating Income as Reported": "-8,978", "Total Expenses": "119,078", "Net Income from Continuing & Discontinued Operation": "-8,659", "Normalized Income": "-8,402", "Interest Income": "2,551", "Interest Expense": "257", "Net Interest Income": "2,294", "EBIT": "-6,761", "EBITDA": "-", "Reconciled Cost of Revenue": "33,834", "Reconciled Depreciation": "4,359", "Net Income from Continuing Operation Net Minority Interest": "-8,659", "Total Unusual Items Excluding Goodwill": "-334", "Total Unusual Items": "-334", "Normalized EBITDA": "-2,068", "Tax Rate for Calcs": "0", "Tax Effect of Unusual Items": "-76.82"}, "12/31/2018": {"Duration": "12/31/2018", "Total Revenue": "95,837", "Cost of Revenue": "29,349", "Gross Profit": "66,488", "Operating Expense": "76,683", "Operating Income": "-10,195", "Net Non Operating Interest Income Expense": "1,903", "Other Income Expense": "305", "Pretax Income": "-7,987", "Tax Provision": "2,428", "Net Income Common Stockholders": "-10,415", "Diluted NI Available to Com Stockholders": "-10,415", "Basic EPS": "-0.31", "Diluted EPS": "-0.31", "Basic Average Shares": "33,711", "Diluted Average Shares": "33,711", "Total Operating Income as Reported": "-10,195", "Total Expenses": "106,032", "Net Income from Continuing & Discontinued Operation": "-10,415", "Normalized Income": "-10,650", "Interest Income": "2,696", "Interest Expense": "793", "Net Interest Income": "1,903", "EBIT": "-7,194", "EBITDA": "-", "Reconciled Cost of Revenue": "29,349", "Reconciled Depreciation": "3,834", "Net Income from Continuing Operation Net Minority Interest": "-10,415", "Total Unusual Items Excluding Goodwill": "305", "Total Unusual Items": "305", "Normalized EBITDA": "-3,665", "Tax Rate for Calcs": "0", "Tax Effect of Unusual Items": "70.15"}}, "bs": {"12/31/2020": {"Duration": "12/31/2020", "Total Assets": "201,600", "Total Liabilities Net Minority Interest": "71,448", "Total Equity Gross Minority Interest": "130,152", "Total Capitalization": "130,152", "Common Stock Equity": "130,152", "Capital Lease Obligations": "4,648", "Net Tangible Assets": "95,725", "Working Capital": "87,816", "Invested Capital": "130,152", "Tangible Book Value": "95,725", "Total Debt": "4,648", "Share Issued": "36,199", "Ordinary Shares Number": "35,383", "Treasury Shares Number": "816"}, "12/31/2019": {"Duration": "12/31/2019", "Total Assets": "215,169", "Total Liabilities Net Minority Interest": "83,318", "Total Equity Gross Minority Interest": "131,851", "Total Capitalization": "131,851", "Common Stock Equity": "131,851", "Capital Lease Obligations": "6,971", "Net Tangible Assets": "96,814", "Working Capital": "79,444", "Invested Capital": "131,851", "Tangible Book Value": "96,814", "Total Debt": "6,971", "Share Issued": "35,337", "Ordinary Shares Number": "34,521", "Treasury Shares Number": "816"}, "12/31/2018": {"Duration": "12/31/2018", "Total Assets": "189,844", "Total Liabilities Net Minority Interest": "53,941", "Total Equity Gross Minority Interest": "135,903", "Total Capitalization": "135,903", "Common Stock Equity": "135,903", "Capital Lease Obligations": "-", "Net Tangible Assets": "98,510", "Working Capital": "101,999", "Invested Capital": "135,903", "Tangible Book Value": "98,510", "Total Debt": "-", "Share Issued": "34,712", "Ordinary Shares Number": "33,896", "Treasury Shares Number": "816"}}, "cf": {"TTM": {"Duration": "TTM", "Operating Cash Flow": "13,063", "Investing Cash Flow": "-2,006", "Financing Cash Flow": "1,007", "End Cash Position": "29,494", "Income Tax Paid Supplemental Data": "410", "Capital Expenditure": "-4,330", "Repurchase of Capital Stock": "-", "Free Cash Flow": "8,733"}, "12/31/2020": {"Duration": "12/31/2020", "Operating Cash Flow": "-12,225", "Investing Cash Flow": "17,059", "Financing Cash Flow": "1,835", "End Cash Position": "23,599", "Income Tax Paid Supplemental Data": "410", "Capital Expenditure": "-7,582", "Repurchase of Capital Stock": "-", "Free Cash Flow": "-19,807"}, "12/31/2019": {"Duration": "12/31/2019", "Operating Cash Flow": "16,092", "Investing Cash Flow": "-16,491", "Financing Cash Flow": "993", "End Cash Position": "16,930", "Income Tax Paid Supplemental Data": "473", "Capital Expenditure": "-3,708", "Repurchase of Capital Stock": "-", "Free Cash Flow": "12,384"}, "12/31/2018": {"Duration": "12/31/2018", "Operating Cash Flow": "1,029", "Investing Cash Flow": "-453", "Financing Cash Flow": "418", "End Cash Position": "16,336", "Income Tax Paid Supplemental Data": "347", "Capital Expenditure": "-3,485", "Repurchase of Capital Stock": "0", "Free Cash Flow": "-2,456"}}}}, {"AVNW": {"quote": {"03/20/2021": {"value": "64.60", "Market Cap": "359.429M", "Beta (5Y Monthly)": "2.15", "PE Ratio (TTM)": "24.98", "EPS (TTM)": "2.59", "Earnings Date": "May 10, 2021 - May 14, 2021", "Forward Dividend & Yield": "N/A (N/A)", "Ex-Dividend Date": "N/A", "1y Target Est": "64.00"}}, "fin": {"TTM": {"Duration": "TTM", "Total Revenue": "260,852", "Cost of Revenue": "165,873", "Gross Profit": "94,979", "Operating Expense": "74,689", "Operating Income": "20,290", "Net Non Operating Interest Income Expense": "202", "Other Income Expense": "-", "Pretax Income": "18,001", "Tax Provision": "3,550", "Net Income Common Stockholders": "14,451", "Diluted NI Available to Com Stockholders": "14,451", "Basic EPS": "-", "Diluted EPS": "-", "Basic Average Shares": "-", "Diluted Average Shares": "-", "Total Operating Income as Reported": "17,799", "Total Expenses": "240,562", "Net Income from Continuing & Discontinued Operation": "14,451", "Normalized Income": "16,451", "Interest Income": "253", "Interest Expense": "51", "Net Interest Income": "202", "EBIT": "18,052", "EBITDA": "22,985", "Reconciled Cost of Revenue": "165,873", "Reconciled Depreciation": "4,933", "Net Income from Continuing Operation Net Minority Interest": "14,451", "Total Unusual Items Excluding Goodwill": "-2,491", "Total Unusual Items": "-2,491", "Normalized EBITDA": "25,476", "Tax Rate for Calcs": "0", "Tax Effect of Unusual Items": "-491.2533"}, "6/30/2020": {"Duration": "6/30/2020", "Total Revenue": "238,642", "Cost of Revenue": "153,946", "Gross Profit": "84,696", "Operating Expense": "77,269", "Operating Income": "7,427", "Net Non Operating Interest Income Expense": "331", "Other Income Expense": "-4,049", "Pretax Income": "3,709", "Tax Provision": "3,452", "Net Income Common Stockholders": "257", "Diluted NI Available to Com Stockholders": "257", "Basic EPS": "0.05", "Diluted EPS": "0.05", "Basic Average Shares": "5,391", "Diluted Average Shares": "5,468", "Total Operating Income as Reported": "3,378", "Total Expenses": "231,215", "Net Income from Continuing & Discontinued Operation": "257", "Normalized Income": "3,213", "Interest Income": "385", "Interest Expense": "54", "Net Interest Income": "331", "EBIT": "3,763", "EBITDA": "-", "Reconciled Cost of Revenue": "153,946", "Reconciled Depreciation": "4,387", "Net Income from Continuing Operation Net Minority Interest": "257", "Total Unusual Items Excluding Goodwill": "-4,049", "Total Unusual Items": "-4,049", "Normalized EBITDA": "12,199", "Tax Rate for Calcs": "0", "Tax Effect of Unusual Items": "-1,093"}, "6/30/2019": {"Duration": "6/30/2019", "Total Revenue": "243,858", "Cost of Revenue": "164,588", "Gross Profit": "79,270", "Operating Expense": "77,166", "Operating Income": "2,104", "Net Non Operating Interest Income Expense": "165", "Other Income Expense": "-719", "Pretax Income": "1,550", "Tax Provision": "-8,188", "Net Income Common Stockholders": "9,738", "Diluted NI Available to Com Stockholders": "9,738", "Basic EPS": "1.81", "Diluted EPS": "1.73", "Basic Average Shares": "5,377", "Diluted Average Shares": "5,618", "Total Operating Income as Reported": "1,368", "Total Expenses": "241,754", "Net Income from Continuing & Discontinued Operation": "9,738", "Normalized Income": "10,275", "Interest Income": "267", "Interest Expense": "102", "Net Interest Income": "165", "EBIT": "1,652", "EBITDA": "-", "Reconciled Cost of Revenue": "164,588", "Reconciled Depreciation": "4,468", "Net Income from Continuing Operation Net Minority Interest": "9,738", "Total Unusual Items Excluding Goodwill": "-736", "Total Unusual Items": "-736", "Normalized EBITDA": "6,856", "Tax Rate for Calcs": "0", "Tax Effect of Unusual Items": "-198.72"}, "6/30/2018": {"Duration": "6/30/2018", "Total Revenue": "242,506", "Cost of Revenue": "162,003", "Gross Profit": "80,503", "Operating Expense": "77,907", "Operating Income": "2,596", "Net Non Operating Interest Income Expense": "169", "Other Income Expense": "-1,499", "Pretax Income": "1,266", "Tax Provision": "-1,036", "Net Income Common Stockholders": "1,845", "Diluted NI Available to Com Stockholders": "1,845", "Basic EPS": "0.35", "Diluted EPS": "0.33", "Basic Average Shares": "5,336", "Diluted Average Shares": "5,647", "Total Operating Income as Reported": "1,317", "Total Expenses": "239,910", "Net Income from Continuing & Discontinued Operation": "1,845", "Normalized Income": "2,779", "Interest Income": "198", "Interest Expense": "29", "Net Interest Income": "169", "EBIT": "1,295", "EBITDA": "-", "Reconciled Cost of Revenue": "162,003", "Reconciled Depreciation": "5,199", "Net Income from Continuing Operation Net Minority Interest": "1,845", "Total Unusual Items Excluding Goodwill": "-1,279", "Total Unusual Items": "-1,279", "Normalized EBITDA": "7,773", "Tax Rate for Calcs": "0", "Tax Effect of Unusual Items": "-345.33"}}, "bs": {"6/30/2020": {"Duration": "6/30/2020", "Total Assets": "179,801", "Total Liabilities Net Minority Interest": "111,120", "Total Equity Gross Minority Interest": "68,681", "Total Capitalization": "68,681", "Common Stock Equity": "68,681", "Capital Lease Obligations": "3,748", "Net Tangible Assets": "68,681", "Working Capital": "45,980", "Invested Capital": "77,681", "Tangible Book Value": "68,681", "Total Debt": "12,748", "Share Issued": "5,400", "Ordinary Shares Number": "5,400"}, "6/30/2019": {"Duration": "6/30/2019", "Total Assets": "169,193", "Total Liabilities Net Minority Interest": "97,677", "Total Equity Gross Minority Interest": "71,516", "Total Capitalization": "71,516", "Common Stock Equity": "71,516", "Capital Lease Obligations": "-", "Net Tangible Assets": "71,516", "Working Capital": "43,786", "Invested Capital": "80,516", "Tangible Book Value": "71,516", "Total Debt": "9,000", "Share Issued": "5,360", "Ordinary Shares Number": "5,360"}, "6/30/2018": {"Duration": "6/30/2018", "Total Assets": "156,061", "Total Liabilities Net Minority Interest": "98,545", "Total Equity Gross Minority Interest": "57,516", "Total Capitalization": "57,516", "Common Stock Equity": "57,516", "Capital Lease Obligations": "-", "Net Tangible Assets": "57,516", "Working Capital": "36,998", "Invested Capital": "66,516", "Tangible Book Value": "57,516", "Total Debt": "9,000", "Share Issued": "5,351", "Ordinary Shares Number": "5,351"}}, "cf": {"TTM": {"Duration": "TTM", "Operating Cash Flow": "16,908", "Investing Cash Flow": "-3,567", "Financing Cash Flow": "-8,090", "End Cash Position": "43,574", "Income Tax Paid Supplemental Data": "-", "Interest Paid Supplemental Data": "-", "Capital Expenditure": "-3,567", "Issuance of Debt": "23,911", "Repayment of Debt": "-32,911", "Repurchase of Capital Stock": "-371", "Free Cash Flow": "13,341"}, "6/30/2020": {"Duration": "6/30/2020", "Operating Cash Flow": "17,493", "Investing Cash Flow": "-4,608", "Financing Cash Flow": "-2,545", "End Cash Position": "41,872", "Income Tax Paid Supplemental Data": "1,057", "Interest Paid Supplemental Data": "60", "Capital Expenditure": "-4,608", "Issuance of Debt": "41,911", "Repayment of Debt": "-41,911", "Repurchase of Capital Stock": "-1,772", "Free Cash Flow": "12,885"}, "6/30/2019": {"Duration": "6/30/2019", "Operating Cash Flow": "2,944", "Investing Cash Flow": "-5,246", "Financing Cash Flow": "-2,952", "End Cash Position": "32,201", "Income Tax Paid Supplemental Data": "687", "Interest Paid Supplemental Data": "70", "Capital Expenditure": "-5,246", "Issuance of Debt": "36,000", "Repayment of Debt": "-36,000", "Repurchase of Capital Stock": "-2,316", "Free Cash Flow": "-2,302"}, "6/30/2018": {"Duration": "6/30/2018", "Operating Cash Flow": "8,209", "Investing Cash Flow": "-6,299", "Financing Cash Flow": "12", "End Cash Position": "37,764", "Income Tax Paid Supplemental Data": "1,282", "Interest Paid Supplemental Data": "29", "Capital Expenditure": "-6,563", "Issuance of Debt": "36,000", "Repayment of Debt": "-36,000", "Repurchase of Capital Stock": "-8", "Free Cash Flow": "1,646"}}}}, {"ATEN": {"quote": {"03/20/2021": {"value": "10.25", "Market Cap": "789.353M", "Beta (5Y Monthly)": "0.92", "PE Ratio (TTM)": "46.59", "EPS (TTM)": "0.22", "Earnings Date": "May 05, 2021 - May 10, 2021", "Forward Dividend & Yield": "N/A (N/A)", "Ex-Dividend Date": "N/A", "1y Target Est": "14.75"}}, "fin": {"TTM": {"Duration": "TTM", "Total Revenue": "225,527", "Cost of Revenue": "50,148", "Gross Profit": "175,379", "Operating Expense": "157,646", "Operating Income": "17,733", "Net Non Operating Interest Income Expense": "1,406", "Other Income Expense": "-", "Pretax Income": "19,139", "Tax Provision": "1,323", "Net Income Common Stockholders": "17,816", "Diluted NI Available to Com Stockholders": "17,816", "Basic EPS": "-", "Diluted EPS": "-", "Basic Average Shares": "-", "Diluted Average Shares": "-", "Total Operating Income as Reported": "17,733", "Total Expenses": "207,794", "Net Income from Continuing & Discontinued Operation": "17,816", "Normalized Income": "17,816", "Interest Income": "1,407", "Interest Expense": "1", "Net Interest Income": "1,406", "EBIT": "19,140", "EBITDA": "30,443", "Reconciled Cost of Revenue": "50,148", "Reconciled Depreciation": "11,303", "Net Income from Continuing Operation Net Minority Interest": "17,816", "Total Unusual Items Excluding Goodwill": "0", "Total Unusual Items": "0", "Normalized EBITDA": "30,443", "Tax Rate for Calcs": "0", "Tax Effect of Unusual Items": "0"}, "12/31/2020": {"Duration": "12/31/2020", "Total Revenue": "225,527", "Cost of Revenue": "50,148", "Gross Profit": "175,379", "Operating Expense": "157,646", "Operating Income": "17,733", "Net Non Operating Interest Income Expense": "1,406", "Other Income Expense": "-", "Pretax Income": "19,139", "Tax Provision": "1,323", "Net Income Common Stockholders": "17,816", "Diluted NI Available to Com Stockholders": "17,816", "Basic EPS": "-", "Diluted EPS": "-", "Basic Average Shares": "-", "Diluted Average Shares": "-", "Total Operating Income as Reported": "17,733", "Total Expenses": "207,794", "Net Income from Continuing & Discontinued Operation": "17,816", "Normalized Income": "17,816", "Interest Income": "1,407", "Interest Expense": "1", "Net Interest Income": "1,406", "EBIT": "19,140", "EBITDA": "-", "Reconciled Cost of Revenue": "50,148", "Reconciled Depreciation": "11,303", "Net Income from Continuing Operation Net Minority Interest": "17,816", "Total Unusual Items Excluding Goodwill": "0", "Total Unusual Items": "0", "Normalized EBITDA": "30,443", "Tax Rate for Calcs": "0", "Tax Effect of Unusual Items": "0"}, "12/31/2019": {"Duration": "12/31/2019", "Total Revenue": "212,628", "Cost of Revenue": "48,881", "Gross Profit": "163,747", "Operating Expense": "178,311", "Operating Income": "-14,564", "Net Non Operating Interest Income Expense": "682", "Other Income Expense": "-2,530", "Pretax Income": "-16,412", "Tax Provision": "1,407", "Net Income Common Stockholders": "-17,819", "Diluted NI Available to Com Stockholders": "-17,819", "Basic EPS": "-0.23", "Diluted EPS": "-0.23", "Basic Average Shares": "76,080", "Diluted Average Shares": "76,080", "Total Operating Income as Reported": "-17,094", "Total Expenses": "227,192", "Net Income from Continuing & Discontinued Operation": "-17,819", "Normalized Income": "-15,972", "Interest Income": "919", "Interest Expense": "237", "Net Interest Income": "682", "EBIT": "-16,175", "EBITDA": "-", "Reconciled Cost of Revenue": "48,881", "Reconciled Depreciation": "10,028", "Net Income from Continuing Operation Net Minority Interest": "-17,819", "Total Unusual Items Excluding Goodwill": "-2,530", "Total Unusual Items": "-2,530", "Normalized EBITDA": "-3,617", "Tax Rate for Calcs": "0", "Tax Effect of Unusual Items": "-683.1"}, "12/31/2018": {"Duration": "12/31/2018", "Total Revenue": "232,223", "Cost of Revenue": "51,896", "Gross Profit": "180,327", "Operating Expense": "208,006", "Operating Income": "-27,679", "Net Non Operating Interest Income Expense": "1,144", "Other Income Expense": "-", "Pretax Income": "-26,535", "Tax Provision": "1,082", "Net Income Common Stockholders": "-27,617", "Diluted NI Available to Com Stockholders": "-27,617", "Basic EPS": "-0.38", "Diluted EPS": "-0.38", "Basic Average Shares": "72,882", "Diluted Average Shares": "72,882", "Total Operating Income as Reported": "-27,679", "Total Expenses": "259,902", "Net Income from Continuing & Discontinued Operation": "-27,617", "Normalized Income": "-27,617", "Interest Income": "1,273", "Interest Expense": "129", "Net Interest Income": "1,144", "EBIT": "-26,406", "EBITDA": "-", "Reconciled Cost of Revenue": "51,896", "Reconciled Depreciation": "7,880", "Net Income from Continuing Operation Net Minority Interest": "-27,617", "Total Unusual Items Excluding Goodwill": "0", "Total Unusual Items": "0", "Normalized EBITDA": "-18,526", "Tax Rate for Calcs": "0", "Tax Effect of Unusual Items": "0"}}, "bs": {"12/31/2020": {"Duration": "12/31/2020", "Total Assets": "290,811", "Total Liabilities Net Minority Interest": "174,837", "Total Equity Gross Minority Interest": "115,974", "Total Capitalization": "115,974", "Common Stock Equity": "115,974", "Capital Lease Obligations": "5,260", "Net Tangible Assets": "113,805", "Working Capital": "134,523", "Invested Capital": "115,974", "Tangible Book Value": "113,805", "Total Debt": "5,260", "Share Issued": "81,924", "Ordinary Shares Number": "76,346", "Treasury Shares Number": "5,578"}, "12/31/2019": {"Duration": "12/31/2019", "Total Assets": "274,053", "Total Liabilities Net Minority Interest": "165,266", "Total Equity Gross Minority Interest": "108,787", "Total Capitalization": "108,787", "Common Stock Equity": "108,787", "Capital Lease Obligations": "5,109", "Net Tangible Assets": "105,175", "Working Capital": "123,358", "Invested Capital": "108,787", "Tangible Book Value": "105,175", "Total Debt": "5,109", "Share Issued": "77,580", "Ordinary Shares Number": "77,580", "Treasury Shares Number": "-"}, "12/31/2018": {"Duration": "12/31/2018", "Total Assets": "235,876", "Total Liabilities Net Minority Interest": "131,993", "Total Equity Gross Minority Interest": "103,883", "Total Capitalization": "103,883", "Common Stock Equity": "103,883", "Capital Lease Obligations": "-", "Net Tangible Assets": "98,828", "Working Capital": "117,572", "Invested Capital": "103,883", "Tangible Book Value": "98,828", "Total Debt": "-", "Share Issued": "74,301", "Ordinary Shares Number": "74,301", "Treasury Shares Number": "-"}}, "cf": {"TTM": {"Duration": "TTM", "Operating Cash Flow": "55,286", "Investing Cash Flow": "5,202", "Financing Cash Flow": "-22,949", "End Cash Position": "83,281", "Income Tax Paid Supplemental Data": "1,032", "Interest Paid Supplemental Data": "4", "Capital Expenditure": "-3,564", "Repurchase of Capital Stock": "-32,540", "Free Cash Flow": "51,722"}, "12/31/2020": {"Duration": "12/31/2020", "Operating Cash Flow": "55,286", "Investing Cash Flow": "5,202", "Financing Cash Flow": "-22,949", "End Cash Position": "83,281", "Income Tax Paid Supplemental Data": "1,032", "Interest Paid Supplemental Data": "4", "Capital Expenditure": "-3,564", "Repurchase of Capital Stock": "-32,540", "Free Cash Flow": "51,722"}, "12/31/2019": {"Duration": "12/31/2019", "Operating Cash Flow": "-426", "Investing Cash Flow": "-251", "Financing Cash Flow": "5,798", "End Cash Position": "45,742", "Income Tax Paid Supplemental Data": "934", "Interest Paid Supplemental Data": "262", "Capital Expenditure": "-4,340", "Repurchase of Capital Stock": "0", "Free Cash Flow": "-4,766"}, "12/31/2018": {"Duration": "12/31/2018", "Operating Cash Flow": "-2,694", "Investing Cash Flow": "-6,876", "Financing Cash Flow": "3,624", "End Cash Position": "40,621", "Income Tax Paid Supplemental Data": "517", "Interest Paid Supplemental Data": "100", "Capital Expenditure": "-2,797", "Repurchase of Capital Stock": "0", "Free Cash Flow": "-5,491"}}}}, {"AMPG": {"quote": {"03/20/2021": {"value": "8.62", "Market Cap": "53.538M", "Beta (5Y Monthly)": "0.87", "PE Ratio (TTM)": "N/A", "EPS (TTM)": "-0.21", "Earnings Date": "May 15, 2020", "Forward Dividend & Yield": "N/A (N/A)", "Ex-Dividend Date": "N/A", "1y Target Est": "N/A"}}, "fin": {"TTM": {"Duration": "TTM", "Total Revenue": "3,230", "Cost of Revenue": "1,883", "Gross Profit": "1,346", "Operating Expense": "1,922", "Operating Income": "-575.452", "Net Non Operating Interest Income Expense": "-112.051", "Pretax Income": "-687.503", "Tax Provision": "0", "Net Income Common Stockholders": "-687.503", "Diluted NI Available to Com Stockholders": "-687.503", "Basic EPS": "-", "Diluted EPS": "-", "Basic Average Shares": "-", "Diluted Average Shares": "-", "Total Operating Income as Reported": "-575.452", "Total Expenses": "3,805", "Net Income from Continuing & Discontinued Operation": "-687.503", "Normalized Income": "-687.503", "Interest Expense": "112.051", "Net Interest Income": "-112.051", "EBIT": "-575.452", "EBITDA": "-388.825", "Reconciled Cost of Revenue": "1,883", "Reconciled Depreciation": "186.627", "Net Income from Continuing Operation Net Minority Interest": "-687.503", "Normalized EBITDA": "-388.825", "Tax Rate for Calcs": "0", "Tax Effect of Unusual Items": "0"}, "12/31/2019": {"Duration": "12/31/2019", "Total Revenue": "3,123", "Cost of Revenue": "1,557", "Gross Profit": "1,566", "Operating Expense": "1,484", "Operating Income": "81.997", "Net Non Operating Interest Income Expense": "-76.052", "Pretax Income": "5.945", "Tax Provision": "0", "Net Income Common Stockholders": "5.945", "Diluted NI Available to Com Stockholders": "5.945", "Basic EPS": "0.00", "Diluted EPS": "0.00", "Basic Average Shares": "2,430", "Diluted Average Shares": "4,500", "Total Operating Income as Reported": "81.997", "Total Expenses": "3,041", "Net Income from Continuing & Discontinued Operation": "5.945", "Normalized Income": "5.945", "Interest Expense": "76.052", "Net Interest Income": "-76.052", "EBIT": "81.997", "EBITDA": "-", "Reconciled Cost of Revenue": "1,557", "Reconciled Depreciation": "129.437", "Net Income from Continuing Operation Net Minority Interest": "5.945", "Normalized EBITDA": "211.434", "Tax Rate for Calcs": "0", "Tax Effect of Unusual Items": "0"}, "12/31/2018": {"Duration": "12/31/2018", "Total Revenue": "2,397", "Cost of Revenue": "1,016", "Gross Profit": "1,381", "Operating Expense": "1,040", "Operating Income": "341.424", "Net Non Operating Interest Income Expense": "-12.431", "Pretax Income": "328.993", "Tax Provision": "0", "Net Income Common Stockholders": "328.993", "Diluted NI Available to Com Stockholders": "328.993", "Basic EPS": "0.14", "Diluted EPS": "0.08", "Basic Average Shares": "2,389", "Diluted Average Shares": "4,384", "Total Operating Income as Reported": "341.424", "Total Expenses": "2,056", "Net Income from Continuing & Discontinued Operation": "328.993", "Normalized Income": "328.993", "Interest Expense": "12.431", "Net Interest Income": "-12.431", "EBIT": "341.424", "EBITDA": "-", "Reconciled Cost of Revenue": "1,016", "Reconciled Depreciation": "38.821", "Net Income from Continuing Operation Net Minority Interest": "328.993", "Normalized EBITDA": "380.245", "Tax Rate for Calcs": "0", "Tax Effect of Unusual Items": "0"}}, "bs": {"12/31/2019": {"Duration": "12/31/2019", "Total Assets": "3,360", "Total Liabilities Net Minority Interest": "2,267", "Total Equity Gross Minority Interest": "1,094", "Total Capitalization": "2,418", "Preferred Stock Equity": "0.001", "Common Stock Equity": "1,094", "Capital Lease Obligations": "582.904", "Net Tangible Assets": "300.108", "Working Capital": "1,355", "Invested Capital": "2,587", "Tangible Book Value": "300.107", "Total Debt": "2,077", "Net Debt": "918.938", "Share Issued": "2,454", "Ordinary Shares Number": "2,454", "Preferred Shares Number": "1"}, "12/31/2018": {"Duration": "12/31/2018", "Total Assets": "1,408", "Total Liabilities Net Minority Interest": "492.535", "Total Equity Gross Minority Interest": "915.305", "Total Capitalization": "915.305", "Preferred Stock Equity": "0.001", "Common Stock Equity": "915.304", "Capital Lease Obligations": "143.113", "Net Tangible Assets": "915.305", "Working Capital": "836.786", "Invested Capital": "988.201", "Tangible Book Value": "915.304", "Total Debt": "216.01", "Net Debt": "-", "Share Issued": "2,417", "Ordinary Shares Number": "2,417", "Preferred Shares Number": "1"}}, "cf": {"TTM": {"Duration": "TTM", "Operating Cash Flow": "-329.895", "Investing Cash Flow": "-690.765", "Financing Cash Flow": "743.139", "End Cash Position": "432.546", "Income Tax Paid Supplemental Data": "0", "Interest Paid Supplemental Data": "84.992", "Capital Expenditure": "644.423", "Issuance of Debt": "1,246", "Repayment of Debt": "-502.459", "Free Cash Flow": "-352.027"}, "12/31/2019": {"Duration": "12/31/2019", "Operating Cash Flow": "-20.015", "Investing Cash Flow": "-681.286", "Financing Cash Flow": "833.915", "End Cash Position": "574.712", "Income Tax Paid Supplemental Data": "0.05", "Interest Paid Supplemental Data": "51.891", "Capital Expenditure": "-12.653", "Issuance of Debt": "1,326", "Repayment of Debt": "-491.62", "Free Cash Flow": "-32.668"}, "12/31/2018": {"Duration": "12/31/2018", "Operating Cash Flow": "352.302", "Investing Cash Flow": "-10.584", "Financing Cash Flow": "-17.61", "End Cash Position": "442.098", "Income Tax Paid Supplemental Data": "0.05", "Interest Paid Supplemental Data": "8.706", "Capital Expenditure": "-10.584", "Issuance of Debt": "-", "Repayment of Debt": "-17.61", "Free Cash Flow": "341.718"}}}}, {"AKTS": {"quote": {"03/20/2021": {"value": "13.41", "Market Cap": "633.533M", "Beta (5Y Monthly)": "1.59", "PE Ratio (TTM)": "N/A", "EPS (TTM)": "-1.11", "Earnings Date": "Feb 01, 2021", "Forward Dividend & Yield": "N/A (N/A)", "Ex-Dividend Date": "N/A", "1y Target Est": "19.43"}}, "fin": {"TTM": {"Duration": "TTM", "Total Revenue": "2,673", "Cost of Revenue": "5,542", "Gross Profit": "-2,869", "Operating Expense": "34,112", "Operating Income": "-36,981", "Net Non Operating Interest Income Expense": "-5,612", "Other Income Expense": "882", "Pretax Income": "-41,711", "Net Income Common Stockholders": "-41,711", "Diluted NI Available to Com Stockholders": "-41,711", "Basic EPS": "-", "Diluted EPS": "-", "Basic Average Shares": "-", "Diluted Average Shares": "-", "Total Operating Income as Reported": "-36,981", "Total Expenses": "39,654", "Net Income from Continuing & Discontinued Operation": "-41,711", "Normalized Income": "-42,042", "Interest Income": "-", "Net Interest Income": "-5,612", "EBIT": "-36,570", "EBITDA": "-32,666", "Reconciled Cost of Revenue": "5,542", "Reconciled Depreciation": "3,904", "Net Income from Continuing Operation Net Minority Interest": "-41,711", "Total Unusual Items Excluding Goodwill": "331", "Total Unusual Items": "331", "Normalized EBITDA": "-32,997", "Tax Rate for Calcs": "0", "Tax Effect of Unusual Items": "0"}, "6/30/2020": {"Duration": "6/30/2020", "Total Revenue": "1,790", "Cost of Revenue": "2,414", "Gross Profit": "-624", "Operating Expense": "31,414", "Operating Income": "-32,038", "Net Non Operating Interest Income Expense": "-4,573", "Other Income Expense": "471", "Pretax Income": "-36,140", "Net Income Common Stockholders": "-36,140", "Diluted NI Available to Com Stockholders": "-36,140", "Basic EPS": "-1.07", "Diluted EPS": "-1.07", "Basic Average Shares": "33,699", "Diluted Average Shares": "33,699", "Total Operating Income as Reported": "-32,038", "Total Expenses": "33,828", "Net Income from Continuing & Discontinued Operation": "-36,140", "Normalized Income": "-35,985", "Interest Income": "-", "Net Interest Income": "-4,573", "EBIT": "-32,038", "EBITDA": "-", "Reconciled Cost of Revenue": "2,414", "Reconciled Depreciation": "3,188", "Net Income from Continuing Operation Net Minority Interest": "-36,140", "Total Unusual Items Excluding Goodwill": "-155", "Total Unusual Items": "-155", "Normalized EBITDA": "-28,695", "Tax Rate for Calcs": "0", "Tax Effect of Unusual Items": "0"}, "6/30/2019": {"Duration": "6/30/2019", "Total Revenue": "1,443", "Cost of Revenue": "1,013", "Gross Profit": "430", "Operating Expense": "27,947", "Operating Income": "-27,517", "Net Non Operating Interest Income Expense": "-2,886", "Other Income Expense": "1,155", "Pretax Income": "-29,248", "Net Income Common Stockholders": "-29,248", "Diluted NI Available to Com Stockholders": "-29,248", "Basic EPS": "-1.06", "Diluted EPS": "-1.06", "Basic Average Shares": "27,512", "Diluted Average Shares": "27,512", "Total Operating Income as Reported": "-27,567", "Total Expenses": "28,960", "Net Income from Continuing & Discontinued Operation": "-29,248", "Normalized Income": "-29,348", "Interest Income": "-", "Net Interest Income": "-2,886", "EBIT": "-27,517", "EBITDA": "-", "Reconciled Cost of Revenue": "1,013", "Reconciled Depreciation": "2,497", "Net Income from Continuing Operation Net Minority Interest": "-29,248", "Total Unusual Items Excluding Goodwill": "100", "Total Unusual Items": "100", "Normalized EBITDA": "-25,120", "Tax Rate for Calcs": "0", "Tax Effect of Unusual Items": "0"}, "6/30/2018": {"Duration": "6/30/2018", "Total Revenue": "1,208", "Cost of Revenue": "1,019", "Gross Profit": "188.375", "Operating Expense": "22,071", "Operating Income": "-21,883", "Net Non Operating Interest Income Expense": "-329.422", "Other Income Expense": "473.498", "Pretax Income": "-21,739", "Net Income Common Stockholders": "-21,739", "Diluted NI Available to Com Stockholders": "-21,739", "Basic EPS": "-1.04", "Diluted EPS": "-1.04", "Basic Average Shares": "20,928", "Diluted Average Shares": "20,928", "Total Operating Income as Reported": "-22,278", "Total Expenses": "23,091", "Net Income from Continuing & Discontinued Operation": "-21,739", "Normalized Income": "-21,398", "Interest Income": "-", "Net Interest Income": "-329.422", "EBIT": "-21,883", "EBITDA": "-", "Reconciled Cost of Revenue": "1,019", "Reconciled Depreciation": "1,263", "Net Income from Continuing Operation Net Minority Interest": "-21,739", "Total Unusual Items Excluding Goodwill": "-340.926", "Total Unusual Items": "-340.926", "Normalized EBITDA": "-20,279", "Tax Rate for Calcs": "0", "Tax Effect of Unusual Items": "0"}}, "bs": {"6/30/2020": {"Duration": "6/30/2020", "Total Assets": "71,433", "Total Liabilities Net Minority Interest": "29,938", "Total Equity Gross Minority Interest": "41,495", "Total Capitalization": "64,714", "Common Stock Equity": "41,495", "Capital Lease Obligations": "703", "Net Tangible Assets": "40,951", "Working Capital": "40,073", "Invested Capital": "64,714", "Tangible Book Value": "40,951", "Total Debt": "23,922", "Share Issued": "37,990", "Ordinary Shares Number": "37,990"}, "6/30/2019": {"Duration": "6/30/2019", "Total Assets": "47,949", "Total Liabilities Net Minority Interest": "21,994", "Total Equity Gross Minority Interest": "25,955", "Total Capitalization": "44,170", "Common Stock Equity": "25,955", "Capital Lease Obligations": "-", "Net Tangible Assets": "25,567", "Working Capital": "28,605", "Invested Capital": "44,170", "Tangible Book Value": "25,567", "Total Debt": "18,215", "Share Issued": "30,141", "Ordinary Shares Number": "30,141"}, "6/30/2018": {"Duration": "6/30/2018", "Total Assets": "29,308", "Total Liabilities Net Minority Interest": "15,458", "Total Equity Gross Minority Interest": "13,850", "Total Capitalization": "25,314", "Common Stock Equity": "13,850", "Capital Lease Obligations": "-", "Net Tangible Assets": "13,586", "Working Capital": "13,233", "Invested Capital": "25,314", "Tangible Book Value": "13,586", "Total Debt": "11,465", "Share Issued": "22,203", "Ordinary Shares Number": "22,203"}}, "cf": {"TTM": {"Duration": "TTM", "Operating Cash Flow": "-25,425", "Investing Cash Flow": "-10,131", "Financing Cash Flow": "36,988", "End Cash Position": "47,785", "Income Tax Paid Supplemental Data": "-", "Interest Paid Supplemental Data": "650", "Capital Expenditure": "-10,163", "Issuance of Capital Stock": "34,065", "Issuance of Debt": "-", "Free Cash Flow": "-35,588"}, "6/30/2020": {"Duration": "6/30/2020", "Operating Cash Flow": "-21,305", "Investing Cash Flow": "-9,891", "Financing Cash Flow": "45,450", "End Cash Position": "44,408", "Income Tax Paid Supplemental Data": "0", "Interest Paid Supplemental Data": "650", "Capital Expenditure": "-9,951", "Issuance of Capital Stock": "43,150", "Issuance of Debt": "1,591", "Free Cash Flow": "-31,256"}, "6/30/2019": {"Duration": "6/30/2019", "Operating Cash Flow": "-17,668", "Investing Cash Flow": "-4,891", "Financing Cash Flow": "37,896", "End Cash Position": "30,154", "Income Tax Paid Supplemental Data": "0", "Interest Paid Supplemental Data": "443", "Capital Expenditure": "-4,924", "Issuance of Capital Stock": "28,959", "Issuance of Debt": "8,867", "Free Cash Flow": "-22,592"}, "6/30/2018": {"Duration": "6/30/2018", "Operating Cash Flow": "-14,200", "Investing Cash Flow": "-7,015", "Financing Cash Flow": "26,400", "End Cash Position": "14,817", "Income Tax Paid Supplemental Data": "-", "Interest Paid Supplemental Data": "-", "Capital Expenditure": "-7,015", "Issuance of Capital Stock": "13,200", "Issuance of Debt": "13,125", "Free Cash Flow": "-21,215"}}}}, {"ANDR": {"quote": {"03/20/2021": {"value": "0.0678", "Market Cap": "4.618M", "Beta (5Y Monthly)": "0.58", "PE Ratio (TTM)": "N/A", "EPS (TTM)": "-0.0100", "Earnings Date": "N/A", "Forward Dividend & Yield": "N/A (N/A)", "Ex-Dividend Date": "Dec 20, 1989", "1y Target Est": "N/A"}}, "fin": {"TTM": {"Duration": "TTM", "Total Revenue": "1,534", "Cost of Revenue": "370.67", "Gross Profit": "1,163", "Operating Expense": "1,776", "Operating Income": "-612.566", "Net Non Operating Interest Income Expense": "-68.241", "Pretax Income": "-680.807", "Tax Provision": "0.697", "Net Income Common Stockholders": "-681.504", "Diluted NI Available to Com Stockholders": "-681.504", "Basic EPS": "-", "Diluted EPS": "-", "Basic Average Shares": "-", "Diluted Average Shares": "-", "Total Operating Income as Reported": "-612.566", "Total Expenses": "2,146", "Net Income from Continuing & Discontinued Operation": "-681.504", "Normalized Income": "-681.504", "Net Interest Income": "-68.241", "EBIT": "-612.566", "EBITDA": "-498.977", "Reconciled Cost of Revenue": "370.67", "Reconciled Depreciation": "113.589", "Net Income from Continuing Operation Net Minority Interest": "-681.504", "Normalized EBITDA": "-498.977", "Tax Rate for Calcs": "0", "Tax Effect of Unusual Items": "0"}, "12/31/2019": {"Duration": "12/31/2019", "Total Revenue": "1,895", "Cost of Revenue": "538.2", "Gross Profit": "1,357", "Operating Expense": "1,834", "Operating Income": "-476.628", "Net Non Operating Interest Income Expense": "-70.133", "Pretax Income": "-546.761", "Tax Provision": "1.805", "Net Income Common Stockholders": "-548.566", "Diluted NI Available to Com Stockholders": "-548.566", "Basic EPS": "-0.01", "Diluted EPS": "-0.01", "Basic Average Shares": "68,105", "Diluted Average Shares": "68,105", "Total Operating Income as Reported": "-476.628", "Total Expenses": "2,372", "Net Income from Continuing & Discontinued Operation": "-548.566", "Normalized Income": "-548.566", "Net Interest Income": "-70.133", "EBIT": "-476.628", "EBITDA": "-", "Reconciled Cost of Revenue": "538.2", "Reconciled Depreciation": "125.335", "Net Income from Continuing Operation Net Minority Interest": "-548.566", "Normalized EBITDA": "-351.293", "Tax Rate for Calcs": "0", "Tax Effect of Unusual Items": "0"}, "12/31/2018": {"Duration": "12/31/2018", "Total Revenue": "1,465", "Cost of Revenue": "433.746", "Gross Profit": "1,031", "Operating Expense": "1,921", "Operating Income": "-890.185", "Net Non Operating Interest Income Expense": "-52.36", "Pretax Income": "-942.545", "Tax Provision": "2.563", "Net Income Common Stockholders": "-945.108", "Diluted NI Available to Com Stockholders": "-945.108", "Basic EPS": "-0.01", "Diluted EPS": "-0.01", "Basic Average Shares": "66,289", "Diluted Average Shares": "66,289", "Total Operating Income as Reported": "-890.185", "Total Expenses": "2,355", "Net Income from Continuing & Discontinued Operation": "-945.108", "Normalized Income": "-945.108", "Net Interest Income": "-52.36", "EBIT": "-890.185", "EBITDA": "-", "Reconciled Cost of Revenue": "433.746", "Reconciled Depreciation": "98.05", "Net Income from Continuing Operation Net Minority Interest": "-945.108", "Normalized EBITDA": "-792.135", "Tax Rate for Calcs": "0", "Tax Effect of Unusual Items": "0"}}, "bs": {"12/31/2019": {"Duration": "12/31/2019", "Total Assets": "1,289", "Total Liabilities Net Minority Interest": "2,252", "Total Equity Gross Minority Interest": "-962.985", "Total Capitalization": "864.524", "Preferred Stock Equity": "9.072", "Common Stock Equity": "-972.057", "Capital Lease Obligations": "62.585", "Net Tangible Assets": "-1,194", "Working Capital": "556.85", "Invested Capital": "855.452", "Tangible Book Value": "-1,203", "Total Debt": "1,890", "Net Debt": "1,492", "Share Issued": "68,105", "Ordinary Shares Number": "68,105", "Preferred Shares Number": "-"}, "12/31/2018": {"Duration": "12/31/2018", "Total Assets": "1,519", "Total Liabilities Net Minority Interest": "1,951", "Total Equity Gross Minority Interest": "-432.129", "Total Capitalization": "1,119", "Preferred Stock Equity": "9.072", "Common Stock Equity": "-441.201", "Capital Lease Obligations": "-", "Net Tangible Assets": "-694.948", "Working Capital": "795.998", "Invested Capital": "1,110", "Tangible Book Value": "-704.02", "Total Debt": "1,551", "Net Debt": "1,065", "Share Issued": "68,105", "Ordinary Shares Number": "68,105", "Preferred Shares Number": "-"}}, "cf": {"TTM": {"Duration": "TTM", "Operating Cash Flow": "-417.98", "Investing Cash Flow": "-30.091", "Financing Cash Flow": "500.775", "End Cash Position": "415.253", "Income Tax Paid Supplemental Data": "1.298", "Interest Paid Supplemental Data": "-", "Capital Expenditure": "-30.091", "Issuance of Debt": "500.775", "Repayment of Debt": "-", "Free Cash Flow": "-448.071"}, "12/31/2019": {"Duration": "12/31/2019", "Operating Cash Flow": "-333.994", "Investing Cash Flow": "-16.737", "Financing Cash Flow": "200", "End Cash Position": "335.79", "Income Tax Paid Supplemental Data": "2.473", "Interest Paid Supplemental Data": "-", "Capital Expenditure": "-16.737", "Issuance of Debt": "200", "Repayment of Debt": "-", "Free Cash Flow": "-350.731"}, "12/31/2018": {"Duration": "12/31/2018", "Operating Cash Flow": "-993.92", "Investing Cash Flow": "-71.216", "Financing Cash Flow": "387.6", "End Cash Position": "486.521", "Income Tax Paid Supplemental Data": "4.61", "Interest Paid Supplemental Data": "0", "Capital Expenditure": "-71.216", "Issuance of Debt": "300", "Repayment of Debt": "0", "Free Cash Flow": "-1,065"}}}}, {"CUDA": {"quote": {"03/20/2021": {"value": "", "Net Assets": "N/A", "Beta (5Y Monthly)": "N/A", "Yield": "N/A", "5y Average Return": "N/A", "Holdings Turnover": "N/A", "Last Dividend": "N/A", "Average for Category": "N/A", "Inception Date": "N/A"}}, "fin": {}, "bs": {}, "cf": {}}}, {"BOSC": {"quote": {"03/20/2021": {"value": "3.7900", "Market Cap": "16.642M", "Beta (5Y Monthly)": "0.82", "PE Ratio (TTM)": "N/A", "EPS (TTM)": "-0.3610", "Earnings Date": "Mar 30, 2021", "Forward Dividend & Yield": "N/A (N/A)", "Ex-Dividend Date": "N/A", "1y Target Est": "N/A"}}, "fin": {"TTM": {"Duration": "TTM", "Total Revenue": "33,817", "Cost of Revenue": "27,159", "Gross Profit": "6,658", "Operating Expense": "6,319", "Operating Income": "339", "Net Non Operating Interest Income Expense": "-245", "Other Income Expense": "-1,055", "Pretax Income": "-961", "Tax Provision": "-48", "Net Income Common Stockholders": "-913", "Diluted NI Available to Com Stockholders": "-913", "Basic EPS": "-", "Diluted EPS": "-", "Basic Average Shares": "-", "Diluted Average Shares": "-", "Total Operating Income as Reported": "-631", "Total Expenses": "33,478", "Net Income from Continuing & Discontinued Operation": "-913", "Normalized Income": "89.3049", "Interest Income": "0", "Interest Expense": "245", "Net Interest Income": "-245", "EBIT": "-716", "EBITDA": "611", "Reconciled Cost of Revenue": "27,159", "Reconciled Depreciation": "1,327", "Net Income from Continuing Operation Net Minority Interest": "-913", "Total Unusual Items Excluding Goodwill": "-1,055", "Total Unusual Items": "-1,055", "Normalized EBITDA": "1,666", "Tax Rate for Calcs": "0", "Tax Effect of Unusual Items": "-52.6951"}, "12/31/2019": {"Duration": "12/31/2019", "Total Revenue": "33,817", "Cost of Revenue": "27,159", "Gross Profit": "6,658", "Operating Expense": "6,319", "Operating Income": "339", "Net Non Operating Interest Income Expense": "-245", "Other Income Expense": "-1,055", "Pretax Income": "-961", "Tax Provision": "-48", "Net Income Common Stockholders": "-913", "Diluted NI Available to Com Stockholders": "-913", "Basic EPS": "-0.23", "Diluted EPS": "-0.23", "Basic Average Shares": "4,053", "Diluted Average Shares": "4,059", "Total Operating Income as Reported": "-631", "Total Expenses": "33,478", "Net Income from Continuing & Discontinued Operation": "-913", "Normalized Income": "89.3049", "Interest Income": "0", "Interest Expense": "245", "Net Interest Income": "-245", "EBIT": "-716", "EBITDA": "-", "Reconciled Cost of Revenue": "27,159", "Reconciled Depreciation": "1,327", "Net Income from Continuing Operation Net Minority Interest": "-913", "Total Unusual Items Excluding Goodwill": "-1,055", "Total Unusual Items": "-1,055", "Normalized EBITDA": "1,666", "Tax Rate for Calcs": "0", "Tax Effect of Unusual Items": "-52.6951"}, "12/31/2018": {"Duration": "12/31/2018", "Total Revenue": "32,650", "Cost of Revenue": "25,907", "Gross Profit": "6,743", "Operating Expense": "5,539", "Operating Income": "1,204", "Net Non Operating Interest Income Expense": "-192", "Other Income Expense": "-63", "Pretax Income": "949", "Tax Provision": "-41", "Net Income Common Stockholders": "990", "Diluted NI Available to Com Stockholders": "990", "Basic EPS": "0.28", "Diluted EPS": "0.28", "Basic Average Shares": "3,500", "Diluted Average Shares": "3,500", "Total Operating Income as Reported": "1,204", "Total Expenses": "31,446", "Net Income from Continuing & Discontinued Operation": "990", "Normalized Income": "1,039", "Interest Income": "0", "Interest Expense": "192", "Net Interest Income": "-192", "EBIT": "1,141", "EBITDA": "-", "Reconciled Cost of Revenue": "25,907", "Reconciled Depreciation": "289", "Net Income from Continuing Operation Net Minority Interest": "990", "Total Unusual Items Excluding Goodwill": "-63", "Total Unusual Items": "-63", "Normalized EBITDA": "1,493", "Tax Rate for Calcs": "0", "Tax Effect of Unusual Items": "-14.49"}}, "bs": {"12/31/2019": {"Duration": "12/31/2019", "Total Assets": "25,199", "Total Liabilities Net Minority Interest": "12,642", "Total Equity Gross Minority Interest": "12,557", "Total Capitalization": "14,598", "Common Stock Equity": "12,557", "Capital Lease Obligations": "840", "Net Tangible Assets": "6,812", "Working Capital": "7,313", "Invested Capital": "15,262", "Tangible Book Value": "6,812", "Total Debt": "3,545", "Net Debt": "2,366", "Share Issued": "4,258", "Ordinary Shares Number": "4,258"}, "12/31/2018": {"Duration": "12/31/2018", "Total Assets": "20,111", "Total Liabilities Net Minority Interest": "8,600", "Total Equity Gross Minority Interest": "11,511", "Total Capitalization": "13,378", "Common Stock Equity": "11,511", "Capital Lease Obligations": "-", "Net Tangible Assets": "6,754", "Working Capital": "7,637", "Invested Capital": "13,845", "Tangible Book Value": "6,754", "Total Debt": "2,334", "Net Debt": "924", "Share Issued": "3,554", "Ordinary Shares Number": "3,554"}}, "cf": {"TTM": {"Duration": "TTM", "Operating Cash Flow": "-915", "Investing Cash Flow": "-2,220", "Financing Cash Flow": "1,972", "End Cash Position": "579", "Income Tax Paid Supplemental Data": "31", "Interest Paid Supplemental Data": "98", "Capital Expenditure": "-335", "Issuance of Capital Stock": "1,498", "Issuance of Debt": "737", "Repayment of Debt": "-579", "Free Cash Flow": "-1,250"}, "12/31/2019": {"Duration": "12/31/2019", "Operating Cash Flow": "-915", "Investing Cash Flow": "-2,220", "Financing Cash Flow": "1,972", "End Cash Position": "579", "Income Tax Paid Supplemental Data": "31", "Interest Paid Supplemental Data": "98", "Capital Expenditure": "-335", "Issuance of Capital Stock": "1,498", "Issuance of Debt": "737", "Repayment of Debt": "-579", "Free Cash Flow": "-1,250"}, "12/31/2018": {"Duration": "12/31/2018", "Operating Cash Flow": "743", "Investing Cash Flow": "-689", "Financing Cash Flow": "-92", "End Cash Position": "1,742", "Income Tax Paid Supplemental Data": "15", "Interest Paid Supplemental Data": "91", "Capital Expenditure": "-689", "Issuance of Capital Stock": "377", "Issuance of Debt": "0", "Repayment of Debt": "-469", "Free Cash Flow": "54"}}}}, {"BDR": {"quote": {"03/20/2021": {"value": "1.4800", "Market Cap": "17.169M", "Beta (5Y Monthly)": "0.29", "PE Ratio (TTM)": "N/A", "EPS (TTM)": "-0.9150", "Earnings Date": "Mar 12, 2021", "Forward Dividend & Yield": "N/A (N/A)", "Ex-Dividend Date": "N/A", "1y Target Est": "N/A"}}, "fin": {"TTM": {"Duration": "TTM", "Total Revenue": "16,379", "Cost of Revenue": "-", "Gross Profit": "3,018", "Operating Expense": "-", "Operating Income": "3,018", "Net Non Operating Interest Income Expense": "-", "Other Income Expense": "-", "Pretax Income": "3,018", "Tax Provision": "-", "Net Income Common Stockholders": "-7,474", "Diluted NI Available to Com Stockholders": "-7,474", "Basic EPS": "-", "Diluted EPS": "-", "Basic Average Shares": "-", "Diluted Average Shares": "-", "Total Operating Income as Reported": "-7,114", "Total Expenses": "-", "Net Income from Continuing & Discontinued Operation": "-7,474", "Normalized Income": "-7,474", "Interest Expense": "-", "Net Interest Income": "-", "EBIT": "3,018", "EBITDA": "3,018", "Reconciled Cost of Revenue": "-", "Reconciled Depreciation": "-", "Net Income from Continuing Operation Net Minority Interest": "-7,474", "Total Unusual Items Excluding Goodwill": "-", "Total Unusual Items": "-", "Normalized EBITDA": "3,018", "Tax Rate for Calcs": "0", "Tax Effect of Unusual Items": "0"}, "12/31/2020": {"Duration": "12/31/2020", "Total Revenue": "16,379", "Cost of Revenue": "-", "Gross Profit": "3,018", "Operating Expense": "-", "Operating Income": "3,018", "Net Non Operating Interest Income Expense": "-", "Other Income Expense": "-", "Pretax Income": "3,018", "Tax Provision": "-", "Net Income Common Stockholders": "-7,474", "Diluted NI Available to Com Stockholders": "-7,474", "Basic EPS": "-", "Diluted EPS": "-", "Basic Average Shares": "-", "Diluted Average Shares": "-", "Total Operating Income as Reported": "-7,114", "Total Expenses": "-", "Net Income from Continuing & Discontinued Operation": "-7,474", "Normalized Income": "-7,474", "Interest Expense": "-", "Net Interest Income": "-", "EBIT": "3,018", "EBITDA": "-", "Reconciled Cost of Revenue": "-", "Reconciled Depreciation": "-", "Net Income from Continuing Operation Net Minority Interest": "-7,474", "Total Unusual Items Excluding Goodwill": "-", "Total Unusual Items": "-", "Normalized EBITDA": "3,018", "Tax Rate for Calcs": "0", "Tax Effect of Unusual Items": "0"}, "12/31/2019": {"Duration": "12/31/2019", "Total Revenue": "19,842", "Cost of Revenue": "16,411", "Gross Profit": "3,431", "Operating Expense": "11,072", "Operating Income": "-7,641", "Net Non Operating Interest Income Expense": "-261", "Other Income Expense": "7,175", "Pretax Income": "-727", "Tax Provision": "15", "Net Income Common Stockholders": "-742", "Diluted NI Available to Com Stockholders": "-742", "Basic EPS": "-0.08", "Diluted EPS": "-0.08", "Basic Average Shares": "9,603", "Diluted Average Shares": "9,603", "Total Operating Income as Reported": "-466", "Total Expenses": "27,483", "Net Income from Continuing & Discontinued Operation": "-742", "Normalized Income": "-5,980", "Interest Expense": "-", "Net Interest Income": "-261", "EBIT": "-7,641", "EBITDA": "-", "Reconciled Cost of Revenue": "16,411", "Reconciled Depreciation": "1,109", "Net Income from Continuing Operation Net Minority Interest": "-742", "Total Unusual Items Excluding Goodwill": "7,175", "Total Unusual Items": "7,175", "Normalized EBITDA": "-13,707", "Tax Rate for Calcs": "0", "Tax Effect of Unusual Items": "1,937"}, "12/31/2018": {"Duration": "12/31/2018", "Total Revenue": "21,707", "Cost of Revenue": "13,288", "Gross Profit": "8,419", "Operating Expense": "9,273", "Operating Income": "-854", "Net Non Operating Interest Income Expense": "-562", "Other Income Expense": "-", "Pretax Income": "-1,416", "Tax Provision": "-77", "Net Income Common Stockholders": "-1,339", "Diluted NI Available to Com Stockholders": "-1,339", "Basic EPS": "-0.15", "Diluted EPS": "-0.15", "Basic Average Shares": "8,899", "Diluted Average Shares": "8,899", "Total Operating Income as Reported": "-854", "Total Expenses": "22,561", "Net Income from Continuing & Discontinued Operation": "-1,339", "Normalized Income": "-1,339", "Interest Expense": "-", "Net Interest Income": "-562", "EBIT": "-854", "EBITDA": "-", "Reconciled Cost of Revenue": "13,288", "Reconciled Depreciation": "521", "Net Income from Continuing Operation Net Minority Interest": "-1,339", "Total Unusual Items Excluding Goodwill": "-", "Total Unusual Items": "-", "Normalized EBITDA": "-333", "Tax Rate for Calcs": "0", "Tax Effect of Unusual Items": "0"}}, "bs": {"12/31/2020": {"Duration": "12/31/2020", "Total Assets": "11,130", "Total Liabilities Net Minority Interest": "9,893", "Total Equity Gross Minority Interest": "1,237", "Total Capitalization": "1,237", "Common Stock Equity": "1,237", "Capital Lease Obligations": "-", "Net Tangible Assets": "1,237", "Working Capital": "570", "Invested Capital": "-", "Tangible Book Value": "1,237", "Total Debt": "-", "Net Debt": "-", "Share Issued": "11,558", "Ordinary Shares Number": "11,558", "Treasury Shares Number": "-"}, "12/31/2019": {"Duration": "12/31/2019", "Total Assets": "18,347", "Total Liabilities Net Minority Interest": "10,984", "Total Equity Gross Minority Interest": "7,363", "Total Capitalization": "7,410", "Common Stock Equity": "7,363", "Capital Lease Obligations": "3,319", "Net Tangible Assets": "5,752", "Working Capital": "3,805", "Invested Capital": "10,148", "Tangible Book Value": "5,752", "Total Debt": "6,104", "Net Debt": "2,213", "Share Issued": "9,766", "Ordinary Shares Number": "9,766", "Treasury Shares Number": "-"}, "12/31/2018": {"Duration": "12/31/2018", "Total Assets": "15,601", "Total Liabilities Net Minority Interest": "8,434", "Total Equity Gross Minority Interest": "7,167", "Total Capitalization": "7,338", "Common Stock Equity": "7,167", "Capital Lease Obligations": "-", "Net Tangible Assets": "5,393", "Working Capital": "2,114", "Invested Capital": "13,016", "Tangible Book Value": "5,393", "Total Debt": "5,849", "Net Debt": "5,290", "Share Issued": "9,508", "Ordinary Shares Number": "9,335", "Treasury Shares Number": "173"}}, "cf": {"TTM": {"Duration": "TTM", "Operating Cash Flow": "-", "Investing Cash Flow": "-", "Financing Cash Flow": "-", "End Cash Position": "-", "Income Tax Paid Supplemental Data": "-", "Interest Paid Supplemental Data": "-", "Capital Expenditure": "-", "Issuance of Debt": "-", "Repayment of Debt": "-", "Free Cash Flow": "-"}, "12/31/2019": {"Duration": "12/31/2019", "Operating Cash Flow": "-6,538", "Investing Cash Flow": "9,474", "Financing Cash Flow": "-2,923", "End Cash Position": "572", "Income Tax Paid Supplemental Data": "0", "Interest Paid Supplemental Data": "122", "Capital Expenditure": "-316", "Issuance of Debt": "2,705", "Repayment of Debt": "-5,635", "Free Cash Flow": "-6,854"}, "12/31/2018": {"Duration": "12/31/2018", "Operating Cash Flow": "587", "Investing Cash Flow": "-101", "Financing Cash Flow": "-95", "End Cash Position": "559", "Income Tax Paid Supplemental Data": "0", "Interest Paid Supplemental Data": "369", "Capital Expenditure": "-101", "Issuance of Debt": "-", "Repayment of Debt": "-251", "Free Cash Flow": "486"}}}}, {"HEAR": {"quote": {"03/20/2021": {"value": "28.29", "Market Cap": "437.856M", "Beta (5Y Monthly)": "1.61", "PE Ratio (TTM)": "11.94", "EPS (TTM)": "2.37", "Earnings Date": "Mar 04, 2021", "Forward Dividend & Yield": "N/A (N/A)", "Ex-Dividend Date": "N/A", "1y Target Est": "39.67"}}, "fin": {"TTM": {"Duration": "TTM", "Total Revenue": "360,093", "Cost of Revenue": "226,305", "Gross Profit": "133,788", "Operating Expense": "84,621", "Operating Income": "49,167", "Net Non Operating Interest Income Expense": "-467", "Other Income Expense": "3,757", "Pretax Income": "52,457", "Tax Provision": "13,711", "Net Income Common Stockholders": "38,746", "Diluted NI Available to Com Stockholders": "38,746", "Basic EPS": "-", "Diluted EPS": "-", "Basic Average Shares": "-", "Diluted Average Shares": "-", "Total Operating Income as Reported": "49,167", "Total Expenses": "310,926", "Net Income from Continuing & Discontinued Operation": "38,746", "Normalized Income": "36,660", "Interest Expense": "467", "Net Interest Income": "-467", "EBIT": "52,924", "EBITDA": "58,172", "Reconciled Cost of Revenue": "226,305", "Reconciled Depreciation": "5,248", "Net Income from Continuing Operation Net Minority Interest": "38,746", "Total Unusual Items Excluding Goodwill": "2,823", "Total Unusual Items": "2,823", "Normalized EBITDA": "55,349", "Tax Rate for Calcs": "0", "Tax Effect of Unusual Items": "736.803"}, "12/31/2020": {"Duration": "12/31/2020", "Total Revenue": "360,093", "Cost of Revenue": "226,305", "Gross Profit": "133,788", "Operating Expense": "84,621", "Operating Income": "49,167", "Net Non Operating Interest Income Expense": "-467", "Other Income Expense": "3,757", "Pretax Income": "52,457", "Tax Provision": "13,711", "Net Income Common Stockholders": "38,746", "Diluted NI Available to Com Stockholders": "38,746", "Basic EPS": "2.62", "Diluted EPS": "2.37", "Basic Average Shares": "14,801", "Diluted Average Shares": "16,365", "Total Operating Income as Reported": "49,167", "Total Expenses": "310,926", "Net Income from Continuing & Discontinued Operation": "38,746", "Normalized Income": "36,660", "Interest Expense": "467", "Net Interest Income": "-467", "EBIT": "52,924", "EBITDA": "-", "Reconciled Cost of Revenue": "226,305", "Reconciled Depreciation": "5,248", "Net Income from Continuing Operation Net Minority Interest": "38,746", "Total Unusual Items Excluding Goodwill": "2,823", "Total Unusual Items": "2,823", "Normalized EBITDA": "55,349", "Tax Rate for Calcs": "0", "Tax Effect of Unusual Items": "736.803"}, "12/31/2019": {"Duration": "12/31/2019", "Total Revenue": "234,663", "Cost of Revenue": "155,950", "Gross Profit": "78,713", "Operating Expense": "68,286", "Operating Income": "10,427", "Net Non Operating Interest Income Expense": "-929", "Other Income Expense": "2,209", "Pretax Income": "11,707", "Tax Provision": "-6,237", "Net Income Common Stockholders": "17,944", "Diluted NI Available to Com Stockholders": "17,944", "Basic EPS": "1.24", "Diluted EPS": "1.04", "Basic Average Shares": "14,483", "Diluted Average Shares": "15,688", "Total Operating Income as Reported": "10,427", "Total Expenses": "224,236", "Net Income from Continuing & Discontinued Operation": "17,944", "Normalized Income": "17,600", "Interest Expense": "929", "Net Interest Income": "-929", "EBIT": "12,636", "EBITDA": "-", "Reconciled Cost of Revenue": "155,950", "Reconciled Depreciation": "5,198", "Net Income from Continuing Operation Net Minority Interest": "17,944", "Total Unusual Items Excluding Goodwill": "471", "Total Unusual Items": "471", "Normalized EBITDA": "17,363", "Tax Rate for Calcs": "0", "Tax Effect of Unusual Items": "127.17"}, "12/31/2018": {"Duration": "12/31/2018", "Total Revenue": "287,437", "Cost of Revenue": "178,738", "Gross Profit": "108,699", "Operating Expense": "54,658", "Operating Income": "54,041", "Net Non Operating Interest Income Expense": "-5,335", "Other Income Expense": "-7,779", "Pretax Income": "40,927", "Tax Provision": "1,737", "Net Income Common Stockholders": "39,190", "Diluted NI Available to Com Stockholders": "39,190", "Basic EPS": "2.90", "Diluted EPS": "2.74", "Basic Average Shares": "13,512", "Diluted Average Shares": "14,289", "Total Operating Income as Reported": "54,041", "Total Expenses": "233,396", "Net Income from Continuing & Discontinued Operation": "39,190", "Normalized Income": "40,696", "Interest Expense": "5,335", "Net Interest Income": "-5,335", "EBIT": "46,262", "EBITDA": "-", "Reconciled Cost of Revenue": "178,738", "Reconciled Depreciation": "4,257", "Net Income from Continuing Operation Net Minority Interest": "39,190", "Total Unusual Items Excluding Goodwill": "-1,572", "Total Unusual Items": "-1,572", "Normalized EBITDA": "52,091", "Tax Rate for Calcs": "0", "Tax Effect of Unusual Items": "-66.024"}}, "bs": {"12/31/2020": {"Duration": "12/31/2020", "Total Assets": "203,453", "Total Liabilities Net Minority Interest": "87,054", "Total Equity Gross Minority Interest": "116,399", "Total Capitalization": "116,399", "Common Stock Equity": "116,399", "Net Tangible Assets": "103,083", "Working Capital": "91,325", "Invested Capital": "116,399", "Tangible Book Value": "103,083", "Total Debt": "-", "Net Debt": "-", "Share Issued": "15,476", "Ordinary Shares Number": "15,476"}, "12/31/2019": {"Duration": "12/31/2019", "Total Assets": "131,351", "Total Liabilities Net Minority Interest": "67,964", "Total Equity Gross Minority Interest": "63,387", "Total Capitalization": "63,387", "Common Stock Equity": "63,387", "Net Tangible Assets": "48,861", "Working Capital": "37,959", "Invested Capital": "79,042", "Tangible Book Value": "48,861", "Total Debt": "15,655", "Net Debt": "7,406", "Share Issued": "14,488", "Ordinary Shares Number": "14,488"}, "12/31/2018": {"Duration": "12/31/2018", "Total Assets": "121,920", "Total Liabilities Net Minority Interest": "84,424", "Total Equity Gross Minority Interest": "37,496", "Total Capitalization": "37,496", "Common Stock Equity": "37,496", "Net Tangible Assets": "36,460", "Working Capital": "40,219", "Invested Capital": "74,881", "Tangible Book Value": "36,460", "Total Debt": "37,385", "Net Debt": "30,307", "Share Issued": "14,268", "Ordinary Shares Number": "14,268"}}, "cf": {"TTM": {"Duration": "TTM", "Operating Cash Flow": "51,049", "Investing Cash Flow": "-5,663", "Financing Cash Flow": "-7,412", "End Cash Position": "46,681", "Income Tax Paid Supplemental Data": "8,041", "Interest Paid Supplemental Data": "309", "Capital Expenditure": "-5,663", "Issuance of Capital Stock": "4,373", "Issuance of Debt": "323,593", "Repayment of Debt": "-339,248", "Repurchase of Capital Stock": "-325", "Free Cash Flow": "45,386"}, "12/31/2020": {"Duration": "12/31/2020", "Operating Cash Flow": "51,049", "Investing Cash Flow": "-5,663", "Financing Cash Flow": "-7,412", "End Cash Position": "46,681", "Income Tax Paid Supplemental Data": "8,041", "Interest Paid Supplemental Data": "309", "Capital Expenditure": "-5,663", "Issuance of Capital Stock": "4,373", "Issuance of Debt": "323,593", "Repayment of Debt": "-339,248", "Repurchase of Capital Stock": "-325", "Free Cash Flow": "45,386"}, "12/31/2019": {"Duration": "12/31/2019", "Operating Cash Flow": "39,374", "Investing Cash Flow": "-14,579", "Financing Cash Flow": "-24,180", "End Cash Position": "8,249", "Income Tax Paid Supplemental Data": "2,317", "Interest Paid Supplemental Data": "769", "Capital Expenditure": "-1,912", "Issuance of Capital Stock": "-", "Issuance of Debt": "219,910", "Repayment of Debt": "-241,640", "Repurchase of Capital Stock": "-2,780", "Free Cash Flow": "37,462"}, "12/31/2018": {"Duration": "12/31/2018", "Operating Cash Flow": "42,249", "Investing Cash Flow": "-5,079", "Financing Cash Flow": "-35,129", "End Cash Position": "7,078", "Income Tax Paid Supplemental Data": "0", "Interest Paid Supplemental Data": "1,496", "Capital Expenditure": "-5,079", "Issuance of Capital Stock": "0", "Issuance of Debt": "364,338", "Repayment of Debt": "-401,454", "Repurchase of Capital Stock": "-1,636", "Free Cash Flow": "37,170"}}}}, {"NOK": {"quote": {"03/20/2021": {"value": "4.0200", "Market Cap": "23.2B", "Beta (5Y Monthly)": "0.48", "PE Ratio (TTM)": "N/A", "EPS (TTM)": "-0.1920", "Earnings Date": "N/A", "Forward Dividend & Yield": "N/A (N/A)", "Ex-Dividend Date": "Jul 29, 2019", "1y Target Est": "4.87"}}, "fin": {"TTM": {"Duration": "TTM", "Total Revenue": "21,852,000", "Cost of Revenue": "13,659,000", "Gross Profit": "8,193,000", "Operating Expense": "7,167,000", "Operating Income": "1,026,000", "Net Non Operating Interest Income Expense": "-152,000", "Other Income Expense": "-131,000", "Pretax Income": "743,000", "Tax Provision": "3,256,000", "Net Income Common Stockholders": "-2,516,000", "Diluted NI Available to Com Stockholders": "-2,516,000", "Basic EPS": "-", "Diluted EPS": "-", "Basic Average Shares": "-", "Diluted Average Shares": "-", "Total Operating Income as Reported": "885,000", "Total Expenses": "20,826,000", "Net Income from Continuing & Discontinued Operation": "-2,516,000", "Normalized Income": "-2,390,600", "Interest Income": "59,000", "Interest Expense": "235,000", "Net Interest Income": "-152,000", "EBIT": "978,000", "EBITDA": "2,110,000", "Reconciled Cost of Revenue": "13,659,000", "Reconciled Depreciation": "1,132,000", "Net Income from Continuing Operation Net Minority Interest": "-2,513,000", "Total Unusual Items Excluding Goodwill": "-153,000", "Total Unusual Items": "-153,000", "Normalized EBITDA": "2,263,000", "Tax Rate for Calcs": "0", "Tax Effect of Unusual Items": "-30,600"}, "12/31/2020": {"Duration": "12/31/2020", "Total Revenue": "21,852,000", "Cost of Revenue": "13,659,000", "Gross Profit": "8,193,000", "Operating Expense": "7,167,000", "Operating Income": "1,026,000", "Net Non Operating Interest Income Expense": "-152,000", "Other Income Expense": "-131,000", "Pretax Income": "743,000", "Tax Provision": "3,256,000", "Net Income Common Stockholders": "-2,516,000", "Diluted NI Available to Com Stockholders": "-2,516,000", "Basic EPS": "-0.43", "Diluted EPS": "-0.43", "Basic Average Shares": "5,612,418", "Diluted Average Shares": "5,612,418", "Total Operating Income as Reported": "885,000", "Total Expenses": "20,826,000", "Net Income from Continuing & Discontinued Operation": "-2,516,000", "Normalized Income": "-2,390,600", "Interest Income": "59,000", "Interest Expense": "235,000", "Net Interest Income": "-152,000", "EBIT": "978,000", "EBITDA": "-", "Reconciled Cost of Revenue": "13,659,000", "Reconciled Depreciation": "1,132,000", "Net Income from Continuing Operation Net Minority Interest": "-2,513,000", "Total Unusual Items Excluding Goodwill": "-153,000", "Total Unusual Items": "-153,000", "Normalized EBITDA": "2,263,000", "Tax Rate for Calcs": "0", "Tax Effect of Unusual Items": "-30,600"}, "12/31/2019": {"Duration": "12/31/2019", "Total Revenue": "23,315,000", "Cost of Revenue": "14,989,000", "Gross Profit": "8,326,000", "Operating Expense": "7,366,000", "Operating Income": "960,000", "Net Non Operating Interest Income Expense": "-241,000", "Other Income Expense": "-563,000", "Pretax Income": "156,000", "Tax Provision": "138,000", "Net Income Common Stockholders": "7,000", "Diluted NI Available to Com Stockholders": "7,000", "Basic EPS": "0.00", "Diluted EPS": "0.00", "Basic Average Shares": "5,599,912", "Diluted Average Shares": "5,626,375", "Total Operating Income as Reported": "485,000", "Total Expenses": "22,355,000", "Net Income from Continuing & Discontinued Operation": "7,000", "Normalized Income": "474,000", "Interest Income": "73,000", "Interest Expense": "308,000", "Net Interest Income": "-241,000", "EBIT": "464,000", "EBITDA": "-", "Reconciled Cost of Revenue": "14,989,000", "Reconciled Depreciation": "1,660,000", "Net Income from Continuing Operation Net Minority Interest": "14,000", "Total Unusual Items Excluding Goodwill": "-575,000", "Total Unusual Items": "-575,000", "Normalized EBITDA": "2,699,000", "Tax Rate for Calcs": "0", "Tax Effect of Unusual Items": "-115,000"}, "12/31/2018": {"Duration": "12/31/2018", "Total Revenue": "22,563,000", "Cost of Revenue": "14,117,000", "Gross Profit": "8,446,000", "Operating Expense": "8,112,000", "Operating Income": "334,000", "Net Non Operating Interest Income Expense": "-214,000", "Other Income Expense": "-480,000", "Pretax Income": "-360,000", "Tax Provision": "189,000", "Net Income Common Stockholders": "-340,000", "Diluted NI Available to Com Stockholders": "-340,000", "Basic EPS": "-0.06", "Diluted EPS": "-0.06", "Basic Average Shares": "5,588,020", "Diluted Average Shares": "5,588,020", "Total Operating Income as Reported": "-59,000", "Total Expenses": "22,229,000", "Net Income from Continuing & Discontinued Operation": "-340,000", "Normalized Income": "-160,400", "Interest Income": "76,000", "Interest Expense": "282,000", "Net Interest Income": "-214,000", "EBIT": "-78,000", "EBITDA": "-", "Reconciled Cost of Revenue": "14,117,000", "Reconciled Depreciation": "1,455,000", "Net Income from Continuing Operation Net Minority Interest": "-554,000", "Total Unusual Items Excluding Goodwill": "-492,000", "Total Unusual Items": "-492,000", "Normalized EBITDA": "1,869,000", "Tax Rate for Calcs": "0", "Tax Effect of Unusual Items": "-98,400"}}, "bs": {"12/31/2020": {"Duration": "12/31/2020", "Total Assets": "36,191,000", "Total Liabilities Net Minority Interest": "23,646,000", "Total Equity Gross Minority Interest": "12,545,000", "Total Capitalization": "17,480,000", "Common Stock Equity": "12,465,000", "Capital Lease Obligations": "910,000", "Net Tangible Assets": "5,438,000", "Working Capital": "6,454,000", "Invested Capital": "18,041,000", "Tangible Book Value": "5,438,000", "Total Debt": "6,486,000", "Share Issued": "5,653,886", "Ordinary Shares Number": "5,617,496", "Treasury Shares Number": "36,390"}, "12/31/2019": {"Duration": "12/31/2019", "Total Assets": "39,128,000", "Total Liabilities Net Minority Interest": "23,727,000", "Total Equity Gross Minority Interest": "15,401,000", "Total Capitalization": "19,310,000", "Common Stock Equity": "15,325,000", "Capital Lease Obligations": "1,030,000", "Net Tangible Assets": "7,369,000", "Working Capital": "4,753,000", "Invested Capital": "19,602,000", "Tangible Book Value": "7,369,000", "Total Debt": "5,307,000", "Share Issued": "5,640,536", "Ordinary Shares Number": "5,605,581", "Treasury Shares Number": "34,955"}, "12/31/2018": {"Duration": "12/31/2018", "Total Assets": "39,517,000", "Total Liabilities Net Minority Interest": "24,146,000", "Total Equity Gross Minority Interest": "15,371,000", "Total Capitalization": "18,117,000", "Common Stock Equity": "15,289,000", "Capital Lease Obligations": "-", "Net Tangible Assets": "6,484,000", "Working Capital": "4,167,000", "Invested Capital": "19,111,000", "Tangible Book Value": "6,484,000", "Total Debt": "3,822,000", "Share Issued": "5,635,945", "Ordinary Shares Number": "5,593,162", "Treasury Shares Number": "42,783"}}, "cf": {"TTM": {"Duration": "TTM", "Operating Cash Flow": "1,759,000", "Investing Cash Flow": "-1,517,000", "Financing Cash Flow": "883,000", "End Cash Position": "6,940,000", "Capital Expenditure": "-479,000", "Issuance of Debt": "1,595,000", "Repayment of Debt": "-480,000", "Repurchase of Capital Stock": "-", "Free Cash Flow": "1,280,000"}, "12/31/2020": {"Duration": "12/31/2020", "Operating Cash Flow": "1,759,000", "Investing Cash Flow": "-1,517,000", "Financing Cash Flow": "883,000", "End Cash Position": "6,940,000", "Capital Expenditure": "-479,000", "Issuance of Debt": "1,595,000", "Repayment of Debt": "-480,000", "Repurchase of Capital Stock": "-", "Free Cash Flow": "1,280,000"}, "12/31/2019": {"Duration": "12/31/2019", "Operating Cash Flow": "390,000", "Investing Cash Flow": "-167,000", "Financing Cash Flow": "-479,000", "End Cash Position": "5,910,000", "Capital Expenditure": "-690,000", "Issuance of Debt": "1,039,000", "Repayment of Debt": "-987,000", "Repurchase of Capital Stock": "-", "Free Cash Flow": "-300,000"}, "12/31/2018": {"Duration": "12/31/2018", "Operating Cash Flow": "360,000", "Investing Cash Flow": "-315,000", "Financing Cash Flow": "-969,000", "End Cash Position": "6,261,000", "Capital Expenditure": "-672,000", "Issuance of Debt": "139,000", "Repayment of Debt": "-31,000", "Repurchase of Capital Stock": "0", "Free Cash Flow": "-312,000"}}}}, {"CIEN": {"quote": {"03/20/2021": {"value": "55.42", "Market Cap": "8.59B", "Beta (5Y Monthly)": "0.80", "PE Ratio (TTM)": "24.42", "EPS (TTM)": "2.27", "Earnings Date": "Jun 02, 2021 - Jun 07, 2021", "Forward Dividend & Yield": "N/A (N/A)", "Ex-Dividend Date": "N/A", "1y Target Est": "58.41"}}, "fin": {"TTM": {"Duration": "TTM", "Total Revenue": "3,655,558", "Cost of Revenue": "2,027,649", "Gross Profit": "1,627,909", "Operating Expense": "1,173,621", "Operating Income": "454,288", "Net Non Operating Interest Income Expense": "-22,783", "Other Income Expense": "-42,570", "Pretax Income": "388,935", "Tax Provision": "67,872", "Net Income Common Stockholders": "321,063", "Average Dilution Earnings": "-", "Diluted NI Available to Com Stockholders": "321,063", "Basic EPS": "-", "Diluted EPS": "-", "Basic Average Shares": "-", "Diluted Average Shares": "-", "Total Operating Income as Reported": "423,948", "Total Expenses": "3,201,270", "Net Income from Continuing & Discontinued Operation": "321,063", "Normalized Income": "354,751", "Interest Income": "12,432", "Interest Expense": "35,215", "Net Interest Income": "-22,783", "EBIT": "424,150", "EBITDA": "553,831", "Reconciled Cost of Revenue": "1,920,411", "Reconciled Depreciation": "129,681", "Net Income from Continuing Operation Net Minority Interest": "321,063", "Total Unusual Items Excluding Goodwill": "-40,810", "Total Unusual Items": "-40,810", "Normalized EBITDA": "594,641", "Tax Rate for Calcs": "0", "Tax Effect of Unusual Items": "-7,122"}, "10/31/2020": {"Duration": "10/31/2020", "Total Revenue": "3,532,157", "Cost of Revenue": "1,879,266", "Gross Profit": "1,652,891", "Operating Expense": "1,139,244", "Operating Income": "513,647", "Net Non Operating Interest Income Expense": "-24,461", "Other Income Expense": "-33,225", "Pretax Income": "455,961", "Tax Provision": "94,670", "Net Income Common Stockholders": "361,291", "Average Dilution Earnings": "-", "Diluted NI Available to Com Stockholders": "361,291", "Basic EPS": "-", "Diluted EPS": "-", "Basic Average Shares": "-", "Diluted Average Shares": "-", "Total Operating Income as Reported": "486,964", "Total Expenses": "3,018,510", "Net Income from Continuing & Discontinued Operation": "361,291", "Normalized Income": "388,867", "Interest Income": "6,860", "Interest Expense": "31,321", "Net Interest Income": "-24,461", "EBIT": "487,282", "EBITDA": "-", "Reconciled Cost of Revenue": "1,770,122", "Reconciled Depreciation": "132,527", "Net Income from Continuing Operation Net Minority Interest": "361,291", "Total Unusual Items Excluding Goodwill": "-34,800", "Total Unusual Items": "-34,800", "Normalized EBITDA": "654,609", "Tax Rate for Calcs": "0", "Tax Effect of Unusual Items": "-7,224"}, "10/31/2019": {"Duration": "10/31/2019", "Total Revenue": "3,572,131", "Cost of Revenue": "2,030,065", "Gross Profit": "1,542,066", "Operating Expense": "1,167,392", "Operating Income": "374,674", "Net Non Operating Interest Income Expense": "-23,042", "Other Income Expense": "-38,442", "Pretax Income": "313,190", "Tax Provision": "59,756", "Net Income Common Stockholders": "253,434", "Average Dilution Earnings": "-", "Diluted NI Available to Com Stockholders": "253,434", "Basic EPS": "1.63", "Diluted EPS": "1.61", "Basic Average Shares": "155,720", "Diluted Average Shares": "157,612", "Total Operating Income as Reported": "346,766", "Total Expenses": "3,197,457", "Net Income from Continuing & Discontinued Operation": "253,434", "Normalized Income": "283,945", "Interest Income": "14,410", "Interest Expense": "37,452", "Net Interest Income": "-23,042", "EBIT": "350,642", "EBITDA": "-", "Reconciled Cost of Revenue": "1,929,161", "Reconciled Depreciation": "122,712", "Net Income from Continuing Operation Net Minority Interest": "253,434", "Total Unusual Items Excluding Goodwill": "-37,705", "Total Unusual Items": "-37,705", "Normalized EBITDA": "511,059", "Tax Rate for Calcs": "0", "Tax Effect of Unusual Items": "-7,194"}, "10/31/2018": {"Duration": "10/31/2018", "Total Revenue": "3,094,286", "Cost of Revenue": "1,779,596", "Gross Profit": "1,314,690", "Operating Expense": "1,061,494", "Operating Income": "253,196", "Net Non Operating Interest Income Expense": "-41,546", "Other Income Expense": "-62,869", "Pretax Income": "148,781", "Tax Provision": "493,471", "Net Income Common Stockholders": "-344,690", "Average Dilution Earnings": "-12,894", "Diluted NI Available to Com Stockholders": "-357,584", "Basic EPS": "-2.40", "Diluted EPS": "-2.49", "Basic Average Shares": "143,738", "Diluted Average Shares": "143,738", "Total Operating Income as Reported": "229,946", "Total Expenses": "2,841,090", "Net Income from Continuing & Discontinued Operation": "-344,690", "Normalized Income": "-308,351", "Interest Income": "13,703", "Interest Expense": "55,249", "Net Interest Income": "-41,546", "EBIT": "204,030", "EBITDA": "-", "Reconciled Cost of Revenue": "1,685,313", "Reconciled Depreciation": "110,020", "Net Income from Continuing Operation Net Minority Interest": "-344,690", "Total Unusual Items Excluding Goodwill": "-49,780", "Total Unusual Items": "-49,780", "Normalized EBITDA": "363,830", "Tax Rate for Calcs": "0", "Tax Effect of Unusual Items": "-13,441"}}, "bs": {"10/31/2020": {"Duration": "10/31/2020", "Total Assets": "4,180,917", "Total Liabilities Net Minority Interest": "1,671,320", "Total Equity Gross Minority Interest": "2,509,597", "Total Capitalization": "3,185,953", "Common Stock Equity": "2,509,597", "Capital Lease Obligations": "144,851", "Net Tangible Assets": "2,102,103", "Working Capital": "1,850,458", "Invested Capital": "3,192,883", "Tangible Book Value": "2,102,103", "Total Debt": "828,137", "Net Debt": "-", "Share Issued": "154,563", "Ordinary Shares Number": "154,563"}, "10/31/2019": {"Duration": "10/31/2019", "Total Assets": "3,893,346", "Total Liabilities Net Minority Interest": "1,720,585", "Total Equity Gross Minority Interest": "2,172,761", "Total Capitalization": "2,853,167", "Common Stock Equity": "2,172,761", "Capital Lease Obligations": "68,048", "Net Tangible Assets": "1,762,043", "Working Capital": "1,535,862", "Invested Capital": "2,860,167", "Tangible Book Value": "1,762,043", "Total Debt": "755,454", "Net Debt": "-", "Share Issued": "154,404", "Ordinary Shares Number": "154,404"}, "10/31/2018": {"Duration": "10/31/2018", "Total Assets": "3,756,523", "Total Liabilities Net Minority Interest": "1,827,189", "Total Equity Gross Minority Interest": "1,929,334", "Total Capitalization": "2,615,784", "Common Stock Equity": "1,929,334", "Capital Lease Obligations": "71,792", "Net Tangible Assets": "1,483,141", "Working Capital": "1,179,599", "Invested Capital": "2,622,784", "Tangible Book Value": "1,483,141", "Total Debt": "765,242", "Net Debt": "-", "Share Issued": "154,319", "Ordinary Shares Number": "154,319"}}, "cf": {"TTM": {"Duration": "TTM", "Operating Cash Flow": "454,058", "Investing Cash Flow": "-84,080", "Financing Cash Flow": "-176,727", "End Cash Position": "892,399", "Income Tax Paid Supplemental Data": "46,323", "Interest Paid Supplemental Data": "37,191", "Capital Expenditure": "-72,748", "Issuance of Capital Stock": "24,002", "Issuance of Debt": "0", "Repayment of Debt": "-8,254", "Repurchase of Capital Stock": "-190,902", "Free Cash Flow": "381,310"}, "10/31/2020": {"Duration": "10/31/2020", "Operating Cash Flow": "493,654", "Investing Cash Flow": "-220,242", "Financing Cash Flow": "-87,222", "End Cash Position": "1,088,708", "Income Tax Paid Supplemental Data": "53,076", "Interest Paid Supplemental Data": "32,837", "Capital Expenditure": "-82,667", "Issuance of Capital Stock": "28,068", "Issuance of Debt": "0", "Repayment of Debt": "-7,901", "Repurchase of Capital Stock": "-107,007", "Free Cash Flow": "410,987"}, "10/31/2019": {"Duration": "10/31/2019", "Operating Cash Flow": "413,140", "Investing Cash Flow": "24,077", "Financing Cash Flow": "-278,966", "End Cash Position": "904,161", "Income Tax Paid Supplemental Data": "33,570", "Interest Paid Supplemental Data": "39,579", "Capital Expenditure": "-62,579", "Issuance of Capital Stock": "22,947", "Issuance of Debt": "0", "Repayment of Debt": "-121,587", "Repurchase of Capital Stock": "-179,135", "Free Cash Flow": "350,561"}, "10/31/2018": {"Duration": "10/31/2018", "Operating Cash Flow": "229,261", "Investing Cash Flow": "-19,266", "Financing Cash Flow": "-99,229", "End Cash Position": "745,423", "Income Tax Paid Supplemental Data": "26,900", "Interest Paid Supplemental Data": "44,750", "Capital Expenditure": "-67,616", "Issuance of Capital Stock": "23,127", "Issuance of Debt": "305,125", "Repayment of Debt": "-309,807", "Repurchase of Capital Stock": "-115,738", "Free Cash Flow": "161,645"}}}}, {"INFN": {"quote": {"03/20/2021": {"value": "10.24", "Market Cap": "2.079B", "Beta (5Y Monthly)": "1.25", "PE Ratio (TTM)": "N/A", "EPS (TTM)": "-1.10", "Earnings Date": "May 10, 2021 - May 14, 2021", "Forward Dividend & Yield": "N/A (N/A)", "Ex-Dividend Date": "N/A", "1y Target Est": "10.38"}}, "fin": {"TTM": {"Duration": "TTM", "Total Revenue": "1,355,596", "Cost of Revenue": "946,804", "Gross Profit": "408,792", "Operating Expense": "526,059", "Operating Income": "-117,267", "Net Non Operating Interest Income Expense": "-46,610", "Other Income Expense": "-36,811", "Pretax Income": "-200,688", "Tax Provision": "6,035", "Net Income Common Stockholders": "-206,723", "Diluted NI Available to Com Stockholders": "-206,723", "Basic EPS": "-", "Diluted EPS": "-", "Basic Average Shares": "-", "Diluted Average Shares": "-", "Total Operating Income as Reported": "-155,199", "Total Expenses": "1,472,863", "Net Income from Continuing & Discontinued Operation": "-206,723", "Normalized Income": "-179,033", "Interest Income": "118", "Interest Expense": "46,728", "Net Interest Income": "-46,610", "EBIT": "-153,960", "EBITDA": "-53,820", "Reconciled Cost of Revenue": "865,245", "Reconciled Depreciation": "100,140", "Net Income from Continuing Operation Net Minority Interest": "-206,723", "Total Unusual Items Excluding Goodwill": "-37,932", "Total Unusual Items": "-37,932", "Normalized EBITDA": "-15,888", "Tax Rate for Calcs": "0", "Tax Effect of Unusual Items": "-10,242"}, "12/31/2020": {"Duration": "12/31/2020", "Total Revenue": "1,355,596", "Cost of Revenue": "946,804", "Gross Profit": "408,792", "Operating Expense": "526,272", "Operating Income": "-117,480", "Net Non Operating Interest Income Expense": "-46,610", "Other Income Expense": "-36,598", "Pretax Income": "-200,688", "Tax Provision": "6,035", "Net Income Common Stockholders": "-206,723", "Diluted NI Available to Com Stockholders": "-206,723", "Basic EPS": "-", "Diluted EPS": "-", "Basic Average Shares": "-", "Diluted Average Shares": "-", "Total Operating Income as Reported": "-155,199", "Total Expenses": "1,473,076", "Net Income from Continuing & Discontinued Operation": "-206,723", "Normalized Income": "-179,188", "Interest Income": "118", "Interest Expense": "46,728", "Net Interest Income": "-46,610", "EBIT": "-153,960", "EBITDA": "-", "Reconciled Cost of Revenue": "865,245", "Reconciled Depreciation": "100,140", "Net Income from Continuing Operation Net Minority Interest": "-206,723", "Total Unusual Items Excluding Goodwill": "-37,719", "Total Unusual Items": "-37,719", "Normalized EBITDA": "-16,101", "Tax Rate for Calcs": "0", "Tax Effect of Unusual Items": "-10,184"}, "12/31/2019": {"Duration": "12/31/2019", "Total Revenue": "1,298,865", "Cost of Revenue": "972,942", "Gross Profit": "325,923", "Operating Expense": "593,869", "Operating Income": "-267,946", "Net Non Operating Interest Income Expense": "-30,518", "Other Income Expense": "-85,191", "Pretax Income": "-383,655", "Tax Provision": "2,963", "Net Income Common Stockholders": "-386,618", "Diluted NI Available to Com Stockholders": "-386,618", "Basic EPS": "-2.16", "Diluted EPS": "-2.16", "Basic Average Shares": "178,984", "Diluted Average Shares": "178,984", "Total Operating Income as Reported": "-350,230", "Total Expenses": "1,566,811", "Net Income from Continuing & Discontinued Operation": "-386,618", "Normalized Income": "-326,551", "Interest Income": "1,139", "Interest Expense": "31,657", "Net Interest Income": "-30,518", "EBIT": "-351,998", "EBITDA": "-", "Reconciled Cost of Revenue": "880,398", "Reconciled Depreciation": "119,824", "Net Income from Continuing Operation Net Minority Interest": "-386,618", "Total Unusual Items Excluding Goodwill": "-82,284", "Total Unusual Items": "-82,284", "Normalized EBITDA": "-149,890", "Tax Rate for Calcs": "0", "Tax Effect of Unusual Items": "-22,217"}, "12/31/2018": {"Duration": "12/31/2018", "Total Revenue": "943,379", "Cost of Revenue": "622,223", "Gross Profit": "321,156", "Operating Expense": "478,793", "Operating Income": "-157,637", "Net Non Operating Interest Income Expense": "-19,621", "Other Income Expense": "-37,692", "Pretax Income": "-214,950", "Tax Provision": "-655", "Net Income Common Stockholders": "-214,295", "Diluted NI Available to Com Stockholders": "-214,295", "Basic EPS": "-1.34", "Diluted EPS": "-1.34", "Basic Average Shares": "157,748", "Diluted Average Shares": "157,748", "Total Operating Income as Reported": "-185,679", "Total Expenses": "1,101,016", "Net Income from Continuing & Discontinued Operation": "-214,295", "Normalized Income": "-186,337", "Interest Income": "2,428", "Interest Expense": "22,049", "Net Interest Income": "-19,621", "EBIT": "-192,901", "EBITDA": "-", "Reconciled Cost of Revenue": "551,025", "Reconciled Depreciation": "100,494", "Net Income from Continuing Operation Net Minority Interest": "-214,295", "Total Unusual Items Excluding Goodwill": "-28,042", "Total Unusual Items": "-28,042", "Normalized EBITDA": "-64,365", "Tax Rate for Calcs": "0", "Tax Effect of Unusual Items": "-84.126"}}, "bs": {"12/31/2020": {"Duration": "12/31/2020", "Total Assets": "1,732,497", "Total Liabilities Net Minority Interest": "1,306,213", "Total Equity Gross Minority Interest": "426,284", "Total Capitalization": "872,280", "Common Stock Equity": "426,284", "Capital Lease Obligations": "93,532", "Net Tangible Assets": "27,976", "Working Capital": "427,987", "Invested Capital": "974,263", "Tangible Book Value": "27,976", "Total Debt": "641,511", "Net Debt": "249,965", "Share Issued": "201,397", "Ordinary Shares Number": "201,397"}, "12/31/2019": {"Duration": "12/31/2019", "Total Assets": "1,628,338", "Total Liabilities Net Minority Interest": "1,241,803", "Total Equity Gross Minority Interest": "386,535", "Total Capitalization": "710,213", "Common Stock Equity": "386,535", "Capital Lease Obligations": "86,090", "Net Tangible Assets": "-33,659", "Working Capital": "227,512", "Invested Capital": "741,886", "Tangible Book Value": "-33,659", "Total Debt": "441,441", "Net Debt": "246,150", "Share Issued": "181,134", "Ordinary Shares Number": "181,134"}, "12/31/2018": {"Duration": "12/31/2018", "Total Assets": "1,801,270", "Total Liabilities Net Minority Interest": "1,097,449", "Total Equity Gross Minority Interest": "703,821", "Total Capitalization": "970,750", "Common Stock Equity": "703,821", "Capital Lease Obligations": "198,256", "Net Tangible Assets": "243,471", "Working Capital": "454,230", "Invested Capital": "970,750", "Tangible Book Value": "243,471", "Total Debt": "465,185", "Net Debt": "63,975", "Share Issued": "175,452", "Ordinary Shares Number": "175,452"}}, "cf": {"TTM": {"Duration": "TTM", "Operating Cash Flow": "-112,300", "Investing Cash Flow": "-39,009", "Financing Cash Flow": "334,162", "End Cash Position": "315,383", "Income Tax Paid Supplemental Data": "5,039", "Interest Paid Supplemental Data": "15,638", "Capital Expenditure": "-39,009", "Issuance of Capital Stock": "109,988", "Issuance of Debt": "249,500", "Repayment of Debt": "-9,820", "Free Cash Flow": "-151,309"}, "12/31/2020": {"Duration": "12/31/2020", "Operating Cash Flow": "-112,300", "Investing Cash Flow": "-39,009", "Financing Cash Flow": "334,162", "End Cash Position": "315,383", "Income Tax Paid Supplemental Data": "5,039", "Interest Paid Supplemental Data": "15,638", "Capital Expenditure": "-39,009", "Issuance of Capital Stock": "109,988", "Issuance of Debt": "249,500", "Repayment of Debt": "-9,820", "Free Cash Flow": "-151,309"}, "12/31/2019": {"Duration": "12/31/2019", "Operating Cash Flow": "-167,350", "Investing Cash Flow": "-12,609", "Financing Cash Flow": "71,910", "End Cash Position": "132,797", "Income Tax Paid Supplemental Data": "16,944", "Interest Paid Supplemental Data": "9,564", "Capital Expenditure": "-30,202", "Issuance of Capital Stock": "12,053", "Issuance of Debt": "81,019", "Repayment of Debt": "-20,463", "Free Cash Flow": "-197,552"}, "12/31/2018": {"Duration": "12/31/2018", "Operating Cash Flow": "-99,083", "Investing Cash Flow": "12,624", "Financing Cash Flow": "207,889", "End Cash Position": "242,337", "Income Tax Paid Supplemental Data": "6,692", "Interest Paid Supplemental Data": "3,554", "Capital Expenditure": "-37,692", "Issuance of Capital Stock": "17,693", "Issuance of Debt": "391,431", "Repayment of Debt": "-151,211", "Free Cash Flow": "-136,775"}}}}, {"CALX": {"quote": {"03/20/2021": {"value": "45.93", "Market Cap": "2.868B", "Beta (5Y Monthly)": "1.53", "PE Ratio (TTM)": "85.06", "EPS (TTM)": "0.54", "Earnings Date": "Apr 26, 2021 - Apr 30, 2021", "Forward Dividend & Yield": "N/A (N/A)", "Ex-Dividend Date": "N/A", "1y Target Est": "37.40"}}, "fin": {"TTM": {"Duration": "TTM", "Total Revenue": "436,662", "Cost of Revenue": "241,456", "Gross Profit": "195,206", "Operating Expense": "205,360", "Operating Income": "-10,154", "Net Non Operating Interest Income Expense": "-1,140", "Other Income Expense": "-2,241", "Pretax Income": "-13,535", "Tax Provision": "1,336", "Net Income Common Stockholders": "-14,871", "Diluted NI Available to Com Stockholders": "-14,871", "Basic EPS": "-", "Diluted EPS": "-", "Basic Average Shares": "-", "Diluted Average Shares": "-", "Total Operating Income as Reported": "-12,628", "Total Expenses": "446,816", "Net Income from Continuing & Discontinued Operation": "-14,871", "Normalized Income": "-14,871", "Interest Expense": "1,585", "Net Interest Income": "-1,140", "EBIT": "-9,748", "EBITDA": "1,831", "Reconciled Cost of Revenue": "241,456", "Reconciled Depreciation": "11,579", "Net Income from Continuing Operation Net Minority Interest": "-14,871", "Total Unusual Items Excluding Goodwill": "-6,286", "Total Unusual Items": "-6,286", "Normalized EBITDA": "1,831", "Tax Rate for Calcs": "0", "Tax Effect of Unusual Items": "0"}, "12/31/2020": {"Duration": "12/31/2020", "Total Revenue": "541,239", "Cost of Revenue": "274,220", "Gross Profit": "267,019", "Operating Expense": "223,887", "Operating Income": "43,132", "Net Non Operating Interest Income Expense": "-1,585", "Other Income Expense": "-7,263", "Pretax Income": "34,284", "Tax Provision": "800", "Net Income Common Stockholders": "33,484", "Diluted NI Available to Com Stockholders": "33,484", "Basic EPS": "-", "Diluted EPS": "-", "Basic Average Shares": "-", "Diluted Average Shares": "-", "Total Operating Income as Reported": "36,846", "Total Expenses": "498,107", "Net Income from Continuing & Discontinued Operation": "33,484", "Normalized Income": "39,625", "Interest Expense": "1,585", "Net Interest Income": "-1,585", "EBIT": "35,869", "EBITDA": "-", "Reconciled Cost of Revenue": "274,220", "Reconciled Depreciation": "13,718", "Net Income from Continuing Operation Net Minority Interest": "33,484", "Total Unusual Items Excluding Goodwill": "-6,286", "Total Unusual Items": "-6,286", "Normalized EBITDA": "55,873", "Tax Rate for Calcs": "0", "Tax Effect of Unusual Items": "-144.578"}, "12/31/2019": {"Duration": "12/31/2019", "Total Revenue": "424,330", "Cost of Revenue": "236,405", "Gross Profit": "187,925", "Operating Expense": "200,852", "Operating Income": "-12,927", "Net Non Operating Interest Income Expense": "-958", "Other Income Expense": "-2,647", "Pretax Income": "-16,532", "Tax Provision": "1,162", "Net Income Common Stockholders": "-17,694", "Diluted NI Available to Com Stockholders": "-17,694", "Basic EPS": "-0.32", "Diluted EPS": "-0.32", "Basic Average Shares": "54,993", "Diluted Average Shares": "54,993", "Total Operating Income as Reported": "-15,401", "Total Expenses": "437,257", "Net Income from Continuing & Discontinued Operation": "-17,694", "Normalized Income": "-15,888", "Interest Expense": "-", "Net Interest Income": "-958", "EBIT": "-12,927", "EBITDA": "-", "Reconciled Cost of Revenue": "236,405", "Reconciled Depreciation": "10,316", "Net Income from Continuing Operation Net Minority Interest": "-17,694", "Total Unusual Items Excluding Goodwill": "-2,474", "Total Unusual Items": "-2,474", "Normalized EBITDA": "-137", "Tax Rate for Calcs": "0", "Tax Effect of Unusual Items": "-667.98"}, "12/31/2018": {"Duration": "12/31/2018", "Total Revenue": "441,320", "Cost of Revenue": "243,938", "Gross Profit": "197,382", "Operating Expense": "216,895", "Operating Income": "-19,513", "Net Non Operating Interest Income Expense": "-632", "Other Income Expense": "1,377", "Pretax Income": "-18,768", "Tax Provision": "530", "Net Income Common Stockholders": "-19,298", "Diluted NI Available to Com Stockholders": "-19,298", "Basic EPS": "-0.37", "Diluted EPS": "-0.37", "Basic Average Shares": "52,609", "Diluted Average Shares": "52,609", "Total Operating Income as Reported": "-18,514", "Total Expenses": "460,833", "Net Income from Continuing & Discontinued Operation": "-19,298", "Normalized Income": "-20,027", "Interest Expense": "-", "Net Interest Income": "-632", "EBIT": "-19,513", "EBITDA": "-", "Reconciled Cost of Revenue": "234,751", "Reconciled Depreciation": "9,187", "Net Income from Continuing Operation Net Minority Interest": "-19,298", "Total Unusual Items Excluding Goodwill": "999", "Total Unusual Items": "999", "Normalized EBITDA": "-11,325", "Tax Rate for Calcs": "0", "Tax Effect of Unusual Items": "269.73"}}, "bs": {"12/31/2020": {"Duration": "12/31/2020", "Total Assets": "427,352", "Total Liabilities Net Minority Interest": "147,027", "Total Equity Gross Minority Interest": "280,325", "Total Capitalization": "280,325", "Common Stock Equity": "280,325", "Capital Lease Obligations": "15,940", "Net Tangible Assets": "154,633", "Working Capital": "165,850", "Invested Capital": "283,250", "Tangible Book Value": "154,633", "Total Debt": "18,865", "Share Issued": "62,122", "Ordinary Shares Number": "62,122", "Treasury Shares Number": "-"}, "12/31/2019": {"Duration": "12/31/2019", "Total Assets": "316,823", "Total Liabilities Net Minority Interest": "162,795", "Total Equity Gross Minority Interest": "154,028", "Total Capitalization": "154,028", "Common Stock Equity": "154,028", "Capital Lease Obligations": "17,000", "Net Tangible Assets": "25,705", "Working Capital": "28,324", "Invested Capital": "188,072", "Tangible Book Value": "25,705", "Total Debt": "51,044", "Share Issued": "61,778", "Ordinary Shares Number": "56,448", "Treasury Shares Number": "5,330"}, "12/31/2018": {"Duration": "12/31/2018", "Total Assets": "317,080", "Total Liabilities Net Minority Interest": "165,146", "Total Equity Gross Minority Interest": "151,934", "Total Capitalization": "151,934", "Common Stock Equity": "151,934", "Capital Lease Obligations": "-", "Net Tangible Assets": "35,759", "Working Capital": "31,079", "Invested Capital": "183,712", "Tangible Book Value": "35,759", "Total Debt": "31,778", "Share Issued": "59,285", "Ordinary Shares Number": "53,955", "Treasury Shares Number": "5,330"}}, "cf": {"TTM": {"Duration": "TTM", "Operating Cash Flow": "6,276", "Investing Cash Flow": "-10,043", "Financing Cash Flow": "6,441", "End Cash Position": "47,369", "Income Tax Paid Supplemental Data": "751", "Interest Paid Supplemental Data": "1,686", "Capital Expenditure": "-10,043", "Issuance of Capital Stock": "60,063", "Issuance of Debt": "143,300", "Repayment of Debt": "-146,403", "Repurchase of Capital Stock": "-", "Free Cash Flow": "-3,767"}, "12/31/2020": {"Duration": "12/31/2020", "Operating Cash Flow": "51,409", "Investing Cash Flow": "-60,801", "Financing Cash Flow": "42,147", "End Cash Position": "80,807", "Income Tax Paid Supplemental Data": "751", "Interest Paid Supplemental Data": "1,686", "Capital Expenditure": "-7,819", "Issuance of Capital Stock": "60,063", "Issuance of Debt": "30,000", "Repayment of Debt": "-65,758", "Repurchase of Capital Stock": "-", "Free Cash Flow": "43,590"}, "12/31/2019": {"Duration": "12/31/2019", "Operating Cash Flow": "4,654", "Investing Cash Flow": "-13,353", "Financing Cash Flow": "5,971", "End Cash Position": "47,457", "Income Tax Paid Supplemental Data": "403", "Interest Paid Supplemental Data": "1,123", "Capital Expenditure": "-13,353", "Issuance of Capital Stock": "-", "Issuance of Debt": "143,300", "Repayment of Debt": "-146,037", "Repurchase of Capital Stock": "-", "Free Cash Flow": "-8,699"}, "12/31/2018": {"Duration": "12/31/2018", "Operating Cash Flow": "3,560", "Investing Cash Flow": "-76", "Financing Cash Flow": "7,492", "End Cash Position": "50,274", "Income Tax Paid Supplemental Data": "561", "Interest Paid Supplemental Data": "649", "Capital Expenditure": "-10,426", "Issuance of Capital Stock": "-", "Issuance of Debt": "557,915", "Repayment of Debt": "-557,915", "Repurchase of Capital Stock": "0", "Free Cash Flow": "-6,866"}}}}, {"SATS": {"quote": {"03/20/2021": {"value": "26.04", "Market Cap": "2.42B", "Beta (5Y Monthly)": "0.69", "PE Ratio (TTM)": "N/A", "EPS (TTM)": "-0.41", "Earnings Date": "May 05, 2021 - May 10, 2021", "Forward Dividend & Yield": "N/A (N/A)", "Ex-Dividend Date": "N/A", "1y Target Est": "36.67"}}, "fin": {"TTM": {"Duration": "TTM", "Total Revenue": "1,886,081", "Cost of Revenue": "787,355", "Gross Profit": "1,098,726", "Operating Expense": "1,025,649", "Operating Income": "73,077", "Net Non Operating Interest Income Expense": "-168,664", "Other Income Expense": "2,422", "Pretax Income": "-93,165", "Tax Provision": "20,488", "Net Income Common Stockholders": "-62,917", "Diluted NI Available to Com Stockholders": "-62,917", "Basic EPS": "-", "Diluted EPS": "-", "Basic Average Shares": "-", "Diluted Average Shares": "-", "Total Operating Income as Reported": "73,077", "Total Expenses": "1,813,004", "Net Income from Continuing & Discontinued Operation": "-62,917", "Normalized Income": "-114,963", "Interest Income": "82,352", "Interest Expense": "251,016", "Net Interest Income": "-168,664", "EBIT": "157,851", "EBITDA": "746,051", "Reconciled Cost of Revenue": "689,920", "Reconciled Depreciation": "588,200", "Net Income from Continuing Operation Net Minority Interest": "-102,318", "Total Unusual Items Excluding Goodwill": "17,322", "Total Unusual Items": "17,322", "Normalized EBITDA": "728,729", "Tax Rate for Calcs": "0", "Tax Effect of Unusual Items": "4,677"}, "12/31/2020": {"Duration": "12/31/2020", "Total Revenue": "1,887,907", "Cost of Revenue": "744,378", "Gross Profit": "1,143,529", "Operating Expense": "1,029,371", "Operating Income": "114,158", "Net Non Operating Interest Income Expense": "-107,945", "Other Income Expense": "-34,048", "Pretax Income": "-27,835", "Tax Provision": "24,069", "Net Income Common Stockholders": "-40,150", "Diluted NI Available to Com Stockholders": "-40,150", "Basic EPS": "-", "Diluted EPS": "-", "Basic Average Shares": "-", "Diluted Average Shares": "-", "Total Operating Income as Reported": "112,473", "Total Expenses": "1,773,749", "Net Income from Continuing & Discontinued Operation": "-40,150", "Normalized Income": "-20,458", "Interest Income": "39,982", "Interest Expense": "147,927", "Net Interest Income": "-107,945", "EBIT": "120,092", "EBITDA": "-", "Reconciled Cost of Revenue": "744,378", "Reconciled Depreciation": "525,011", "Net Income from Continuing Operation Net Minority Interest": "-40,150", "Total Unusual Items Excluding Goodwill": "-26,976", "Total Unusual Items": "-26,976", "Normalized EBITDA": "672,079", "Tax Rate for Calcs": "0", "Tax Effect of Unusual Items": "-7,284"}, "12/31/2019": {"Duration": "12/31/2019", "Total Revenue": "1,886,081", "Cost of Revenue": "787,355", "Gross Profit": "1,098,726", "Operating Expense": "1,025,649", "Operating Income": "73,077", "Net Non Operating Interest Income Expense": "-168,664", "Other Income Expense": "2,422", "Pretax Income": "-93,165", "Tax Provision": "20,488", "Net Income Common Stockholders": "-62,917", "Diluted NI Available to Com Stockholders": "-62,917", "Basic EPS": "-0.65", "Diluted EPS": "-0.65", "Basic Average Shares": "96,738", "Diluted Average Shares": "96,738", "Total Operating Income as Reported": "73,077", "Total Expenses": "1,813,004", "Net Income from Continuing & Discontinued Operation": "-62,917", "Normalized Income": "-114,963", "Interest Income": "82,352", "Interest Expense": "251,016", "Net Interest Income": "-168,664", "EBIT": "157,851", "EBITDA": "-", "Reconciled Cost of Revenue": "689,920", "Reconciled Depreciation": "588,200", "Net Income from Continuing Operation Net Minority Interest": "-102,318", "Total Unusual Items Excluding Goodwill": "17,322", "Total Unusual Items": "17,322", "Normalized EBITDA": "728,729", "Tax Rate for Calcs": "0", "Tax Effect of Unusual Items": "4,677"}, "12/31/2018": {"Duration": "12/31/2018", "Total Revenue": "2,091,363", "Cost of Revenue": "780,905", "Gross Profit": "1,310,458", "Operating Expense": "1,061,995", "Operating Income": "248,463", "Net Non Operating Interest Income Expense": "-168,293", "Other Income Expense": "-88,130", "Pretax Income": "-7,960", "Tax Provision": "30,673", "Net Income Common Stockholders": "-40,475", "Diluted NI Available to Com Stockholders": "-40,475", "Basic EPS": "-0.42", "Diluted EPS": "-0.42", "Basic Average Shares": "96,250", "Diluted Average Shares": "96,250", "Total Operating Income as Reported": "183,243", "Total Expenses": "1,842,900", "Net Income from Continuing & Discontinued Operation": "-40,475", "Normalized Income": "16,047", "Interest Income": "80,275", "Interest Expense": "248,568", "Net Interest Income": "-168,293", "EBIT": "240,608", "EBITDA": "-", "Reconciled Cost of Revenue": "780,905", "Reconciled Depreciation": "598,178", "Net Income from Continuing Operation Net Minority Interest": "-40,475", "Total Unusual Items Excluding Goodwill": "-77,427", "Total Unusual Items": "-77,427", "Normalized EBITDA": "916,213", "Tax Rate for Calcs": "0", "Tax Effect of Unusual Items": "-20,905"}}, "bs": {"12/31/2020": {"Duration": "12/31/2020", "Total Assets": "7,073,352", "Total Liabilities Net Minority Interest": "3,466,102", "Total Equity Gross Minority Interest": "3,607,250", "Total Capitalization": "5,037,590", "Common Stock Equity": "3,542,334", "Capital Lease Obligations": "129,585", "Net Tangible Assets": "2,416,881", "Working Capital": "1,482,915", "Invested Capital": "5,935,827", "Tangible Book Value": "2,416,881", "Total Debt": "2,523,078", "Net Debt": "1,497,488", "Share Issued": "104,941", "Ordinary Shares Number": "96,550", "Treasury Shares Number": "8,391"}, "12/31/2019": {"Duration": "12/31/2019", "Total Assets": "7,154,298", "Total Liabilities Net Minority Interest": "3,408,745", "Total Equity Gross Minority Interest": "3,745,553", "Total Capitalization": "6,059,538", "Common Stock Equity": "3,669,805", "Capital Lease Obligations": "111,592", "Net Tangible Assets": "2,552,961", "Working Capital": "2,340,195", "Invested Capital": "6,060,024", "Tangible Book Value": "2,552,961", "Total Debt": "2,501,811", "Net Debt": "870,788", "Share Issued": "104,279", "Ordinary Shares Number": "97,794", "Treasury Shares Number": "6,485"}, "12/31/2018": {"Duration": "12/31/2018", "Total Assets": "8,661,294", "Total Liabilities Net Minority Interest": "4,505,820", "Total Equity Gross Minority Interest": "4,155,474", "Total Capitalization": "6,713,403", "Common Stock Equity": "4,140,199", "Capital Lease Obligations": "-", "Net Tangible Assets": "3,096,141", "Working Capital": "2,235,712", "Invested Capital": "7,672,980", "Tangible Book Value": "3,096,141", "Total Debt": "3,532,781", "Net Debt": "2,604,475", "Share Issued": "101,830", "Ordinary Shares Number": "95,345", "Treasury Shares Number": "6,485"}}, "cf": {"TTM": {"Duration": "TTM", "Operating Cash Flow": "656,322", "Investing Cash Flow": "821,958", "Financing Cash Flow": "-885,311", "End Cash Position": "1,521,889", "Income Tax Paid Supplemental Data": "3,575", "Interest Paid Supplemental Data": "195,331", "Capital Expenditure": "-482,341", "Issuance of Debt": "-", "Repayment of Debt": "-950,270", "Repurchase of Capital Stock": "0", "Free Cash Flow": "173,981"}, "12/31/2020": {"Duration": "12/31/2020", "Operating Cash Flow": "534,388", "Investing Cash Flow": "-1,142,455", "Financing Cash Flow": "-15,620", "End Cash Position": "896,812", "Income Tax Paid Supplemental Data": "15,254", "Interest Paid Supplemental Data": "139,280", "Capital Expenditure": "-447,453", "Issuance of Debt": "-", "Repayment of Debt": "-811", "Repurchase of Capital Stock": "-43,458", "Free Cash Flow": "86,935"}, "12/31/2019": {"Duration": "12/31/2019", "Operating Cash Flow": "656,322", "Investing Cash Flow": "821,958", "Financing Cash Flow": "-885,311", "End Cash Position": "1,521,889", "Income Tax Paid Supplemental Data": "3,575", "Interest Paid Supplemental Data": "195,331", "Capital Expenditure": "-482,341", "Issuance of Debt": "-", "Repayment of Debt": "-950,270", "Repurchase of Capital Stock": "0", "Free Cash Flow": "173,981"}, "12/31/2018": {"Duration": "12/31/2018", "Operating Cash Flow": "734,522", "Investing Cash Flow": "-2,098,480", "Financing Cash Flow": "-136,563", "End Cash Position": "929,495", "Income Tax Paid Supplemental Data": "5,209", "Interest Paid Supplemental Data": "240,596", "Capital Expenditure": "-586,780", "Issuance of Debt": "0", "Repayment of Debt": "-111,192", "Repurchase of Capital Stock": "-33,292", "Free Cash Flow": "147,742"}}}}, {"COMM": {"quote": {"03/20/2021": {"value": "15.85", "Market Cap": "3.183B", "Beta (5Y Monthly)": "1.84", "PE Ratio (TTM)": "N/A", "EPS (TTM)": "-3.20", "Earnings Date": "May 05, 2021 - May 10, 2021", "Forward Dividend & Yield": "N/A (N/A)", "Ex-Dividend Date": "N/A", "1y Target Est": "16.50"}}, "fin": {"TTM": {"Duration": "TTM", "Total Revenue": "8,345,100", "Cost of Revenue": "5,941,000", "Gross Profit": "2,404,100", "Operating Expense": "2,448,800", "Operating Income": "-44,700", "Net Non Operating Interest Income Expense": "-559,100", "Other Income Expense": "-470,200", "Pretax Income": "-1,074,000", "Tax Provision": "-144,500", "Net Income Common Stockholders": "-973,200", "Diluted NI Available to Com Stockholders": "-973,200", "Basic EPS": "-", "Diluted EPS": "-", "Basic Average Shares": "-", "Diluted Average Shares": "-", "Total Operating Income as Reported": "-508,500", "Total Expenses": "8,389,800", "Net Income from Continuing & Discontinued Operation": "-929,500", "Normalized Income": "-518,019", "Interest Income": "18,100", "Interest Expense": "577,200", "Net Interest Income": "-559,100", "EBIT": "-496,800", "EBITDA": "274,100", "Reconciled Cost of Revenue": "5,763,300", "Reconciled Depreciation": "770,900", "Net Income from Continuing Operation Net Minority Interest": "-929,500", "Total Unusual Items Excluding Goodwill": "-475,700", "Total Unusual Items": "-475,700", "Normalized EBITDA": "749,800", "Tax Rate for Calcs": "0", "Tax Effect of Unusual Items": "-64,219"}, "12/31/2020": {"Duration": "12/31/2020", "Total Revenue": "8,435,900", "Cost of Revenue": "5,688,100", "Gross Profit": "2,747,800", "Operating Expense": "2,504,500", "Operating Income": "243,300", "Net Non Operating Interest Income Expense": "-573,400", "Other Income Expense": "-324,400", "Pretax Income": "-654,500", "Tax Provision": "-81,100", "Net Income Common Stockholders": "-629,500", "Diluted NI Available to Com Stockholders": "-629,500", "Basic EPS": "-", "Diluted EPS": "-", "Basic Average Shares": "-", "Diluted Average Shares": "-", "Total Operating Income as Reported": "-51,800", "Total Expenses": "8,192,600", "Net Income from Continuing & Discontinued Operation": "-573,400", "Normalized Income": "-314,892", "Interest Income": "4,400", "Interest Expense": "577,800", "Net Interest Income": "-573,400", "EBIT": "-76,700", "EBITDA": "-", "Reconciled Cost of Revenue": "5,495,300", "Reconciled Depreciation": "823,300", "Net Income from Continuing Operation Net Minority Interest": "-573,400", "Total Unusual Items Excluding Goodwill": "-295,100", "Total Unusual Items": "-295,100", "Normalized EBITDA": "1,041,700", "Tax Rate for Calcs": "0", "Tax Effect of Unusual Items": "-36,592"}, "12/31/2019": {"Duration": "12/31/2019", "Total Revenue": "8,345,100", "Cost of Revenue": "5,941,000", "Gross Profit": "2,404,100", "Operating Expense": "2,448,800", "Operating Income": "-44,700", "Net Non Operating Interest Income Expense": "-559,100", "Other Income Expense": "-470,200", "Pretax Income": "-1,074,000", "Tax Provision": "-144,500", "Net Income Common Stockholders": "-973,200", "Diluted NI Available to Com Stockholders": "-973,200", "Basic EPS": "-5.02", "Diluted EPS": "-5.02", "Basic Average Shares": "193,700", "Diluted Average Shares": "193,700", "Total Operating Income as Reported": "-508,500", "Total Expenses": "8,389,800", "Net Income from Continuing & Discontinued Operation": "-929,500", "Normalized Income": "-518,019", "Interest Income": "18,100", "Interest Expense": "577,200", "Net Interest Income": "-559,100", "EBIT": "-496,800", "EBITDA": "-", "Reconciled Cost of Revenue": "5,763,300", "Reconciled Depreciation": "770,900", "Net Income from Continuing Operation Net Minority Interest": "-929,500", "Total Unusual Items Excluding Goodwill": "-475,700", "Total Unusual Items": "-475,700", "Normalized EBITDA": "749,800", "Tax Rate for Calcs": "0", "Tax Effect of Unusual Items": "-64,219"}, "12/31/2018": {"Duration": "12/31/2018", "Total Revenue": "4,568,507", "Cost of Revenue": "2,880,223", "Gross Profit": "1,688,284", "Operating Expense": "1,179,291", "Operating Income": "508,993", "Net Non Operating Interest Income Expense": "-235,000", "Other Income Expense": "-103,281", "Pretax Income": "170,712", "Tax Provision": "30,495", "Net Income Common Stockholders": "140,217", "Diluted NI Available to Com Stockholders": "140,217", "Basic EPS": "0.73", "Diluted EPS": "0.72", "Basic Average Shares": "192,022", "Diluted Average Shares": "195,332", "Total Operating Income as Reported": "449,968", "Total Expenses": "4,059,514", "Net Income from Continuing & Discontinued Operation": "140,217", "Normalized Income": "188,677", "Interest Income": "7,017", "Interest Expense": "242,017", "Net Interest Income": "-235,000", "EBIT": "412,729", "EBITDA": "-", "Reconciled Cost of Revenue": "2,787,328", "Reconciled Depreciation": "357,458", "Net Income from Continuing Operation Net Minority Interest": "140,217", "Total Unusual Items Excluding Goodwill": "-59,025", "Total Unusual Items": "-59,025", "Normalized EBITDA": "829,212", "Tax Rate for Calcs": "0", "Tax Effect of Unusual Items": "-10,565"}}, "bs": {"12/31/2020": {"Duration": "12/31/2020", "Total Assets": "13,576,800", "Total Liabilities Net Minority Interest": "12,180,000", "Total Equity Gross Minority Interest": "1,396,800", "Total Capitalization": "10,885,400", "Preferred Stock Equity": "1,041,800", "Common Stock Equity": "355,000", "Capital Lease Obligations": "62,400", "Net Tangible Assets": "-7,540,100", "Working Capital": "1,401,100", "Invested Capital": "9,875,600", "Tangible Book Value": "-8,581,900", "Total Debt": "9,583,000", "Net Debt": "8,998,700", "Share Issued": "209,318", "Ordinary Shares Number": "200,095", "Treasury Shares Number": "9,223"}, "12/31/2019": {"Duration": "12/31/2019", "Total Assets": "14,431,600", "Total Liabilities Net Minority Interest": "12,595,300", "Total Equity Gross Minority Interest": "1,836,300", "Total Capitalization": "11,636,700", "Preferred Stock Equity": "1,000,000", "Common Stock Equity": "836,300", "Capital Lease Obligations": "61,700", "Net Tangible Assets": "-7,899,000", "Working Capital": "1,469,800", "Invested Capital": "10,668,700", "Tangible Book Value": "-8,899,000", "Total Debt": "9,894,100", "Net Debt": "9,234,200", "Share Issued": "201,975", "Ordinary Shares Number": "194,564", "Treasury Shares Number": "7,411"}, "12/31/2018": {"Duration": "12/31/2018", "Total Assets": "6,630,540", "Total Liabilities Net Minority Interest": "4,873,772", "Total Equity Gross Minority Interest": "1,756,768", "Total Capitalization": "5,742,672", "Preferred Stock Equity": "-", "Common Stock Equity": "1,756,768", "Capital Lease Obligations": "-", "Net Tangible Assets": "-2,447,541", "Working Capital": "1,187,203", "Invested Capital": "5,742,672", "Tangible Book Value": "-2,447,541", "Total Debt": "3,985,904", "Net Debt": "3,527,709", "Share Issued": "199,120", "Ordinary Shares Number": "192,376", "Treasury Shares Number": "6,744"}}, "cf": {"TTM": {"Duration": "TTM", "Operating Cash Flow": "596,400", "Investing Cash Flow": "-5,154,900", "Financing Cash Flow": "4,698,600", "End Cash Position": "598,200", "Income Tax Paid Supplemental Data": "-", "Interest Paid Supplemental Data": "-", "Capital Expenditure": "-104,100", "Issuance of Capital Stock": "1,000,000", "Issuance of Debt": "6,933,000", "Repayment of Debt": "-3,061,300", "Repurchase of Capital Stock": "0", "Free Cash Flow": "492,300"}, "12/31/2020": {"Duration": "12/31/2020", "Operating Cash Flow": "436,200", "Investing Cash Flow": "-120,200", "Financing Cash Flow": "-383,800", "End Cash Position": "521,900", "Income Tax Paid Supplemental Data": "-", "Interest Paid Supplemental Data": "-", "Capital Expenditure": "-121,200", "Issuance of Capital Stock": "-", "Issuance of Debt": "950,000", "Repayment of Debt": "-1,282,000", "Repurchase of Capital Stock": "-", "Free Cash Flow": "315,000"}, "12/31/2019": {"Duration": "12/31/2019", "Operating Cash Flow": "596,400", "Investing Cash Flow": "-5,154,900", "Financing Cash Flow": "4,698,600", "End Cash Position": "598,200", "Income Tax Paid Supplemental Data": "-", "Interest Paid Supplemental Data": "-", "Capital Expenditure": "-104,100", "Issuance of Capital Stock": "1,000,000", "Issuance of Debt": "6,933,000", "Repayment of Debt": "-3,061,300", "Repurchase of Capital Stock": "0", "Free Cash Flow": "492,300"}, "12/31/2018": {"Duration": "12/31/2018", "Operating Cash Flow": "494,144", "Investing Cash Flow": "-64,305", "Financing Cash Flow": "-409,577", "End Cash Position": "458,195", "Income Tax Paid Supplemental Data": "112,127", "Interest Paid Supplemental Data": "231,283", "Capital Expenditure": "-82,347", "Issuance of Capital Stock": "-", "Issuance of Debt": "150,000", "Repayment of Debt": "-550,000", "Repurchase of Capital Stock": "0", "Free Cash Flow": "411,797"}}}}, {"VCRA": {"quote": {"03/20/2021": {"value": "39.18", "Market Cap": "1.286B", "Beta (5Y Monthly)": "0.15", "PE Ratio (TTM)": "N/A", "EPS (TTM)": "-0.30", "Earnings Date": "Feb 11, 2021", "Forward Dividend & Yield": "N/A (N/A)", "Ex-Dividend Date": "N/A", "1y Target Est": "48.40"}}, "fin": {"TTM": {"Duration": "TTM", "Total Revenue": "188,453", "Cost of Revenue": "72,326", "Gross Profit": "116,127", "Operating Expense": "126,177", "Operating Income": "-10,050", "Net Non Operating Interest Income Expense": "-4,548", "Other Income Expense": "-511", "Pretax Income": "-15,109", "Tax Provision": "217", "Net Income Common Stockholders": "-15,326", "Diluted NI Available to Com Stockholders": "-15,326", "Basic EPS": "-", "Diluted EPS": "-", "Basic Average Shares": "-", "Diluted Average Shares": "-", "Total Operating Income as Reported": "-10,050", "Total Expenses": "198,503", "Net Income from Continuing & Discontinued Operation": "-15,326", "Normalized Income": "-15,326", "Interest Income": "4,532", "Interest Expense": "8,052", "Net Interest Income": "-4,548", "EBIT": "-7,057", "EBITDA": "-764", "Reconciled Cost of Revenue": "72,326", "Reconciled Depreciation": "6,293", "Net Income from Continuing Operation Net Minority Interest": "-15,326", "Normalized EBITDA": "-764", "Tax Rate for Calcs": "0", "Tax Effect of Unusual Items": "0"}, "12/31/2020": {"Duration": "12/31/2020", "Total Revenue": "198,420", "Cost of Revenue": "69,803", "Gross Profit": "128,617", "Operating Expense": "132,696", "Operating Income": "-4,079", "Net Non Operating Interest Income Expense": "-6,185", "Other Income Expense": "-640", "Pretax Income": "-10,904", "Tax Provision": "-1,248", "Net Income Common Stockholders": "-9,656", "Diluted NI Available to Com Stockholders": "-9,656", "Basic EPS": "-", "Diluted EPS": "-", "Basic Average Shares": "-", "Diluted Average Shares": "-", "Total Operating Income as Reported": "-4,079", "Total Expenses": "202,499", "Net Income from Continuing & Discontinued Operation": "-9,656", "Normalized Income": "-9,656", "Interest Income": "3,169", "Interest Expense": "8,625", "Net Interest Income": "-6,185", "EBIT": "-2,279", "EBITDA": "-", "Reconciled Cost of Revenue": "69,803", "Reconciled Depreciation": "6,387", "Net Income from Continuing Operation Net Minority Interest": "-9,656", "Normalized EBITDA": "4,108", "Tax Rate for Calcs": "0", "Tax Effect of Unusual Items": "0"}, "12/31/2019": {"Duration": "12/31/2019", "Total Revenue": "180,501", "Cost of Revenue": "71,402", "Gross Profit": "109,099", "Operating Expense": "123,222", "Operating Income": "-14,123", "Net Non Operating Interest Income Expense": "-3,679", "Other Income Expense": "-158", "Pretax Income": "-17,960", "Tax Provision": "20", "Net Income Common Stockholders": "-17,980", "Diluted NI Available to Com Stockholders": "-17,980", "Basic EPS": "-0.57", "Diluted EPS": "-0.57", "Basic Average Shares": "31,273", "Diluted Average Shares": "31,273", "Total Operating Income as Reported": "-14,123", "Total Expenses": "194,624", "Net Income from Continuing & Discontinued Operation": "-17,980", "Normalized Income": "-17,980", "Interest Income": "5,110", "Interest Expense": "8,116", "Net Interest Income": "-3,679", "EBIT": "-9,844", "EBITDA": "-", "Reconciled Cost of Revenue": "71,402", "Reconciled Depreciation": "7,289", "Net Income from Continuing Operation Net Minority Interest": "-17,980", "Normalized EBITDA": "-2,555", "Tax Rate for Calcs": "0", "Tax Effect of Unusual Items": "0"}, "12/31/2018": {"Duration": "12/31/2018", "Total Revenue": "179,630", "Cost of Revenue": "67,743", "Gross Profit": "111,887", "Operating Expense": "118,192", "Operating Income": "-6,305", "Net Non Operating Interest Income Expense": "-2,197", "Other Income Expense": "-1,523", "Pretax Income": "-10,025", "Tax Provision": "-351", "Net Income Common Stockholders": "-9,674", "Diluted NI Available to Com Stockholders": "-9,674", "Basic EPS": "-0.32", "Diluted EPS": "-0.32", "Basic Average Shares": "30,041", "Diluted Average Shares": "30,041", "Total Operating Income as Reported": "-6,305", "Total Expenses": "185,935", "Net Income from Continuing & Discontinued Operation": "-9,674", "Normalized Income": "-9,674", "Interest Income": "3,044", "Interest Expense": "4,846", "Net Interest Income": "-2,197", "EBIT": "-5,179", "EBITDA": "-", "Reconciled Cost of Revenue": "67,743", "Reconciled Depreciation": "7,662", "Net Income from Continuing Operation Net Minority Interest": "-9,674", "Normalized EBITDA": "2,483", "Tax Rate for Calcs": "0", "Tax Effect of Unusual Items": "0"}}, "bs": {"12/31/2020": {"Duration": "12/31/2020", "Total Assets": "406,821", "Total Liabilities Net Minority Interest": "225,805", "Total Equity Gross Minority Interest": "181,016", "Total Capitalization": "305,392", "Common Stock Equity": "181,016", "Capital Lease Obligations": "3,563", "Net Tangible Assets": "99,060", "Working Capital": "217,395", "Invested Capital": "305,392", "Tangible Book Value": "99,060", "Total Debt": "127,939", "Net Debt": "89,400", "Share Issued": "32,693", "Ordinary Shares Number": "32,693"}, "12/31/2019": {"Duration": "12/31/2019", "Total Assets": "370,455", "Total Liabilities Net Minority Interest": "206,630", "Total Equity Gross Minority Interest": "163,825", "Total Capitalization": "281,003", "Common Stock Equity": "163,825", "Capital Lease Obligations": "3,356", "Net Tangible Assets": "109,118", "Working Capital": "217,626", "Invested Capital": "281,003", "Tangible Book Value": "109,118", "Total Debt": "120,534", "Net Debt": "91,474", "Share Issued": "31,661", "Ordinary Shares Number": "31,661"}, "12/31/2018": {"Duration": "12/31/2018", "Total Assets": "352,098", "Total Liabilities Net Minority Interest": "189,231", "Total Equity Gross Minority Interest": "162,867", "Total Capitalization": "273,407", "Common Stock Equity": "162,867", "Capital Lease Obligations": "956", "Net Tangible Assets": "104,551", "Working Capital": "213,331", "Invested Capital": "273,407", "Tangible Book Value": "104,551", "Total Debt": "111,496", "Net Debt": "76,264", "Share Issued": "30,708", "Ordinary Shares Number": "30,708"}}, "cf": {"TTM": {"Duration": "TTM", "Operating Cash Flow": "22,558", "Investing Cash Flow": "-37,799", "Financing Cash Flow": "-274", "End Cash Position": "29,386", "Income Tax Paid Supplemental Data": "407", "Interest Paid Supplemental Data": "2,156", "Capital Expenditure": "-4,225", "Issuance of Debt": "1,396", "Free Cash Flow": "18,333"}, "12/31/2020": {"Duration": "12/31/2020", "Operating Cash Flow": "26,858", "Investing Cash Flow": "-20,441", "Financing Cash Flow": "2,855", "End Cash Position": "34,976", "Income Tax Paid Supplemental Data": "407", "Interest Paid Supplemental Data": "2,156", "Capital Expenditure": "-4,236", "Issuance of Debt": "2,027", "Free Cash Flow": "22,622"}, "12/31/2019": {"Duration": "12/31/2019", "Operating Cash Flow": "15,778", "Investing Cash Flow": "-20,536", "Financing Cash Flow": "-3,814", "End Cash Position": "25,704", "Income Tax Paid Supplemental Data": "345", "Interest Paid Supplemental Data": "2,156", "Capital Expenditure": "-4,576", "Issuance of Debt": "1,735", "Free Cash Flow": "11,202"}, "12/31/2018": {"Duration": "12/31/2018", "Operating Cash Flow": "14,298", "Investing Cash Flow": "-139,533", "Financing Cash Flow": "130,785", "End Cash Position": "34,276", "Income Tax Paid Supplemental Data": "216", "Interest Paid Supplemental Data": "1,066", "Capital Expenditure": "-4,892", "Issuance of Debt": "139,194", "Free Cash Flow": "9,406"}}}}, {"KN": {"quote": {"03/20/2021": {"value": "21.22", "Market Cap": "1.967B", "Beta (5Y Monthly)": "1.44", "PE Ratio (TTM)": "303.14", "EPS (TTM)": "0.07", "Earnings Date": "May 03, 2021 - May 07, 2021", "Forward Dividend & Yield": "N/A (N/A)", "Ex-Dividend Date": "N/A", "1y Target Est": "24.67"}}, "fin": {"TTM": {"Duration": "TTM", "Total Revenue": "785,100", "Cost of Revenue": "498,000", "Gross Profit": "287,100", "Operating Expense": "231,900", "Operating Income": "55,200", "Net Non Operating Interest Income Expense": "-15,200", "Other Income Expense": "-11,900", "Pretax Income": "28,100", "Tax Provision": "13,900", "Net Income Common Stockholders": "17,300", "Diluted NI Available to Com Stockholders": "17,300", "Basic EPS": "-", "Diluted EPS": "-", "Basic Average Shares": "-", "Diluted Average Shares": "-", "Total Operating Income as Reported": "42,400", "Total Expenses": "729,900", "Net Income from Continuing & Discontinued Operation": "17,300", "Normalized Income": "23,544", "Interest Income": "700", "Interest Expense": "16,000", "Net Interest Income": "-15,200", "EBIT": "44,100", "EBITDA": "102,000", "Reconciled Cost of Revenue": "498,000", "Reconciled Depreciation": "57,900", "Net Income from Continuing Operation Net Minority Interest": "14,200", "Total Unusual Items Excluding Goodwill": "-12,800", "Total Unusual Items": "-12,800", "Normalized EBITDA": "114,800", "Tax Rate for Calcs": "0", "Tax Effect of Unusual Items": "-3,456"}, "12/31/2020": {"Duration": "12/31/2020", "Total Revenue": "764,300", "Cost of Revenue": "493,100", "Gross Profit": "271,200", "Operating Expense": "224,400", "Operating Income": "46,800", "Net Non Operating Interest Income Expense": "-16,400", "Other Income Expense": "-19,100", "Pretax Income": "11,300", "Tax Provision": "8,400", "Net Income Common Stockholders": "6,600", "Diluted NI Available to Com Stockholders": "6,600", "Basic EPS": "-", "Diluted EPS": "-", "Basic Average Shares": "-", "Diluted Average Shares": "-", "Total Operating Income as Reported": "29,200", "Total Expenses": "717,500", "Net Income from Continuing & Discontinued Operation": "6,600", "Normalized Income": "15,748", "Interest Income": "700", "Interest Expense": "17,100", "Net Interest Income": "-16,400", "EBIT": "28,400", "EBITDA": "-", "Reconciled Cost of Revenue": "493,100", "Reconciled Depreciation": "60,600", "Net Income from Continuing Operation Net Minority Interest": "2,900", "Total Unusual Items Excluding Goodwill": "-17,600", "Total Unusual Items": "-17,600", "Normalized EBITDA": "106,600", "Tax Rate for Calcs": "0", "Tax Effect of Unusual Items": "-4,752"}, "12/31/2019": {"Duration": "12/31/2019", "Total Revenue": "854,800", "Cost of Revenue": "526,800", "Gross Profit": "328,000", "Operating Expense": "242,500", "Operating Income": "85,500", "Net Non Operating Interest Income Expense": "-14,500", "Other Income Expense": "-4,700", "Pretax Income": "66,300", "Tax Provision": "16,600", "Net Income Common Stockholders": "49,100", "Diluted NI Available to Com Stockholders": "49,100", "Basic EPS": "0.54", "Diluted EPS": "0.53", "Basic Average Shares": "91,156", "Diluted Average Shares": "93,439", "Total Operating Income as Reported": "81,200", "Total Expenses": "769,300", "Net Income from Continuing & Discontinued Operation": "49,100", "Normalized Income": "52,925", "Interest Income": "800", "Interest Expense": "15,300", "Net Interest Income": "-14,500", "EBIT": "81,600", "EBITDA": "-", "Reconciled Cost of Revenue": "526,800", "Reconciled Depreciation": "54,400", "Net Income from Continuing Operation Net Minority Interest": "49,700", "Total Unusual Items Excluding Goodwill": "-4,300", "Total Unusual Items": "-4,300", "Normalized EBITDA": "140,300", "Tax Rate for Calcs": "0", "Tax Effect of Unusual Items": "-1,075"}, "12/31/2018": {"Duration": "12/31/2018", "Total Revenue": "826,900", "Cost of Revenue": "504,300", "Gross Profit": "322,600", "Operating Expense": "243,100", "Operating Income": "79,500", "Net Non Operating Interest Income Expense": "-16,000", "Other Income Expense": "-2,400", "Pretax Income": "61,100", "Tax Provision": "-4,500", "Net Income Common Stockholders": "67,700", "Diluted NI Available to Com Stockholders": "67,700", "Basic EPS": "0.75", "Diluted EPS": "0.74", "Basic Average Shares": "90,050", "Diluted Average Shares": "91,195", "Total Operating Income as Reported": "77,800", "Total Expenses": "747,400", "Net Income from Continuing & Discontinued Operation": "67,700", "Normalized Income": "66,841", "Interest Income": "600", "Interest Expense": "16,600", "Net Interest Income": "-16,000", "EBIT": "77,700", "EBITDA": "-", "Reconciled Cost of Revenue": "504,300", "Reconciled Depreciation": "52,400", "Net Income from Continuing Operation Net Minority Interest": "65,600", "Total Unusual Items Excluding Goodwill": "-1,700", "Total Unusual Items": "-1,700", "Normalized EBITDA": "131,800", "Tax Rate for Calcs": "0", "Tax Effect of Unusual Items": "-459"}}, "bs": {"12/31/2020": {"Duration": "12/31/2020", "Total Assets": "1,654,900", "Total Liabilities Net Minority Interest": "351,400", "Total Equity Gross Minority Interest": "1,303,500", "Total Capitalization": "1,303,500", "Common Stock Equity": "1,303,500", "Capital Lease Obligations": "37,000", "Net Tangible Assets": "314,800", "Working Capital": "122,300", "Invested Capital": "1,468,600", "Tangible Book Value": "314,800", "Total Debt": "202,100", "Net Debt": "17,300", "Share Issued": "92,690", "Ordinary Shares Number": "91,612", "Treasury Shares Number": "1,078"}, "12/31/2019": {"Duration": "12/31/2019", "Total Assets": "1,654,600", "Total Liabilities Net Minority Interest": "366,100", "Total Equity Gross Minority Interest": "1,288,500", "Total Capitalization": "1,445,300", "Common Stock Equity": "1,288,500", "Capital Lease Obligations": "43,700", "Net Tangible Assets": "286,900", "Working Capital": "236,900", "Invested Capital": "1,445,300", "Tangible Book Value": "286,900", "Total Debt": "200,500", "Net Debt": "78,400", "Share Issued": "91,702", "Ordinary Shares Number": "91,702", "Treasury Shares Number": "-"}, "12/31/2018": {"Duration": "12/31/2018", "Total Assets": "1,547,900", "Total Liabilities Net Minority Interest": "336,300", "Total Equity Gross Minority Interest": "1,211,600", "Total Capitalization": "1,369,700", "Common Stock Equity": "1,211,600", "Capital Lease Obligations": "12,500", "Net Tangible Assets": "267,000", "Working Capital": "223,200", "Invested Capital": "1,369,700", "Tangible Book Value": "267,000", "Total Debt": "170,600", "Net Debt": "84,600", "Share Issued": "90,213", "Ordinary Shares Number": "90,213", "Treasury Shares Number": "-"}}, "cf": {"TTM": {"Duration": "TTM", "Operating Cash Flow": "138,000", "Investing Cash Flow": "-89,200", "Financing Cash Flow": "66,100", "Cash Flow from Discontinued Operation": "-", "End Cash Position": "168,500", "Income Tax Paid Supplemental Data": "13,400", "Interest Paid Supplemental Data": "7,800", "Capital Expenditure": "-31,300", "Issuance of Debt": "100,000", "Repayment of Debt": "-20,700", "Repurchase of Capital Stock": "-16,200", "Free Cash Flow": "106,700"}, "12/31/2020": {"Duration": "12/31/2020", "Operating Cash Flow": "128,100", "Investing Cash Flow": "-35,100", "Financing Cash Flow": "-23,900", "Cash Flow from Discontinued Operation": "-", "End Cash Position": "147,800", "Income Tax Paid Supplemental Data": "16,800", "Interest Paid Supplemental Data": "8,100", "Capital Expenditure": "-31,900", "Issuance of Debt": "100,000", "Repayment of Debt": "-102,000", "Repurchase of Capital Stock": "-16,200", "Free Cash Flow": "96,200"}, "12/31/2019": {"Duration": "12/31/2019", "Operating Cash Flow": "123,900", "Investing Cash Flow": "-110,500", "Financing Cash Flow": "-8,500", "Cash Flow from Discontinued Operation": "-", "End Cash Position": "78,400", "Income Tax Paid Supplemental Data": "12,100", "Interest Paid Supplemental Data": "7,500", "Capital Expenditure": "-41,200", "Issuance of Debt": "10,000", "Repayment of Debt": "-20,700", "Repurchase of Capital Stock": "-", "Free Cash Flow": "82,700"}, "12/31/2018": {"Duration": "12/31/2018", "Operating Cash Flow": "98,500", "Investing Cash Flow": "-88,000", "Financing Cash Flow": "-48,600", "Cash Flow from Discontinued Operation": "0", "End Cash Position": "73,500", "Income Tax Paid Supplemental Data": "18,000", "Interest Paid Supplemental Data": "9,000", "Capital Expenditure": "-80,100", "Issuance of Debt": "6,000", "Repayment of Debt": "-49,400", "Repurchase of Capital Stock": "-", "Free Cash Flow": "18,400"}}}}, {"CMTL": {"quote": {"03/20/2021": {"value": "27.57", "Market Cap": "718.3M", "Beta (5Y Monthly)": "2.02", "PE Ratio (TTM)": "N/A", "EPS (TTM)": "-3.36", "Earnings Date": "Jun 01, 2021 - Jun 07, 2021", "Forward Dividend & Yield": "0.40 (1.46%)", "Ex-Dividend Date": "Apr 20, 2021", "1y Target Est": "31.20"}}, "fin": {"TTM": {"Duration": "TTM", "Total Revenue": "581,304", "Cost of Revenue": "372,752", "Gross Profit": "208,552", "Operating Expense": "182,306", "Operating Income": "26,246", "Net Non Operating Interest Income Expense": "-6,230", "Other Income Expense": "-106,880", "Pretax Income": "-86,864", "Tax Provision": "-2,366", "Net Income Common Stockholders": "-84,498", "Diluted NI Available to Com Stockholders": "-84,498", "Basic EPS": "-", "Diluted EPS": "-", "Basic Average Shares": "-", "Diluted Average Shares": "-", "Total Operating Income as Reported": "-80,634", "Total Expenses": "555,058", "Net Income from Continuing & Discontinued Operation": "-84,498", "Normalized Income": "19,471", "Interest Income": "119", "Interest Expense": "9,245", "Net Interest Income": "-6,230", "EBIT": "-80,515", "EBITDA": "-48,796", "Reconciled Cost of Revenue": "362,554", "Reconciled Depreciation": "31,719", "Net Income from Continuing Operation Net Minority Interest": "-84,498", "Total Unusual Items Excluding Goodwill": "-106,880", "Total Unusual Items": "-106,880", "Normalized EBITDA": "58,084", "Tax Rate for Calcs": "0", "Tax Effect of Unusual Items": "-2,911"}, "7/31/2020": {"Duration": "7/31/2020", "Total Revenue": "616,715", "Cost of Revenue": "389,882", "Gross Profit": "226,833", "Operating Expense": "190,905", "Operating Income": "35,928", "Net Non Operating Interest Income Expense": "-5,864", "Other Income Expense": "-20,754", "Pretax Income": "9,310", "Tax Provision": "2,290", "Net Income Common Stockholders": "7,020", "Diluted NI Available to Com Stockholders": "7,020", "Basic EPS": "0.28", "Diluted EPS": "0.28", "Basic Average Shares": "24,798", "Diluted Average Shares": "24,899", "Total Operating Income as Reported": "15,174", "Total Expenses": "580,787", "Net Income from Continuing & Discontinued Operation": "7,020", "Normalized Income": "22,669", "Interest Income": "190", "Interest Expense": "6,054", "Net Interest Income": "-5,864", "EBIT": "15,364", "EBITDA": "-", "Reconciled Cost of Revenue": "379,321", "Reconciled Depreciation": "32,156", "Net Income from Continuing Operation Net Minority Interest": "7,020", "Total Unusual Items Excluding Goodwill": "-20,754", "Total Unusual Items": "-20,754", "Normalized EBITDA": "68,274", "Tax Rate for Calcs": "0", "Tax Effect of Unusual Items": "-5,105"}, "7/31/2019": {"Duration": "7/31/2019", "Total Revenue": "671,797", "Cost of Revenue": "424,357", "Gross Profit": "247,440", "Operating Expense": "203,366", "Operating Income": "44,074", "Net Non Operating Interest Income Expense": "-9,280", "Other Income Expense": "-5,884", "Pretax Income": "28,910", "Tax Provision": "3,869", "Net Income Common Stockholders": "25,041", "Diluted NI Available to Com Stockholders": "25,041", "Basic EPS": "1.04", "Diluted EPS": "1.03", "Basic Average Shares": "24,124", "Diluted Average Shares": "24,302", "Total Operating Income as Reported": "41,407", "Total Expenses": "627,723", "Net Income from Continuing & Discontinued Operation": "25,041", "Normalized Income": "30,137", "Interest Income": "-35", "Interest Expense": "9,280", "Net Interest Income": "-9,280", "EBIT": "38,190", "EBITDA": "-", "Reconciled Cost of Revenue": "412,430", "Reconciled Depreciation": "30,247", "Net Income from Continuing Operation Net Minority Interest": "25,041", "Total Unusual Items Excluding Goodwill": "-5,884", "Total Unusual Items": "-5,884", "Normalized EBITDA": "74,321", "Tax Rate for Calcs": "0", "Tax Effect of Unusual Items": "-788.456"}, "7/31/2018": {"Duration": "7/31/2018", "Total Revenue": "570,589", "Cost of Revenue": "346,648", "Gross Profit": "223,941", "Operating Expense": "188,866", "Operating Income": "35,075", "Net Non Operating Interest Income Expense": "-10,449", "Other Income Expense": "-", "Pretax Income": "24,626", "Tax Provision": "-5,143", "Net Income Common Stockholders": "29,769", "Diluted NI Available to Com Stockholders": "29,769", "Basic EPS": "1.25", "Diluted EPS": "1.24", "Basic Average Shares": "23,825", "Diluted Average Shares": "24,040", "Total Operating Income as Reported": "35,075", "Total Expenses": "535,514", "Net Income from Continuing & Discontinued Operation": "29,769", "Normalized Income": "29,769", "Interest Income": "-254", "Interest Expense": "10,449", "Net Interest Income": "-10,449", "EBIT": "35,075", "EBITDA": "-", "Reconciled Cost of Revenue": "332,993", "Reconciled Depreciation": "34,730", "Net Income from Continuing Operation Net Minority Interest": "29,769", "Total Unusual Items Excluding Goodwill": "0", "Total Unusual Items": "0", "Normalized EBITDA": "69,805", "Tax Rate for Calcs": "0", "Tax Effect of Unusual Items": "0"}}, "bs": {"7/31/2020": {"Duration": "7/31/2020", "Total Assets": "929,647", "Total Liabilities Net Minority Interest": "380,348", "Total Equity Gross Minority Interest": "549,299", "Total Capitalization": "698,799", "Common Stock Equity": "549,299", "Capital Lease Obligations": "32,413", "Net Tangible Assets": "-39,239", "Working Capital": "117,385", "Invested Capital": "698,799", "Tangible Book Value": "-39,239", "Total Debt": "181,913", "Net Debt": "101,622", "Share Issued": "39,924", "Ordinary Shares Number": "24,891", "Treasury Shares Number": "15,033"}, "7/31/2019": {"Duration": "7/31/2019", "Total Assets": "887,711", "Total Liabilities Net Minority Interest": "352,629", "Total Equity Gross Minority Interest": "535,082", "Total Capitalization": "700,082", "Common Stock Equity": "535,082", "Capital Lease Obligations": "757", "Net Tangible Assets": "-37,297", "Working Capital": "134,967", "Invested Capital": "700,082", "Tangible Book Value": "-37,297", "Total Debt": "165,757", "Net Debt": "119,424", "Share Issued": "39,276", "Ordinary Shares Number": "24,243", "Treasury Shares Number": "15,033"}, "7/31/2018": {"Duration": "7/31/2018", "Total Assets": "845,157", "Total Liabilities Net Minority Interest": "339,473", "Total Equity Gross Minority Interest": "505,684", "Total Capitalization": "653,771", "Common Stock Equity": "505,684", "Capital Lease Obligations": "2,601", "Net Tangible Assets": "-25,745", "Working Capital": "114,477", "Invested Capital": "670,982", "Tangible Book Value": "-25,745", "Total Debt": "167,899", "Net Debt": "121,814", "Share Issued": "38,861", "Ordinary Shares Number": "23,827", "Treasury Shares Number": "15,033"}}, "cf": {"TTM": {"Duration": "TTM", "Operating Cash Flow": "-41,875", "Investing Cash Flow": "-10,947", "Financing Cash Flow": "37,285", "End Cash Position": "30,934", "Income Tax Paid Supplemental Data": "-", "Interest Paid Supplemental Data": "5,555", "Capital Expenditure": "-8,403", "Issuance of Capital Stock": "-", "Issuance of Debt": "-", "Repayment of Debt": "-170,630", "Repurchase of Capital Stock": "-", "Free Cash Flow": "-50,278"}, "7/31/2020": {"Duration": "7/31/2020", "Operating Cash Flow": "52,764", "Investing Cash Flow": "-20,184", "Financing Cash Flow": "-30,278", "End Cash Position": "47,878", "Income Tax Paid Supplemental Data": "2,875", "Interest Paid Supplemental Data": "5,549", "Capital Expenditure": "-7,225", "Issuance of Capital Stock": "-", "Issuance of Debt": "-", "Repayment of Debt": "-16,305", "Repurchase of Capital Stock": "-", "Free Cash Flow": "45,539"}, "7/31/2019": {"Duration": "7/31/2019", "Operating Cash Flow": "68,031", "Investing Cash Flow": "-44,668", "Financing Cash Flow": "-21,271", "End Cash Position": "45,576", "Income Tax Paid Supplemental Data": "2,005", "Interest Paid Supplemental Data": "7,669", "Capital Expenditure": "-8,785", "Issuance of Capital Stock": "-", "Issuance of Debt": "165,000", "Repayment of Debt": "-170,630", "Repurchase of Capital Stock": "-", "Free Cash Flow": "59,246"}, "7/31/2018": {"Duration": "7/31/2018", "Operating Cash Flow": "50,344", "Investing Cash Flow": "-8,642", "Financing Cash Flow": "-40,062", "End Cash Position": "43,484", "Income Tax Paid Supplemental Data": "-1,112", "Interest Paid Supplemental Data": "-7,291", "Capital Expenditure": "-8,642", "Issuance of Capital Stock": "0", "Issuance of Debt": "0", "Repayment of Debt": "-30,562", "Repurchase of Capital Stock": "-", "Free Cash Flow": "41,702"}}}}, {"CLRO": {"quote": {"03/20/2021": {"value": "3.9800", "Market Cap": "74.692M", "Beta (5Y Monthly)": "1.48", "PE Ratio (TTM)": "N/A", "EPS (TTM)": "-0.4200", "Earnings Date": "Nov 24, 2020", "Forward Dividend & Yield": "N/A (N/A)", "Ex-Dividend Date": "Mar 06, 2018", "1y Target Est": "N/A"}}, "fin": {"TTM": {"Duration": "TTM", "Total Revenue": "26,828", "Cost of Revenue": "14,839", "Gross Profit": "11,989", "Operating Expense": "18,708", "Operating Income": "-6,719", "Other Income Expense": "45", "Pretax Income": "-6,999", "Tax Provision": "30", "Net Income Common Stockholders": "-7,029", "Diluted NI Available to Com Stockholders": "-7,029", "Basic EPS": "-", "Diluted EPS": "-", "Basic Average Shares": "-", "Diluted Average Shares": "-", "Total Operating Income as Reported": "-6,719", "Total Expenses": "33,547", "Net Income from Continuing & Discontinued Operation": "-7,029", "Normalized Income": "-7,029", "EBIT": "-6,884", "EBITDA": "-4,178", "Reconciled Cost of Revenue": "14,839", "Reconciled Depreciation": "2,706", "Net Income from Continuing Operation Net Minority Interest": "-7,029", "Total Unusual Items Excluding Goodwill": "-", "Total Unusual Items": "-", "Normalized EBITDA": "-4,178", "Tax Rate for Calcs": "0", "Tax Effect of Unusual Items": "0"}, "12/31/2019": {"Duration": "12/31/2019", "Total Revenue": "25,042", "Cost of Revenue": "13,849", "Gross Profit": "11,193", "Operating Expense": "19,755", "Operating Income": "-8,562", "Other Income Expense": "210", "Pretax Income": "-8,352", "Tax Provision": "56", "Net Income Common Stockholders": "-8,408", "Diluted NI Available to Com Stockholders": "-8,408", "Basic EPS": "-0.51", "Diluted EPS": "-0.51", "Basic Average Shares": "16,639", "Diluted Average Shares": "16,639", "Total Operating Income as Reported": "-8,562", "Total Expenses": "33,604", "Net Income from Continuing & Discontinued Operation": "-8,408", "Normalized Income": "-8,408", "EBIT": "-8,562", "EBITDA": "-", "Reconciled Cost of Revenue": "13,849", "Reconciled Depreciation": "2,475", "Net Income from Continuing Operation Net Minority Interest": "-8,408", "Total Unusual Items Excluding Goodwill": "-", "Total Unusual Items": "-", "Normalized EBITDA": "-6,087", "Tax Rate for Calcs": "0", "Tax Effect of Unusual Items": "0"}, "12/31/2018": {"Duration": "12/31/2018", "Total Revenue": "28,156", "Cost of Revenue": "14,785", "Gross Profit": "13,371", "Operating Expense": "23,698", "Operating Income": "-10,327", "Other Income Expense": "80", "Pretax Income": "-10,247", "Tax Provision": "6,440", "Net Income Common Stockholders": "-16,687", "Diluted NI Available to Com Stockholders": "-16,687", "Basic EPS": "-1.87", "Diluted EPS": "-1.87", "Basic Average Shares": "8,943", "Diluted Average Shares": "8,943", "Total Operating Income as Reported": "-10,327", "Total Expenses": "38,483", "Net Income from Continuing & Discontinued Operation": "-16,687", "Normalized Income": "-16,687", "EBIT": "-10,327", "EBITDA": "-", "Reconciled Cost of Revenue": "14,785", "Reconciled Depreciation": "1,590", "Net Income from Continuing Operation Net Minority Interest": "-16,687", "Total Unusual Items Excluding Goodwill": "0", "Total Unusual Items": "0", "Normalized EBITDA": "-8,737", "Tax Rate for Calcs": "0", "Tax Effect of Unusual Items": "0"}}, "bs": {"12/31/2019": {"Duration": "12/31/2019", "Total Assets": "55,110", "Total Liabilities Net Minority Interest": "10,632", "Total Equity Gross Minority Interest": "44,478", "Total Capitalization": "46,700", "Common Stock Equity": "44,478", "Capital Lease Obligations": "2,598", "Net Tangible Assets": "30,469", "Working Capital": "18,934", "Invested Capital": "46,700", "Tangible Book Value": "30,469", "Total Debt": "4,820", "Share Issued": "16,651", "Ordinary Shares Number": "16,651"}, "12/31/2018": {"Duration": "12/31/2018", "Total Assets": "58,915", "Total Liabilities Net Minority Interest": "6,714", "Total Equity Gross Minority Interest": "52,201", "Total Capitalization": "52,201", "Common Stock Equity": "52,201", "Capital Lease Obligations": "-", "Net Tangible Assets": "41,952", "Working Capital": "28,357", "Invested Capital": "52,201", "Tangible Book Value": "41,952", "Total Debt": "-", "Share Issued": "16,631", "Ordinary Shares Number": "16,631"}}, "cf": {"TTM": {"Duration": "TTM", "Operating Cash Flow": "1,605", "Investing Cash Flow": "-6,946", "Financing Cash Flow": "8,931", "End Cash Position": "5,600", "Income Tax Paid Supplemental Data": "23", "Capital Expenditure": "-7,818", "Issuance of Capital Stock": "4,764", "Issuance of Debt": "4,153", "Repurchase of Capital Stock": "-", "Free Cash Flow": "-6,213"}, "12/31/2019": {"Duration": "12/31/2019", "Operating Cash Flow": "-4,656", "Investing Cash Flow": "-5,127", "Financing Cash Flow": "2,677", "End Cash Position": "4,064", "Income Tax Paid Supplemental Data": "1", "Capital Expenditure": "-5,367", "Issuance of Capital Stock": "0", "Issuance of Debt": "2,654", "Repurchase of Capital Stock": "0", "Free Cash Flow": "-10,023"}, "12/31/2018": {"Duration": "12/31/2018", "Operating Cash Flow": "-6,621", "Investing Cash Flow": "3,151", "Financing Cash Flow": "9,192", "End Cash Position": "11,211", "Income Tax Paid Supplemental Data": "11", "Capital Expenditure": "-5,135", "Issuance of Capital Stock": "9,883", "Issuance of Debt": "-", "Repurchase of Capital Stock": "-147", "Free Cash Flow": "-11,756"}}}}, {"TCCO": {"quote": {"03/20/2021": {"value": "3.2500", "Market Cap": "6.014M", "Beta (5Y Monthly)": "2.07", "PE Ratio (TTM)": "N/A", "EPS (TTM)": "-0.4200", "Earnings Date": "Feb 05, 2021", "Forward Dividend & Yield": "N/A (N/A)", "Ex-Dividend Date": "Dec 18, 2012", "1y Target Est": "N/A"}}, "fin": {"TTM": {"Duration": "TTM", "Total Revenue": "3,609", "Cost of Revenue": "1,410", "Gross Profit": "2,199", "Operating Expense": "2,970", "Operating Income": "-771.164", "Other Income Expense": "-", "Pretax Income": "-772.287", "Tax Provision": "-", "Net Income Common Stockholders": "-772.287", "Diluted NI Available to Com Stockholders": "-772.287", "Basic EPS": "-", "Diluted EPS": "-", "Basic Average Shares": "-", "Diluted Average Shares": "-", "Total Operating Income as Reported": "-1,246", "Total Expenses": "4,380", "Net Income from Continuing & Discontinued Operation": "-772.287", "Normalized Income": "-772.287", "EBIT": "-771.381", "EBITDA": "-751.315", "Reconciled Cost of Revenue": "1,410", "Reconciled Depreciation": "20.066", "Net Income from Continuing Operation Net Minority Interest": "-772.287", "Total Unusual Items Excluding Goodwill": "-", "Total Unusual Items": "-", "Normalized EBITDA": "-751.315", "Tax Rate for Calcs": "0", "Tax Effect of Unusual Items": "0"}, "9/30/2020": {"Duration": "9/30/2020", "Total Revenue": "4,108", "Cost of Revenue": "1,724", "Gross Profit": "2,385", "Operating Expense": "3,296", "Operating Income": "-911.105", "Other Income Expense": "0.455", "Pretax Income": "-910.65", "Tax Provision": "-", "Net Income Common Stockholders": "-910.65", "Diluted NI Available to Com Stockholders": "-910.65", "Basic EPS": "-0.49", "Diluted EPS": "-0.49", "Basic Average Shares": "1,850", "Diluted Average Shares": "1,850", "Total Operating Income as Reported": "-911.105", "Total Expenses": "5,019", "Net Income from Continuing & Discontinued Operation": "-910.65", "Normalized Income": "-911.105", "EBIT": "-911.105", "EBITDA": "-", "Reconciled Cost of Revenue": "1,724", "Reconciled Depreciation": "22.148", "Net Income from Continuing Operation Net Minority Interest": "-910.65", "Total Unusual Items Excluding Goodwill": "0.455", "Total Unusual Items": "0.455", "Normalized EBITDA": "-889.412", "Tax Rate for Calcs": "0", "Tax Effect of Unusual Items": "0"}, "9/30/2019": {"Duration": "9/30/2019", "Total Revenue": "7,024", "Cost of Revenue": "3,666", "Gross Profit": "3,358", "Operating Expense": "2,740", "Operating Income": "617.745", "Other Income Expense": "13.68", "Pretax Income": "631.425", "Tax Provision": "-", "Net Income Common Stockholders": "631.425", "Diluted NI Available to Com Stockholders": "631.425", "Basic EPS": "0.34", "Diluted EPS": "0.34", "Basic Average Shares": "1,818", "Diluted Average Shares": "1,818", "Total Operating Income as Reported": "617.745", "Total Expenses": "6,406", "Net Income from Continuing & Discontinued Operation": "631.425", "Normalized Income": "621.4386", "EBIT": "617.745", "EBITDA": "-", "Reconciled Cost of Revenue": "3,666", "Reconciled Depreciation": "27.942", "Net Income from Continuing Operation Net Minority Interest": "631.425", "Total Unusual Items Excluding Goodwill": "13.68", "Total Unusual Items": "13.68", "Normalized EBITDA": "632.007", "Tax Rate for Calcs": "0", "Tax Effect of Unusual Items": "3.6936"}, "9/30/2018": {"Duration": "9/30/2018", "Total Revenue": "3,685", "Cost of Revenue": "2,713", "Gross Profit": "972.213", "Operating Expense": "2,462", "Operating Income": "-1,490", "Other Income Expense": "10.026", "Pretax Income": "-1,480", "Tax Provision": "-", "Net Income Common Stockholders": "-1,480", "Diluted NI Available to Com Stockholders": "-1,480", "Basic EPS": "0.06", "Diluted EPS": "0.06", "Basic Average Shares": "1,750", "Diluted Average Shares": "1,750", "Total Operating Income as Reported": "-1,490", "Total Expenses": "5,175", "Net Income from Continuing & Discontinued Operation": "-1,480", "Normalized Income": "-1,490", "EBIT": "-1,490", "EBITDA": "-", "Reconciled Cost of Revenue": "2,713", "Reconciled Depreciation": "48.213", "Net Income from Continuing Operation Net Minority Interest": "-1,480", "Total Unusual Items Excluding Goodwill": "10.026", "Total Unusual Items": "10.026", "Normalized EBITDA": "-1,451", "Tax Rate for Calcs": "0", "Tax Effect of Unusual Items": "0"}}, "bs": {"9/30/2020": {"Duration": "9/30/2020", "Total Assets": "3,281", "Total Liabilities Net Minority Interest": "1,917", "Total Equity Gross Minority Interest": "1,364", "Total Capitalization": "1,514", "Common Stock Equity": "1,364", "Capital Lease Obligations": "558.767", "Net Tangible Assets": "1,364", "Working Capital": "1,343", "Invested Capital": "1,514", "Tangible Book Value": "1,364", "Total Debt": "708.767", "Share Issued": "1,850", "Ordinary Shares Number": "1,850"}, "9/30/2019": {"Duration": "9/30/2019", "Total Assets": "2,917", "Total Liabilities Net Minority Interest": "697.712", "Total Equity Gross Minority Interest": "2,220", "Total Capitalization": "2,220", "Common Stock Equity": "2,220", "Capital Lease Obligations": "-", "Net Tangible Assets": "2,220", "Working Capital": "2,182", "Invested Capital": "2,220", "Tangible Book Value": "2,220", "Total Debt": "-", "Share Issued": "1,850", "Ordinary Shares Number": "1,850"}, "9/30/2018": {"Duration": "9/30/2018", "Total Assets": "4,102", "Total Liabilities Net Minority Interest": "2,569", "Total Equity Gross Minority Interest": "1,533", "Total Capitalization": "1,533", "Common Stock Equity": "1,533", "Capital Lease Obligations": "-", "Net Tangible Assets": "1,533", "Working Capital": "1,484", "Invested Capital": "1,533", "Tangible Book Value": "1,533", "Total Debt": "-", "Share Issued": "1,850", "Ordinary Shares Number": "1,850"}}, "cf": {"TTM": {"Duration": "TTM", "Operating Cash Flow": "-702.452", "Investing Cash Flow": "-", "Financing Cash Flow": "-", "End Cash Position": "666.383", "Income Tax Paid Supplemental Data": "0", "Capital Expenditure": "-", "Issuance of Debt": "-", "Free Cash Flow": "-705.848"}, "9/30/2020": {"Duration": "9/30/2020", "Operating Cash Flow": "-700.547", "Investing Cash Flow": "-3.396", "Financing Cash Flow": "624.4", "End Cash Position": "1,514", "Income Tax Paid Supplemental Data": "0.912", "Capital Expenditure": "-3.396", "Issuance of Debt": "150", "Free Cash Flow": "-703.943"}, "9/30/2019": {"Duration": "9/30/2019", "Operating Cash Flow": "-372.819", "Investing Cash Flow": "-16.22", "Financing Cash Flow": "-", "End Cash Position": "1,593", "Income Tax Paid Supplemental Data": "0.912", "Capital Expenditure": "-16.22", "Issuance of Debt": "-", "Free Cash Flow": "-389.039"}, "9/30/2018": {"Duration": "9/30/2018", "Operating Cash Flow": "379.493", "Investing Cash Flow": "306.338", "Financing Cash Flow": "-", "End Cash Position": "1,982", "Income Tax Paid Supplemental Data": "0", "Capital Expenditure": "-43.662", "Issuance of Debt": "-", "Free Cash Flow": "335.831"}}}}, {"OCC": {"quote": {"03/20/2021": {"value": "3.8900", "Market Cap": "29.316M", "Beta (5Y Monthly)": "0.62", "PE Ratio (TTM)": "N/A", "EPS (TTM)": "-0.7700", "Earnings Date": "Mar 15, 2021", "Forward Dividend & Yield": "N/A (N/A)", "Ex-Dividend Date": "Oct 28, 2015", "1y Target Est": "N/A"}}, "fin": {"TTM": {"Duration": "TTM", "Total Revenue": "54,267", "Cost of Revenue": "40,275", "Gross Profit": "13,992", "Operating Expense": "19,080", "Operating Income": "-5,088", "Net Non Operating Interest Income Expense": "-607.108", "Other Income Expense": "4.956", "Pretax Income": "-5,690", "Tax Provision": "-19.328", "Net Income Common Stockholders": "-5,671", "Diluted NI Available to Com Stockholders": "-5,671", "Basic EPS": "-", "Diluted EPS": "-", "Basic Average Shares": "-", "Diluted Average Shares": "-", "Total Operating Income as Reported": "-5,088", "Total Expenses": "59,355", "Net Income from Continuing & Discontinued Operation": "-5,671", "Normalized Income": "-5,671", "Interest Expense": "607.108", "Net Interest Income": "-607.108", "EBIT": "-5,083", "EBITDA": "-3,725", "Reconciled Cost of Revenue": "38,960", "Reconciled Depreciation": "1,358", "Net Income from Continuing Operation Net Minority Interest": "-5,671", "Normalized EBITDA": "-3,725", "Tax Rate for Calcs": "0", "Tax Effect of Unusual Items": "0"}, "10/31/2020": {"Duration": "10/31/2020", "Total Revenue": "55,277", "Cost of Revenue": "41,191", "Gross Profit": "14,086", "Operating Expense": "19,619", "Operating Income": "-5,533", "Net Non Operating Interest Income Expense": "-569.812", "Other Income Expense": "-0.307", "Pretax Income": "-6,103", "Tax Provision": "18.041", "Net Income Common Stockholders": "-6,121", "Diluted NI Available to Com Stockholders": "-6,121", "Basic EPS": "-0.83", "Diluted EPS": "-0.83", "Basic Average Shares": "7,355", "Diluted Average Shares": "7,355", "Total Operating Income as Reported": "-5,533", "Total Expenses": "60,810", "Net Income from Continuing & Discontinued Operation": "-6,121", "Normalized Income": "-6,121", "Interest Expense": "569.812", "Net Interest Income": "-569.812", "EBIT": "-5,533", "EBITDA": "-", "Reconciled Cost of Revenue": "39,806", "Reconciled Depreciation": "1,427", "Net Income from Continuing Operation Net Minority Interest": "-6,121", "Normalized EBITDA": "-4,106", "Tax Rate for Calcs": "0", "Tax Effect of Unusual Items": "0"}, "10/31/2019": {"Duration": "10/31/2019", "Total Revenue": "71,324", "Cost of Revenue": "53,020", "Gross Profit": "18,305", "Operating Expense": "23,466", "Operating Income": "-5,162", "Net Non Operating Interest Income Expense": "-521.142", "Other Income Expense": "7.717", "Pretax Income": "-5,675", "Tax Provision": "-5.805", "Net Income Common Stockholders": "-5,669", "Diluted NI Available to Com Stockholders": "-5,669", "Basic EPS": "-0.77", "Diluted EPS": "-0.77", "Basic Average Shares": "7,387", "Diluted Average Shares": "7,387", "Total Operating Income as Reported": "-5,162", "Total Expenses": "76,486", "Net Income from Continuing & Discontinued Operation": "-5,669", "Normalized Income": "-5,669", "Interest Expense": "521.142", "Net Interest Income": "-521.142", "EBIT": "-5,154", "EBITDA": "-", "Reconciled Cost of Revenue": "51,338", "Reconciled Depreciation": "1,721", "Net Income from Continuing Operation Net Minority Interest": "-5,669", "Normalized EBITDA": "-3,433", "Tax Rate for Calcs": "0", "Tax Effect of Unusual Items": "0"}, "10/31/2018": {"Duration": "10/31/2018", "Total Revenue": "87,829", "Cost of Revenue": "59,955", "Gross Profit": "27,873", "Operating Expense": "26,133", "Operating Income": "1,740", "Net Non Operating Interest Income Expense": "-608.417", "Other Income Expense": "-79.855", "Pretax Income": "1,052", "Tax Provision": "-16.651", "Net Income Common Stockholders": "1,069", "Diluted NI Available to Com Stockholders": "1,069", "Basic EPS": "0.14", "Diluted EPS": "0.14", "Basic Average Shares": "7,593", "Diluted Average Shares": "7,593", "Total Operating Income as Reported": "1,740", "Total Expenses": "86,088", "Net Income from Continuing & Discontinued Operation": "1,069", "Normalized Income": "1,069", "Interest Expense": "608.417", "Net Interest Income": "-608.417", "EBIT": "1,661", "EBITDA": "-", "Reconciled Cost of Revenue": "58,173", "Reconciled Depreciation": "1,818", "Net Income from Continuing Operation Net Minority Interest": "1,069", "Normalized EBITDA": "3,478", "Tax Rate for Calcs": "0", "Tax Effect of Unusual Items": "0"}}, "bs": {"10/31/2020": {"Duration": "10/31/2020", "Total Assets": "36,558", "Total Liabilities Net Minority Interest": "21,298", "Total Equity Gross Minority Interest": "15,260", "Total Capitalization": "28,468", "Common Stock Equity": "15,260", "Net Tangible Assets": "14,594", "Working Capital": "19,056", "Invested Capital": "30,396", "Tangible Book Value": "14,594", "Total Debt": "15,136", "Net Debt": "14,995", "Share Issued": "7,537", "Ordinary Shares Number": "7,537"}, "10/31/2019": {"Duration": "10/31/2019", "Total Assets": "40,107", "Total Liabilities Net Minority Interest": "18,868", "Total Equity Gross Minority Interest": "21,239", "Total Capitalization": "26,409", "Common Stock Equity": "21,239", "Net Tangible Assets": "20,580", "Working Capital": "15,753", "Invested Capital": "32,798", "Tangible Book Value": "20,580", "Total Debt": "11,559", "Net Debt": "11,021", "Share Issued": "7,459", "Ordinary Shares Number": "7,459"}, "10/31/2018": {"Duration": "10/31/2018", "Total Assets": "43,098", "Total Liabilities Net Minority Interest": "16,288", "Total Equity Gross Minority Interest": "26,811", "Total Capitalization": "35,969", "Common Stock Equity": "26,811", "Net Tangible Assets": "26,176", "Working Capital": "24,019", "Invested Capital": "36,230", "Tangible Book Value": "26,176", "Total Debt": "9,420", "Net Debt": "9,242", "Share Issued": "7,694", "Ordinary Shares Number": "7,694"}}, "cf": {"TTM": {"Duration": "TTM", "Operating Cash Flow": "-3,571", "Investing Cash Flow": "-157.295", "Financing Cash Flow": "3,487", "End Cash Position": "451.96", "Income Tax Paid Supplemental Data": "-", "Interest Paid Supplemental Data": "-", "Capital Expenditure": "-157.295", "Issuance of Debt": "38,019", "Repayment of Debt": "-34,255", "Repurchase of Capital Stock": "-", "Free Cash Flow": "-3,729"}, "10/31/2020": {"Duration": "10/31/2020", "Operating Cash Flow": "-3,553", "Investing Cash Flow": "-168.458", "Financing Cash Flow": "3,325", "End Cash Position": "140.839", "Income Tax Paid Supplemental Data": "-", "Interest Paid Supplemental Data": "523.292", "Capital Expenditure": "-168.458", "Issuance of Debt": "24,872", "Repayment of Debt": "-21,295", "Repurchase of Capital Stock": "0", "Free Cash Flow": "-3,722"}, "10/31/2019": {"Duration": "10/31/2019", "Operating Cash Flow": "-283.797", "Investing Cash Flow": "-550.397", "Financing Cash Flow": "1,194", "End Cash Position": "537.33", "Income Tax Paid Supplemental Data": "30.483", "Interest Paid Supplemental Data": "515.995", "Capital Expenditure": "-550.397", "Issuance of Debt": "2,850", "Repayment of Debt": "-710.961", "Repurchase of Capital Stock": "-1.573", "Free Cash Flow": "-834.194"}, "10/31/2018": {"Duration": "10/31/2018", "Operating Cash Flow": "3,206", "Investing Cash Flow": "-734.395", "Financing Cash Flow": "-3,186", "End Cash Position": "177.413", "Income Tax Paid Supplemental Data": "27.808", "Interest Paid Supplemental Data": "503.899", "Capital Expenditure": "-734.395", "Issuance of Debt": "9,550", "Repayment of Debt": "-12,501", "Repurchase of Capital Stock": "-1.557", "Free Cash Flow": "2,472"}}}}, {"NMRX": {"quote": {"03/20/2021": {"value": "", "Net Assets": "N/A", "Beta (5Y Monthly)": "N/A", "Yield": "N/A", "5y Average Return": "N/A", "Holdings Turnover": "N/A", "Last Dividend": "N/A", "Average for Category": "N/A", "Inception Date": "N/A"}}, "fin": {}, "bs": {}, "cf": {}}}, {"CRNT": {"quote": {"03/20/2021": {"value": "4.3100", "Market Cap": "352.142M", "Beta (5Y Monthly)": "1.96", "PE Ratio (TTM)": "N/A", "EPS (TTM)": "-0.2110", "Earnings Date": "May 03, 2021 - May 07, 2021", "Forward Dividend & Yield": "N/A (N/A)", "Ex-Dividend Date": "N/A", "1y Target Est": "6.50"}}, "fin": {"TTM": {"Duration": "TTM", "Total Revenue": "261,717", "Cost of Revenue": "185,356", "Gross Profit": "76,361", "Operating Expense": "85,877", "Operating Income": "-9,516", "Net Non Operating Interest Income Expense": "-2,917", "Other Income Expense": "-2,386", "Pretax Income": "-14,870", "Tax Provision": "724", "Earnings from Equity Interest Net of Tax": "-678", "Net Income Common Stockholders": "-16,272", "Diluted NI Available to Com Stockholders": "-16,272", "Basic EPS": "-", "Diluted EPS": "-", "Basic Average Shares": "-", "Diluted Average Shares": "-", "Total Operating Income as Reported": "-9,516", "Total Expenses": "271,233", "Net Income from Continuing & Discontinued Operation": "-16,272", "Normalized Income": "-16,272", "Interest Income": "79", "Interest Expense": "2,620", "Net Interest Income": "-2,917", "EBIT": "-12,250", "EBITDA": "-1,613", "Reconciled Cost of Revenue": "185,356", "Reconciled Depreciation": "10,637", "Net Income from Continuing Operation Net Minority Interest": "-16,272", "Total Unusual Items Excluding Goodwill": "-2,386", "Total Unusual Items": "-2,386", "Normalized EBITDA": "-1,613", "Tax Rate for Calcs": "0", "Tax Effect of Unusual Items": "0"}, "12/31/2020": {"Duration": "12/31/2020", "Total Revenue": "262,881", "Cost of Revenue": "187,236", "Gross Profit": "75,645", "Operating Expense": "83,217", "Operating Income": "-7,572", "Net Non Operating Interest Income Expense": "-3,537", "Other Income Expense": "-2,386", "Pretax Income": "-13,495", "Tax Provision": "2,618", "Earnings from Equity Interest Net of Tax": "-979", "Net Income Common Stockholders": "-17,092", "Diluted NI Available to Com Stockholders": "-17,092", "Basic EPS": "-0.21", "Diluted EPS": "-0.21", "Basic Average Shares": "81,150", "Diluted Average Shares": "81,150", "Total Operating Income as Reported": "-7,572", "Total Expenses": "270,453", "Net Income from Continuing & Discontinued Operation": "-17,092", "Normalized Income": "-15,255", "Interest Income": "79", "Interest Expense": "4,130", "Net Interest Income": "-3,537", "EBIT": "-9,365", "EBITDA": "-", "Reconciled Cost of Revenue": "187,236", "Reconciled Depreciation": "12,861", "Net Income from Continuing Operation Net Minority Interest": "-17,092", "Total Unusual Items Excluding Goodwill": "-2,386", "Total Unusual Items": "-2,386", "Normalized EBITDA": "5,882", "Tax Rate for Calcs": "0", "Tax Effect of Unusual Items": "-548.78"}, "12/31/2019": {"Duration": "12/31/2019", "Total Revenue": "285,583", "Cost of Revenue": "188,741", "Gross Profit": "96,842", "Operating Expense": "89,540", "Operating Income": "7,302", "Net Non Operating Interest Income Expense": "-4,084", "Other Income Expense": "-2,437", "Pretax Income": "781", "Tax Provision": "2,476", "Earnings from Equity Interest Net of Tax": "-649", "Net Income Common Stockholders": "-2,344", "Diluted NI Available to Com Stockholders": "-2,344", "Basic EPS": "-0.03", "Diluted EPS": "-0.03", "Basic Average Shares": "80,297", "Diluted Average Shares": "80,297", "Total Operating Income as Reported": "7,302", "Total Expenses": "278,281", "Net Income from Continuing & Discontinued Operation": "-2,344", "Normalized Income": "-467.51", "Interest Income": "111", "Interest Expense": "3,787", "Net Interest Income": "-4,084", "EBIT": "4,568", "EBITDA": "-", "Reconciled Cost of Revenue": "188,741", "Reconciled Depreciation": "9,691", "Net Income from Continuing Operation Net Minority Interest": "-2,344", "Total Unusual Items Excluding Goodwill": "-2,437", "Total Unusual Items": "-2,437", "Normalized EBITDA": "16,696", "Tax Rate for Calcs": "0", "Tax Effect of Unusual Items": "-560.51"}, "12/31/2018": {"Duration": "12/31/2018", "Total Revenue": "343,874", "Cost of Revenue": "227,705", "Gross Profit": "116,169", "Operating Expense": "90,025", "Operating Income": "26,144", "Net Non Operating Interest Income Expense": "-4,486", "Other Income Expense": "-1,863", "Pretax Income": "19,795", "Tax Provision": "-3,251", "Earnings from Equity Interest Net of Tax": "-", "Net Income Common Stockholders": "23,046", "Diluted NI Available to Com Stockholders": "23,046", "Basic EPS": "0.29", "Diluted EPS": "0.28", "Basic Average Shares": "78,579", "Diluted Average Shares": "81,022", "Total Operating Income as Reported": "26,144", "Total Expenses": "317,730", "Net Income from Continuing & Discontinued Operation": "23,046", "Normalized Income": "24,481", "Interest Income": "111", "Interest Expense": "4,597", "Net Interest Income": "-4,486", "EBIT": "24,392", "EBITDA": "-", "Reconciled Cost of Revenue": "227,705", "Reconciled Depreciation": "7,758", "Net Income from Continuing Operation Net Minority Interest": "23,046", "Total Unusual Items Excluding Goodwill": "-1,863", "Total Unusual Items": "-1,863", "Normalized EBITDA": "34,013", "Tax Rate for Calcs": "0", "Tax Effect of Unusual Items": "-428.49"}}, "bs": {"12/31/2020": {"Duration": "12/31/2020", "Total Assets": "272,419", "Total Liabilities Net Minority Interest": "126,293", "Total Equity Gross Minority Interest": "146,126", "Total Capitalization": "146,126", "Common Stock Equity": "146,126", "Capital Lease Obligations": "7,023", "Net Tangible Assets": "140,009", "Working Capital": "99,447", "Invested Capital": "152,105", "Tangible Book Value": "140,009", "Total Debt": "13,002", "Share Issued": "85,185", "Ordinary Shares Number": "81,703", "Treasury Shares Number": "3,482"}, "12/31/2019": {"Duration": "12/31/2019", "Total Assets": "289,889", "Total Liabilities Net Minority Interest": "129,468", "Total Equity Gross Minority Interest": "160,421", "Total Capitalization": "160,421", "Common Stock Equity": "160,421", "Capital Lease Obligations": "5,644", "Net Tangible Assets": "152,523", "Working Capital": "111,267", "Invested Capital": "175,021", "Tangible Book Value": "152,523", "Total Debt": "20,244", "Share Issued": "84,144", "Ordinary Shares Number": "80,663", "Treasury Shares Number": "3,482"}, "12/31/2018": {"Duration": "12/31/2018", "Total Assets": "283,000", "Total Liabilities Net Minority Interest": "123,432", "Total Equity Gross Minority Interest": "159,568", "Total Capitalization": "159,568", "Common Stock Equity": "159,568", "Capital Lease Obligations": "-", "Net Tangible Assets": "152,992", "Working Capital": "115,170", "Invested Capital": "159,568", "Tangible Book Value": "152,992", "Total Debt": "-", "Share Issued": "83,571", "Ordinary Shares Number": "80,090", "Treasury Shares Number": "3,482"}}, "cf": {"TTM": {"Duration": "TTM", "Operating Cash Flow": "3,969", "Investing Cash Flow": "-9,202", "Financing Cash Flow": "11,679", "End Cash Position": "35,487", "Income Tax Paid Supplemental Data": "3,003", "Interest Paid Supplemental Data": "1,137", "Capital Expenditure": "-9,284", "Repayment of Debt": "-", "Free Cash Flow": "-5,315"}, "12/31/2020": {"Duration": "12/31/2020", "Operating Cash Flow": "17,245", "Investing Cash Flow": "-6,489", "Financing Cash Flow": "-7,384", "End Cash Position": "27,101", "Income Tax Paid Supplemental Data": "3,003", "Interest Paid Supplemental Data": "1,137", "Capital Expenditure": "-6,489", "Repayment of Debt": "-", "Free Cash Flow": "10,756"}, "12/31/2019": {"Duration": "12/31/2019", "Operating Cash Flow": "-12,931", "Investing Cash Flow": "-13,864", "Financing Cash Flow": "15,202", "End Cash Position": "23,939", "Income Tax Paid Supplemental Data": "3,833", "Interest Paid Supplemental Data": "1,796", "Capital Expenditure": "-14,866", "Repayment of Debt": "-", "Free Cash Flow": "-27,797"}, "12/31/2018": {"Duration": "12/31/2018", "Operating Cash Flow": "22,494", "Investing Cash Flow": "-15,295", "Financing Cash Flow": "2,611", "End Cash Position": "35,581", "Income Tax Paid Supplemental Data": "1,617", "Interest Paid Supplemental Data": "1,752", "Capital Expenditure": "-13,715", "Repayment of Debt": "0", "Free Cash Flow": "8,779"}}}}, {"IFON": {"quote": {"03/20/2021": {"value": "", "Net Assets": "N/A", "Beta (5Y Monthly)": "N/A", "Yield": "N/A", "5y Average Return": "N/A", "Holdings Turnover": "N/A", "Last Dividend": "N/A", "Average for Category": "N/A", "Inception Date": "N/A"}}, "fin": {}, "bs": {}, "cf": {}}}, {"RWC": {"quote": {"03/20/2021": {"value": "", "Net Assets": "N/A", "Beta (5Y Monthly)": "N/A", "Yield": "N/A", "5y Average Return": "N/A", "Holdings Turnover": "N/A", "Last Dividend": "N/A", "Average for Category": "N/A", "Inception Date": "N/A"}}, "fin": {}, "bs": {}, "cf": {}}}, {"LORL": {"quote": {"03/20/2021": {"value": "40.85", "Market Cap": "1.264B", "Beta (5Y Monthly)": "1.82", "PE Ratio (TTM)": "13.69", "EPS (TTM)": "2.98", "Earnings Date": "May 06, 2021 - May 10, 2021", "Forward Dividend & Yield": "N/A (N/A)", "Ex-Dividend Date": "Dec 03, 2020", "1y Target Est": "N/A"}}, "fin": {"TTM": {"Duration": "TTM", "Total Revenue": "0", "Operating Expense": "863", "Operating Income": "-863", "Net Non Operating Interest Income Expense": "1,024", "Other Income Expense": "-10,898", "Pretax Income": "-10,737", "Tax Provision": "12,886", "Earnings from Equity Interest Net of Tax": "116,716", "Net Income Common Stockholders": "93,093", "Average Dilution Earnings": "-522", "Diluted NI Available to Com Stockholders": "92,571", "Basic EPS": "-", "Diluted EPS": "-", "Basic Average Shares": "-", "Diluted Average Shares": "-", "Total Operating Income as Reported": "-863", "Total Expenses": "863", "Net Income from Continuing & Discontinued Operation": "93,093", "Normalized Income": "93,093", "Interest Income": "1,050", "Interest Expense": "26", "Net Interest Income": "1,024", "EBIT": "-10,711", "EBITDA": "-10,707", "Reconciled Depreciation": "4", "Net Income from Continuing Operation Net Minority Interest": "93,093", "Normalized EBITDA": "-10,707", "Tax Rate for Calcs": "0", "Tax Effect of Unusual Items": "0"}, "12/31/2020": {"Duration": "12/31/2020", "Total Revenue": "0", "Operating Expense": "863", "Operating Income": "-863", "Net Non Operating Interest Income Expense": "1,024", "Other Income Expense": "-10,898", "Pretax Income": "-10,737", "Tax Provision": "12,886", "Earnings from Equity Interest Net of Tax": "116,716", "Net Income Common Stockholders": "93,093", "Average Dilution Earnings": "-522", "Diluted NI Available to Com Stockholders": "92,571", "Basic EPS": "3.01", "Diluted EPS": "2.98", "Basic Average Shares": "30,933", "Diluted Average Shares": "31,020", "Total Operating Income as Reported": "-863", "Total Expenses": "863", "Net Income from Continuing & Discontinued Operation": "93,093", "Normalized Income": "93,093", "Interest Income": "1,050", "Interest Expense": "26", "Net Interest Income": "1,024", "EBIT": "-10,711", "EBITDA": "-", "Reconciled Depreciation": "4", "Net Income from Continuing Operation Net Minority Interest": "93,093", "Normalized EBITDA": "-10,707", "Tax Rate for Calcs": "0", "Tax Effect of Unusual Items": "0"}, "12/31/2019": {"Duration": "12/31/2019", "Total Revenue": "0", "Operating Expense": "6,612", "Operating Income": "-6,612", "Net Non Operating Interest Income Expense": "5,703", "Other Income Expense": "-4,586", "Pretax Income": "-5,495", "Tax Provision": "6,153", "Earnings from Equity Interest Net of Tax": "101,403", "Net Income Common Stockholders": "89,755", "Average Dilution Earnings": "-528", "Diluted NI Available to Com Stockholders": "89,227", "Basic EPS": "2.90", "Diluted EPS": "2.88", "Basic Average Shares": "30,933", "Diluted Average Shares": "31,008", "Total Operating Income as Reported": "-6,612", "Total Expenses": "6,612", "Net Income from Continuing & Discontinued Operation": "89,755", "Normalized Income": "89,755", "Interest Income": "5,727", "Interest Expense": "24", "Net Interest Income": "5,703", "EBIT": "-5,471", "EBITDA": "-", "Reconciled Depreciation": "15", "Net Income from Continuing Operation Net Minority Interest": "89,755", "Normalized EBITDA": "-5,456", "Tax Rate for Calcs": "0", "Tax Effect of Unusual Items": "0"}, "12/31/2018": {"Duration": "12/31/2018", "Total Revenue": "0", "Operating Expense": "6,534", "Operating Income": "-6,534", "Net Non Operating Interest Income Expense": "4,720", "Other Income Expense": "-3,445", "Pretax Income": "-5,259", "Tax Provision": "-39,348", "Earnings from Equity Interest Net of Tax": "-24,412", "Net Income Common Stockholders": "9,614", "Average Dilution Earnings": "-", "Diluted NI Available to Com Stockholders": "9,614", "Basic EPS": "0.31", "Diluted EPS": "0.31", "Basic Average Shares": "30,933", "Diluted Average Shares": "31,008", "Total Operating Income as Reported": "-6,534", "Total Expenses": "6,534", "Net Income from Continuing & Discontinued Operation": "9,614", "Normalized Income": "9,677", "Interest Income": "4,746", "Interest Expense": "26", "Net Interest Income": "4,720", "EBIT": "-5,233", "EBITDA": "-", "Reconciled Depreciation": "26", "Net Income from Continuing Operation Net Minority Interest": "9,677", "Normalized EBITDA": "-5,207", "Tax Rate for Calcs": "0", "Tax Effect of Unusual Items": "0"}}, "bs": {"12/31/2020": {"Duration": "12/31/2020", "Total Assets": "254,469", "Total Liabilities Net Minority Interest": "44,936", "Total Equity Gross Minority Interest": "209,533", "Total Capitalization": "209,533", "Common Stock Equity": "209,533", "Capital Lease Obligations": "345", "Net Tangible Assets": "209,533", "Working Capital": "29,250", "Invested Capital": "209,533", "Tangible Book Value": "209,533", "Total Debt": "345", "Share Issued": "31,087", "Ordinary Shares Number": "30,933", "Preferred Shares Number": "-", "Treasury Shares Number": "154.494"}, "12/31/2019": {"Duration": "12/31/2019", "Total Assets": "390,810", "Total Liabilities Net Minority Interest": "40,783", "Total Equity Gross Minority Interest": "350,027", "Total Capitalization": "350,027", "Common Stock Equity": "350,027", "Capital Lease Obligations": "997", "Net Tangible Assets": "350,027", "Working Capital": "255,471", "Invested Capital": "350,027", "Tangible Book Value": "350,027", "Total Debt": "997", "Share Issued": "31,087", "Ordinary Shares Number": "30,933", "Preferred Shares Number": "1,043", "Treasury Shares Number": "154.494"}, "12/31/2018": {"Duration": "12/31/2018", "Total Assets": "330,300", "Total Liabilities Net Minority Interest": "32,734", "Total Equity Gross Minority Interest": "297,566", "Total Capitalization": "297,566", "Common Stock Equity": "297,566", "Capital Lease Obligations": "-", "Net Tangible Assets": "297,566", "Working Capital": "260,014", "Invested Capital": "297,566", "Tangible Book Value": "297,566", "Total Debt": "-", "Share Issued": "31,087", "Ordinary Shares Number": "30,933", "Preferred Shares Number": "1,043", "Treasury Shares Number": "154.494"}}, "cf": {"TTM": {"Duration": "TTM", "Operating Cash Flow": "-10,907", "Investing Cash Flow": "0", "Financing Cash Flow": "-216,529", "End Cash Position": "31,935", "Income Tax Paid Supplemental Data": "252", "Interest Paid Supplemental Data": "26", "Capital Expenditure": "-", "Free Cash Flow": "-10,907"}, "12/31/2020": {"Duration": "12/31/2020", "Operating Cash Flow": "-10,907", "Investing Cash Flow": "0", "Financing Cash Flow": "-216,529", "End Cash Position": "31,935", "Income Tax Paid Supplemental Data": "252", "Interest Paid Supplemental Data": "26", "Capital Expenditure": "-", "Free Cash Flow": "-10,907"}, "12/31/2019": {"Duration": "12/31/2019", "Operating Cash Flow": "2,126", "Investing Cash Flow": "-6", "Financing Cash Flow": "-", "End Cash Position": "259,371", "Income Tax Paid Supplemental Data": "288", "Interest Paid Supplemental Data": "24", "Capital Expenditure": "-6", "Free Cash Flow": "2,120"}, "12/31/2018": {"Duration": "12/31/2018", "Operating Cash Flow": "1,812", "Investing Cash Flow": "-4", "Financing Cash Flow": "-", "End Cash Position": "257,251", "Income Tax Paid Supplemental Data": "-", "Interest Paid Supplemental Data": "26", "Capital Expenditure": "-4", "Free Cash Flow": "1,808"}}}}, {"JCS": {"quote": {"03/20/2021": {"value": "6.57", "Market Cap": "61.282M", "Beta (5Y Monthly)": "1.10", "PE Ratio (TTM)": "39.58", "EPS (TTM)": "0.17", "Earnings Date": "Oct 30, 2020", "Forward Dividend & Yield": "N/A (N/A)", "Ex-Dividend Date": "Jun 12, 2020", "1y Target Est": "12.00"}}, "fin": {"TTM": {"Duration": "TTM", "Total Revenue": "46,264", "Cost of Revenue": "26,830", "Gross Profit": "19,433", "Operating Expense": "20,323", "Operating Income": "-889.901", "Net Non Operating Interest Income Expense": "-35.857", "Other Income Expense": "541.162", "Pretax Income": "-384.596", "Tax Provision": "31.409", "Net Income Common Stockholders": "1,549", "Diluted NI Available to Com Stockholders": "1,549", "Basic EPS": "-", "Diluted EPS": "-", "Basic Average Shares": "-", "Diluted Average Shares": "-", "Total Operating Income as Reported": "-1,376", "Total Expenses": "47,154", "Net Income from Continuing & Discontinued Operation": "1,549", "Normalized Income": "-811.0533", "Interest Expense": "35.857", "Net Interest Income": "-35.857", "EBIT": "-348.739", "EBITDA": "618.42", "Reconciled Cost of Revenue": "26,830", "Reconciled Depreciation": "967.159", "Net Income from Continuing Operation Net Minority Interest": "-416.005", "Total Unusual Items Excluding Goodwill": "541.162", "Total Unusual Items": "541.162", "Normalized EBITDA": "77.258", "Tax Rate for Calcs": "0", "Tax Effect of Unusual Items": "146.1137"}, "12/31/2019": {"Duration": "12/31/2019", "Total Revenue": "50,906", "Cost of Revenue": "28,720", "Gross Profit": "22,186", "Operating Expense": "22,177", "Operating Income": "9.214", "Net Non Operating Interest Income Expense": "-38.44", "Other Income Expense": "264.576", "Pretax Income": "235.35", "Tax Provision": "-15.269", "Net Income Common Stockholders": "6,469", "Diluted NI Available to Com Stockholders": "6,469", "Basic EPS": "0.70", "Diluted EPS": "0.69", "Basic Average Shares": "9,272", "Diluted Average Shares": "9,337", "Total Operating Income as Reported": "9.214", "Total Expenses": "50,897", "Net Income from Continuing & Discontinued Operation": "6,469", "Normalized Income": "57.4785", "Interest Expense": "38.44", "Net Interest Income": "-38.44", "EBIT": "273.79", "EBITDA": "-", "Reconciled Cost of Revenue": "28,720", "Reconciled Depreciation": "1,033", "Net Income from Continuing Operation Net Minority Interest": "250.619", "Total Unusual Items Excluding Goodwill": "264.576", "Total Unusual Items": "264.576", "Normalized EBITDA": "1,042", "Tax Rate for Calcs": "0", "Tax Effect of Unusual Items": "71.4355"}, "12/31/2018": {"Duration": "12/31/2018", "Total Revenue": "65,763", "Cost of Revenue": "44,456", "Gross Profit": "21,307", "Operating Expense": "27,502", "Operating Income": "-6,194", "Net Non Operating Interest Income Expense": "-38.355", "Other Income Expense": "-153.671", "Pretax Income": "-6,386", "Tax Provision": "405.267", "Net Income Common Stockholders": "-6,792", "Diluted NI Available to Com Stockholders": "-6,792", "Basic EPS": "-0.75", "Diluted EPS": "-0.75", "Basic Average Shares": "9,109", "Diluted Average Shares": "9,109", "Total Operating Income as Reported": "-6,558", "Total Expenses": "71,957", "Net Income from Continuing & Discontinued Operation": "-6,792", "Normalized Income": "-6,680", "Interest Expense": "38.355", "Net Interest Income": "-38.355", "EBIT": "-6,348", "EBITDA": "-", "Reconciled Cost of Revenue": "44,456", "Reconciled Depreciation": "2,215", "Net Income from Continuing Operation Net Minority Interest": "-6,792", "Total Unusual Items Excluding Goodwill": "-153.671", "Total Unusual Items": "-153.671", "Normalized EBITDA": "-3,980", "Tax Rate for Calcs": "0", "Tax Effect of Unusual Items": "-41.4912"}}, "bs": {"12/31/2019": {"Duration": "12/31/2019", "Total Assets": "59,151", "Total Liabilities Net Minority Interest": "11,758", "Total Equity Gross Minority Interest": "47,392", "Total Capitalization": "47,392", "Preferred Stock Equity": "-", "Common Stock Equity": "47,392", "Capital Lease Obligations": "359.973", "Net Tangible Assets": "47,392", "Working Capital": "38,052", "Invested Capital": "47,392", "Tangible Book Value": "47,392", "Total Debt": "359.973", "Share Issued": "9,253", "Ordinary Shares Number": "9,253"}, "12/31/2018": {"Duration": "12/31/2018", "Total Assets": "53,321", "Total Liabilities Net Minority Interest": "11,668", "Total Equity Gross Minority Interest": "41,653", "Total Capitalization": "41,653", "Preferred Stock Equity": "457.922", "Common Stock Equity": "41,195", "Capital Lease Obligations": "-", "Net Tangible Assets": "41,648", "Working Capital": "30,695", "Invested Capital": "41,195", "Tangible Book Value": "41,190", "Total Debt": "-", "Share Issued": "9,158", "Ordinary Shares Number": "9,158"}}, "cf": {"TTM": {"Duration": "TTM", "Operating Cash Flow": "-1,157", "Investing Cash Flow": "-3,114", "Financing Cash Flow": "-1,679", "End Cash Position": "9,349", "Income Tax Paid Supplemental Data": "-", "Interest Paid Supplemental Data": "34.853", "Capital Expenditure": "-281.539", "Issuance of Capital Stock": "-", "Issuance of Debt": "-", "Repayment of Debt": "-", "Repurchase of Capital Stock": "-1,735", "Free Cash Flow": "-1,439"}, "12/31/2019": {"Duration": "12/31/2019", "Operating Cash Flow": "10,231", "Investing Cash Flow": "-5,222", "Financing Cash Flow": "-1,450", "End Cash Position": "14,608", "Income Tax Paid Supplemental Data": "-", "Interest Paid Supplemental Data": "37.974", "Capital Expenditure": "-424.988", "Issuance of Capital Stock": "715.41", "Issuance of Debt": "-", "Repayment of Debt": "-", "Repurchase of Capital Stock": "-1,422", "Free Cash Flow": "9,806"}, "12/31/2018": {"Duration": "12/31/2018", "Operating Cash Flow": "-4,723", "Investing Cash Flow": "4,812", "Financing Cash Flow": "-1,417", "End Cash Position": "11,056", "Income Tax Paid Supplemental Data": "-32.596", "Interest Paid Supplemental Data": "38.03", "Capital Expenditure": "-763.627", "Issuance of Capital Stock": "75.7", "Issuance of Debt": "-", "Repayment of Debt": "-", "Repurchase of Capital Stock": "-", "Free Cash Flow": "-5,486"}}}}, {"CLFD": {"quote": {"03/20/2021": {"value": "31.97", "Market Cap": "438.881M", "Beta (5Y Monthly)": "0.98", "PE Ratio (TTM)": "44.46", "EPS (TTM)": "0.72", "Earnings Date": "Jan 28, 2021", "Forward Dividend & Yield": "N/A (N/A)", "Ex-Dividend Date": "N/A", "1y Target Est": "33.50"}}, "fin": {"TTM": {"Duration": "TTM", "Total Revenue": "100,789", "Cost of Revenue": "59,233", "Gross Profit": "41,556", "Operating Expense": "29,859", "Operating Income": "11,697", "Net Non Operating Interest Income Expense": "681.438", "Pretax Income": "12,378", "Tax Provision": "2,423", "Net Income Common Stockholders": "9,955", "Diluted NI Available to Com Stockholders": "9,955", "Basic EPS": "-", "Diluted EPS": "-", "Basic Average Shares": "-", "Diluted Average Shares": "-", "Total Operating Income as Reported": "11,697", "Total Expenses": "89,092", "Net Income from Continuing & Discontinued Operation": "9,955", "Normalized Income": "9,955", "Interest Income": "681.438", "Net Interest Income": "681.438", "EBIT": "11,697", "EBITDA": "14,079", "Reconciled Cost of Revenue": "59,233", "Reconciled Depreciation": "2,383", "Net Income from Continuing Operation Net Minority Interest": "9,955", "Normalized EBITDA": "14,079", "Tax Rate for Calcs": "0", "Tax Effect of Unusual Items": "0"}, "9/30/2020": {"Duration": "9/30/2020", "Total Revenue": "93,075", "Cost of Revenue": "55,160", "Gross Profit": "37,914", "Operating Expense": "29,530", "Operating Income": "8,384", "Net Non Operating Interest Income Expense": "770.95", "Pretax Income": "9,155", "Tax Provision": "1,862", "Net Income Common Stockholders": "7,293", "Diluted NI Available to Com Stockholders": "7,293", "Basic EPS": "0.53", "Diluted EPS": "0.53", "Basic Average Shares": "13,643", "Diluted Average Shares": "13,643", "Total Operating Income as Reported": "8,384", "Total Expenses": "84,691", "Net Income from Continuing & Discontinued Operation": "7,293", "Normalized Income": "7,293", "Interest Income": "770.95", "Net Interest Income": "770.95", "EBIT": "8,384", "EBITDA": "-", "Reconciled Cost of Revenue": "55,160", "Reconciled Depreciation": "2,422", "Net Income from Continuing Operation Net Minority Interest": "7,293", "Normalized EBITDA": "10,806", "Tax Rate for Calcs": "0", "Tax Effect of Unusual Items": "0"}, "9/30/2019": {"Duration": "9/30/2019", "Total Revenue": "85,034", "Cost of Revenue": "52,345", "Gross Profit": "32,689", "Operating Expense": "27,501", "Operating Income": "5,188", "Net Non Operating Interest Income Expense": "738.459", "Pretax Income": "5,927", "Tax Provision": "1,360", "Net Income Common Stockholders": "4,566", "Diluted NI Available to Com Stockholders": "4,566", "Basic EPS": "0.34", "Diluted EPS": "0.34", "Basic Average Shares": "13,443", "Diluted Average Shares": "13,451", "Total Operating Income as Reported": "5,188", "Total Expenses": "79,846", "Net Income from Continuing & Discontinued Operation": "4,566", "Normalized Income": "4,566", "Interest Income": "738.459", "Net Interest Income": "738.459", "EBIT": "5,188", "EBITDA": "-", "Reconciled Cost of Revenue": "52,345", "Reconciled Depreciation": "2,178", "Net Income from Continuing Operation Net Minority Interest": "4,566", "Normalized EBITDA": "7,367", "Tax Rate for Calcs": "0", "Tax Effect of Unusual Items": "0"}, "9/30/2018": {"Duration": "9/30/2018", "Total Revenue": "77,651", "Cost of Revenue": "46,655", "Gross Profit": "30,997", "Operating Expense": "25,926", "Operating Income": "5,071", "Net Non Operating Interest Income Expense": "457.101", "Pretax Income": "5,528", "Tax Provision": "1,253", "Net Income Common Stockholders": "4,275", "Diluted NI Available to Com Stockholders": "4,275", "Basic EPS": "0.32", "Diluted EPS": "0.32", "Basic Average Shares": "13,429", "Diluted Average Shares": "13,453", "Total Operating Income as Reported": "5,071", "Total Expenses": "72,581", "Net Income from Continuing & Discontinued Operation": "4,275", "Normalized Income": "4,275", "Interest Income": "457.101", "Net Interest Income": "457.101", "EBIT": "5,071", "EBITDA": "-", "Reconciled Cost of Revenue": "46,655", "Reconciled Depreciation": "2,048", "Net Income from Continuing Operation Net Minority Interest": "4,275", "Normalized EBITDA": "7,119", "Tax Rate for Calcs": "0", "Tax Effect of Unusual Items": "0"}}, "bs": {"9/30/2020": {"Duration": "9/30/2020", "Total Assets": "95,297", "Total Liabilities Net Minority Interest": "12,544", "Total Equity Gross Minority Interest": "82,753", "Total Capitalization": "82,753", "Common Stock Equity": "82,753", "Capital Lease Obligations": "2,795", "Net Tangible Assets": "73,216", "Working Capital": "42,108", "Invested Capital": "82,753", "Tangible Book Value": "73,216", "Total Debt": "2,795", "Share Issued": "13,650", "Ordinary Shares Number": "13,650"}, "9/30/2019": {"Duration": "9/30/2019", "Total Assets": "81,889", "Total Liabilities Net Minority Interest": "6,955", "Total Equity Gross Minority Interest": "74,933", "Total Capitalization": "74,933", "Common Stock Equity": "74,933", "Capital Lease Obligations": "-", "Net Tangible Assets": "65,078", "Working Capital": "35,900", "Invested Capital": "74,933", "Tangible Book Value": "65,078", "Total Debt": "-", "Share Issued": "13,642", "Ordinary Shares Number": "13,642"}, "9/30/2018": {"Duration": "9/30/2018", "Total Assets": "74,229", "Total Liabilities Net Minority Interest": "5,354", "Total Equity Gross Minority Interest": "68,875", "Total Capitalization": "68,875", "Common Stock Equity": "68,875", "Capital Lease Obligations": "-", "Net Tangible Assets": "58,684", "Working Capital": "36,111", "Invested Capital": "68,875", "Tangible Book Value": "58,684", "Total Debt": "-", "Share Issued": "13,647", "Ordinary Shares Number": "13,647"}}, "cf": {"TTM": {"Duration": "TTM", "Operating Cash Flow": "9,472", "Investing Cash Flow": "-400.542", "Financing Cash Flow": "-507.495", "End Cash Position": "19,151", "Income Tax Paid Supplemental Data": "1,429", "Capital Expenditure": "-1,397", "Issuance of Capital Stock": "-", "Repurchase of Capital Stock": "-", "Free Cash Flow": "8,076"}, "9/30/2020": {"Duration": "9/30/2020", "Operating Cash Flow": "6,656", "Investing Cash Flow": "-41.128", "Financing Cash Flow": "-246.73", "End Cash Position": "16,450", "Income Tax Paid Supplemental Data": "1,442", "Capital Expenditure": "-1,806", "Issuance of Capital Stock": "9.564", "Repurchase of Capital Stock": "-428.654", "Free Cash Flow": "4,850"}, "9/30/2019": {"Duration": "9/30/2019", "Operating Cash Flow": "14,733", "Investing Cash Flow": "-12,962", "Financing Cash Flow": "-236.67", "End Cash Position": "10,082", "Income Tax Paid Supplemental Data": "1,683", "Capital Expenditure": "-2,512", "Issuance of Capital Stock": "2.604", "Repurchase of Capital Stock": "0", "Free Cash Flow": "12,221"}, "9/30/2018": {"Duration": "9/30/2018", "Operating Cash Flow": "4,548", "Investing Cash Flow": "-12,608", "Financing Cash Flow": "-1,928", "End Cash Position": "8,548", "Income Tax Paid Supplemental Data": "719.694", "Capital Expenditure": "-1,190", "Issuance of Capital Stock": "24.012", "Repurchase of Capital Stock": "-1,760", "Free Cash Flow": "3,358"}}}}, {"ZSTN": {"quote": {"03/20/2021": {"value": "0.0120", "Market Cap": "20.293M", "Beta (5Y Monthly)": "-2.52", "PE Ratio (TTM)": "0.00", "EPS (TTM)": "2.4410", "Earnings Date": "N/A", "Forward Dividend & Yield": "N/A (N/A)", "Ex-Dividend Date": "N/A", "1y Target Est": "14.00"}}, "fin": {}, "bs": {}, "cf": {}}}, {"DGDM": {"quote": {"03/20/2021": {"value": "0.0435", "Market Cap": "6.923M", "Beta (5Y Monthly)": "N/A", "PE Ratio (TTM)": "N/A", "EPS (TTM)": "-0.0040", "Earnings Date": "Nov 23, 2020", "Forward Dividend & Yield": "N/A (N/A)", "Ex-Dividend Date": "N/A", "1y Target Est": "N/A"}}, "fin": {"TTM": {"Duration": "TTM", "Total Revenue": "40.152", "Operating Expense": "341.539", "Operating Income": "-303.321", "Net Non Operating Interest Income Expense": "-", "Pretax Income": "-347.392", "Net Income Common Stockholders": "-347.392", "Diluted NI Available to Com Stockholders": "-347.392", "Basic EPS": "-", "Diluted EPS": "-", "Basic Average Shares": "-", "Diluted Average Shares": "-", "Total Operating Income as Reported": "-303.321", "Total Expenses": "343.473", "Net Income from Continuing & Discontinued Operation": "-347.392", "Normalized Income": "-347.392", "Interest Expense": "-", "Net Interest Income": "-", "EBIT": "-303.23", "EBITDA": "-303.23", "Net Income from Continuing Operation Net Minority Interest": "-347.392", "Normalized EBITDA": "-303.23", "Tax Rate for Calcs": "0", "Tax Effect of Unusual Items": "0"}, "12/31/2019": {"Duration": "12/31/2019", "Total Revenue": "0", "Operating Expense": "80.306", "Operating Income": "-80.306", "Net Non Operating Interest Income Expense": "-41.661", "Pretax Income": "-121.967", "Net Income Common Stockholders": "-121.967", "Diluted NI Available to Com Stockholders": "-121.967", "Basic EPS": "-0.00", "Diluted EPS": "-0.00", "Basic Average Shares": "85,971", "Diluted Average Shares": "85,971", "Total Operating Income as Reported": "-80.306", "Total Expenses": "80.306", "Net Income from Continuing & Discontinued Operation": "-121.967", "Normalized Income": "-121.967", "Interest Expense": "41.661", "Net Interest Income": "-41.661", "EBIT": "-80.306", "EBITDA": "-", "Net Income from Continuing Operation Net Minority Interest": "-121.967", "Normalized EBITDA": "-80.306", "Tax Rate for Calcs": "0", "Tax Effect of Unusual Items": "0"}, "12/31/2018": {"Duration": "12/31/2018", "Total Revenue": "0", "Operating Expense": "83.538", "Operating Income": "-83.538", "Net Non Operating Interest Income Expense": "-37.572", "Pretax Income": "-121.11", "Net Income Common Stockholders": "-121.11", "Diluted NI Available to Com Stockholders": "-121.11", "Basic EPS": "-0.00", "Diluted EPS": "-0.00", "Basic Average Shares": "85,971", "Diluted Average Shares": "85,971", "Total Operating Income as Reported": "-83.538", "Total Expenses": "83.538", "Net Income from Continuing & Discontinued Operation": "-121.11", "Normalized Income": "-121.11", "Interest Expense": "37.572", "Net Interest Income": "-37.572", "EBIT": "-83.538", "EBITDA": "-", "Net Income from Continuing Operation Net Minority Interest": "-121.11", "Normalized EBITDA": "-83.538", "Tax Rate for Calcs": "0", "Tax Effect of Unusual Items": "0"}}, "cf": {"TTM": {"Duration": "TTM", "Operating Cash Flow": "-249.79", "Financing Cash Flow": "225.546", "End Cash Position": "-4.183", "Income Tax Paid Supplemental Data": "-", "Interest Paid Supplemental Data": "-", "Issuance of Debt": "-", "Repayment of Debt": "-", "Free Cash Flow": "-250.31"}, "12/31/2019": {"Duration": "12/31/2019", "Operating Cash Flow": "-86.325", "Financing Cash Flow": "82.565", "End Cash Position": "0.973", "Income Tax Paid Supplemental Data": "0", "Interest Paid Supplemental Data": "0", "Issuance of Debt": "222.176", "Repayment of Debt": "-139.611", "Free Cash Flow": "-86.325"}, "12/31/2018": {"Duration": "12/31/2018", "Operating Cash Flow": "-76.098", "Financing Cash Flow": "79.258", "End Cash Position": "4.733", "Income Tax Paid Supplemental Data": "0", "Interest Paid Supplemental Data": "0", "Issuance of Debt": "79.258", "Repayment of Debt": "-", "Free Cash Flow": "-76.098"}}}}, {"FEIM": {"quote": {"03/20/2021": {"value": "12.06", "Market Cap": "110.947M", "Beta (5Y Monthly)": "0.61", "PE Ratio (TTM)": "N/A", "EPS (TTM)": "-0.41", "Earnings Date": "Mar 11, 2021", "Forward Dividend & Yield": "N/A (N/A)", "Ex-Dividend Date": "Dec 20, 2012", "1y Target Est": "N/A"}}, "fin": {"TTM": {"Duration": "TTM", "Total Revenue": "48,849", "Cost of Revenue": "36,799", "Gross Profit": "12,050", "Operating Expense": "16,766", "Operating Income": "-4,716", "Net Non Operating Interest Income Expense": "-116", "Other Income Expense": "-634", "Pretax Income": "-5,466", "Tax Provision": "-1,753", "Net Income Common Stockholders": "-3,713", "Diluted NI Available to Com Stockholders": "-3,713", "Basic EPS": "-", "Diluted EPS": "-", "Basic Average Shares": "-", "Diluted Average Shares": "-", "Total Operating Income as Reported": "-4,716", "Total Expenses": "53,565", "Net Income from Continuing & Discontinued Operation": "-3,713", "Normalized Income": "-3,869", "Interest Expense": "116", "Net Interest Income": "-116", "EBIT": "-5,350", "EBITDA": "-5,350", "Reconciled Cost of Revenue": "36,799", "Reconciled Depreciation": "-", "Net Income from Continuing Operation Net Minority Interest": "-3,713", "Total Unusual Items Excluding Goodwill": "230", "Total Unusual Items": "230", "Normalized EBITDA": "-5,580", "Tax Rate for Calcs": "0", "Tax Effect of Unusual Items": "73.7633"}, "4/30/2020": {"Duration": "4/30/2020", "Total Revenue": "41,507", "Cost of Revenue": "35,759", "Gross Profit": "5,748", "Operating Expense": "16,670", "Operating Income": "-10,922", "Net Non Operating Interest Income Expense": "-107", "Other Income Expense": "-739", "Pretax Income": "-11,768", "Tax Provision": "-1,742", "Net Income Common Stockholders": "-10,026", "Diluted NI Available to Com Stockholders": "-10,026", "Basic EPS": "-1.10", "Diluted EPS": "-1.10", "Basic Average Shares": "9,074", "Diluted Average Shares": "9,074", "Total Operating Income as Reported": "-10,922", "Total Expenses": "52,429", "Net Income from Continuing & Discontinued Operation": "-10,026", "Normalized Income": "-10,306", "Interest Expense": "107", "Net Interest Income": "-107", "EBIT": "-11,661", "EBITDA": "-", "Reconciled Cost of Revenue": "35,759", "Reconciled Depreciation": "3,319", "Net Income from Continuing Operation Net Minority Interest": "-10,026", "Total Unusual Items Excluding Goodwill": "329", "Total Unusual Items": "329", "Normalized EBITDA": "-8,671", "Tax Rate for Calcs": "0", "Tax Effect of Unusual Items": "48.692"}, "4/30/2019": {"Duration": "4/30/2019", "Total Revenue": "49,509", "Cost of Revenue": "33,720", "Gross Profit": "15,789", "Operating Expense": "18,606", "Operating Income": "-2,817", "Net Non Operating Interest Income Expense": "-83", "Other Income Expense": "427", "Pretax Income": "-2,473", "Tax Provision": "56", "Net Income Common Stockholders": "-2,529", "Diluted NI Available to Com Stockholders": "-2,529", "Basic EPS": "-0.28", "Diluted EPS": "-0.28", "Basic Average Shares": "8,916", "Diluted Average Shares": "8,916", "Total Operating Income as Reported": "-2,817", "Total Expenses": "52,326", "Net Income from Continuing & Discontinued Operation": "-2,529", "Normalized Income": "-2,743", "Interest Expense": "83", "Net Interest Income": "-83", "EBIT": "-2,390", "EBITDA": "-", "Reconciled Cost of Revenue": "33,720", "Reconciled Depreciation": "2,802", "Net Income from Continuing Operation Net Minority Interest": "-2,529", "Total Unusual Items Excluding Goodwill": "293", "Total Unusual Items": "293", "Normalized EBITDA": "119", "Tax Rate for Calcs": "0", "Tax Effect of Unusual Items": "79.11"}, "4/30/2018": {"Duration": "4/30/2018", "Total Revenue": "39,407", "Cost of Revenue": "34,244", "Gross Profit": "5,163", "Operating Expense": "17,558", "Operating Income": "-12,395", "Net Non Operating Interest Income Expense": "-79", "Other Income Expense": "1,199", "Pretax Income": "-11,275", "Tax Provision": "11,176", "Net Income Common Stockholders": "-23,777", "Diluted NI Available to Com Stockholders": "-23,777", "Basic EPS": "-2.69", "Diluted EPS": "-2.69", "Basic Average Shares": "8,841", "Diluted Average Shares": "8,841", "Total Operating Income as Reported": "-12,395", "Total Expenses": "51,802", "Net Income from Continuing & Discontinued Operation": "-23,777", "Normalized Income": "-23,377", "Interest Expense": "79", "Net Interest Income": "-79", "EBIT": "-11,196", "EBITDA": "-", "Reconciled Cost of Revenue": "34,244", "Reconciled Depreciation": "2,484", "Net Income from Continuing Operation Net Minority Interest": "-22,451", "Total Unusual Items Excluding Goodwill": "1,268", "Total Unusual Items": "1,268", "Normalized EBITDA": "-9,980", "Tax Rate for Calcs": "0", "Tax Effect of Unusual Items": "342.36"}}, "bs": {"4/30/2020": {"Duration": "4/30/2020", "Total Assets": "91,276", "Total Liabilities Net Minority Interest": "37,040", "Total Equity Gross Minority Interest": "54,236", "Total Capitalization": "54,236", "Common Stock Equity": "54,236", "Capital Lease Obligations": "11,313", "Net Tangible Assets": "53,619", "Working Capital": "38,247", "Invested Capital": "59,201", "Tangible Book Value": "53,619", "Total Debt": "16,278", "Net Debt": "1,157", "Share Issued": "9,164", "Ordinary Shares Number": "9,121", "Treasury Shares Number": "43"}, "4/30/2019": {"Duration": "4/30/2019", "Total Assets": "86,771", "Total Liabilities Net Minority Interest": "23,682", "Total Equity Gross Minority Interest": "63,089", "Total Capitalization": "63,089", "Common Stock Equity": "63,089", "Capital Lease Obligations": "-", "Net Tangible Assets": "62,472", "Working Capital": "46,862", "Invested Capital": "63,089", "Tangible Book Value": "62,472", "Total Debt": "-", "Net Debt": "-", "Share Issued": "9,164", "Ordinary Shares Number": "8,980", "Treasury Shares Number": "184"}, "4/30/2018": {"Duration": "4/30/2018", "Total Assets": "83,584", "Total Liabilities Net Minority Interest": "20,322", "Total Equity Gross Minority Interest": "63,262", "Total Capitalization": "63,262", "Common Stock Equity": "63,262", "Capital Lease Obligations": "-", "Net Tangible Assets": "62,645", "Working Capital": "46,818", "Invested Capital": "63,262", "Tangible Book Value": "62,645", "Total Debt": "-", "Net Debt": "-", "Share Issued": "9,164", "Ordinary Shares Number": "8,867", "Treasury Shares Number": "297"}}, "cf": {"TTM": {"Duration": "TTM", "Operating Cash Flow": "8,686", "Investing Cash Flow": "-1,701", "Financing Cash Flow": "0", "End Cash Position": "7,255", "Income Tax Paid Supplemental Data": "-", "Interest Paid Supplemental Data": "126", "Capital Expenditure": "-813", "Issuance of Debt": "7,965", "Repayment of Debt": "-", "Free Cash Flow": "7,873"}, "4/30/2020": {"Duration": "4/30/2020", "Operating Cash Flow": "-1,407", "Investing Cash Flow": "-3,433", "Financing Cash Flow": "4,965", "End Cash Position": "3,808", "Income Tax Paid Supplemental Data": "-", "Interest Paid Supplemental Data": "99", "Capital Expenditure": "-1,483", "Issuance of Debt": "4,965", "Repayment of Debt": "-", "Free Cash Flow": "-2,890"}, "4/30/2019": {"Duration": "4/30/2019", "Operating Cash Flow": "-97", "Investing Cash Flow": "-4,660", "Financing Cash Flow": "-", "End Cash Position": "3,718", "Income Tax Paid Supplemental Data": "0", "Interest Paid Supplemental Data": "83", "Capital Expenditure": "-2,767", "Issuance of Debt": "-", "Repayment of Debt": "-", "Free Cash Flow": "-2,864"}, "4/30/2018": {"Duration": "4/30/2018", "Operating Cash Flow": "4,533", "Investing Cash Flow": "341", "Financing Cash Flow": "0", "End Cash Position": "7,869", "Income Tax Paid Supplemental Data": "325", "Interest Paid Supplemental Data": "79", "Capital Expenditure": "-1,418", "Issuance of Debt": "-", "Repayment of Debt": "0", "Free Cash Flow": "3,115"}}}}, {"ELST": {"quote": {"03/20/2021": {"value": "0.3101", "Market Cap": "1.534M", "Beta (5Y Monthly)": "0.55", "PE Ratio (TTM)": "N/A", "EPS (TTM)": "-0.0410", "Earnings Date": "N/A", "Forward Dividend & Yield": "N/A (N/A)", "Ex-Dividend Date": "Jun 16, 2011", "1y Target Est": "N/A"}}, "fin": {"TTM": {"Duration": "TTM", "Total Revenue": "1,308", "Cost of Revenue": "637.581", "Gross Profit": "670.769", "Operating Expense": "936.98", "Operating Income": "-266.211", "Net Non Operating Interest Income Expense": "19.774", "Other Income Expense": "9", "Pretax Income": "-246.437", "Tax Provision": "0", "Net Income Common Stockholders": "-246.437", "Diluted NI Available to Com Stockholders": "-246.437", "Basic EPS": "-", "Diluted EPS": "-", "Basic Average Shares": "-", "Diluted Average Shares": "-", "Total Operating Income as Reported": "-266.211", "Rent Expense Supplemental": "-", "Total Expenses": "1,575", "Net Income from Continuing & Discontinued Operation": "-246.437", "Normalized Income": "-246.437", "Interest Income": "19.774", "Net Interest Income": "19.774", "EBIT": "-266.211", "EBITDA": "-258.496", "Reconciled Cost of Revenue": "637.581", "Reconciled Depreciation": "7.715", "Net Income from Continuing Operation Net Minority Interest": "-246.437", "Total Unusual Items Excluding Goodwill": "-", "Total Unusual Items": "-", "Normalized EBITDA": "-258.496", "Tax Rate for Calcs": "0", "Tax Effect of Unusual Items": "0"}, "12/31/2020": {"Duration": "12/31/2020", "Total Revenue": "1,225", "Cost of Revenue": "608.654", "Gross Profit": "616.718", "Operating Expense": "839.173", "Operating Income": "-222.455", "Net Non Operating Interest Income Expense": "10.736", "Other Income Expense": "9", "Pretax Income": "-202.719", "Tax Provision": "0", "Net Income Common Stockholders": "-202.719", "Diluted NI Available to Com Stockholders": "-202.719", "Basic EPS": "-", "Diluted EPS": "-", "Basic Average Shares": "-", "Diluted Average Shares": "-", "Total Operating Income as Reported": "-222.455", "Rent Expense Supplemental": "-", "Total Expenses": "1,448", "Net Income from Continuing & Discontinued Operation": "-202.719", "Normalized Income": "-202.719", "Interest Income": "10.736", "Net Interest Income": "10.736", "EBIT": "-222.455", "EBITDA": "-", "Reconciled Cost of Revenue": "608.654", "Reconciled Depreciation": "6.953", "Net Income from Continuing Operation Net Minority Interest": "-202.719", "Total Unusual Items Excluding Goodwill": "-", "Total Unusual Items": "-", "Normalized EBITDA": "-215.502", "Tax Rate for Calcs": "0", "Tax Effect of Unusual Items": "0"}, "12/31/2019": {"Duration": "12/31/2019", "Total Revenue": "1,409", "Cost of Revenue": "664.265", "Gross Profit": "744.283", "Operating Expense": "957.438", "Operating Income": "-213.155", "Net Non Operating Interest Income Expense": "22.198", "Other Income Expense": "-", "Pretax Income": "-190.957", "Tax Provision": "0", "Net Income Common Stockholders": "-190.957", "Diluted NI Available to Com Stockholders": "-190.957", "Basic EPS": "-0.04", "Diluted EPS": "-0.04", "Basic Average Shares": "4,949", "Diluted Average Shares": "4,949", "Total Operating Income as Reported": "-213.155", "Rent Expense Supplemental": "-", "Total Expenses": "1,622", "Net Income from Continuing & Discontinued Operation": "-190.957", "Normalized Income": "-190.957", "Interest Income": "22.198", "Net Interest Income": "22.198", "EBIT": "-213.155", "EBITDA": "-", "Reconciled Cost of Revenue": "664.265", "Reconciled Depreciation": "7.97", "Net Income from Continuing Operation Net Minority Interest": "-190.957", "Total Unusual Items Excluding Goodwill": "-", "Total Unusual Items": "-", "Normalized EBITDA": "-205.185", "Tax Rate for Calcs": "0", "Tax Effect of Unusual Items": "0"}, "12/31/2018": {"Duration": "12/31/2018", "Total Revenue": "1,395", "Cost of Revenue": "675.598", "Gross Profit": "719.432", "Operating Expense": "853.628", "Operating Income": "-134.196", "Net Non Operating Interest Income Expense": "18.097", "Other Income Expense": "-", "Pretax Income": "-116.099", "Tax Provision": "0", "Net Income Common Stockholders": "-116.099", "Diluted NI Available to Com Stockholders": "-116.099", "Basic EPS": "-0.02", "Diluted EPS": "-0.02", "Basic Average Shares": "4,986", "Diluted Average Shares": "4,986", "Total Operating Income as Reported": "-134.196", "Rent Expense Supplemental": "-", "Total Expenses": "1,529", "Net Income from Continuing & Discontinued Operation": "-116.099", "Normalized Income": "-116.099", "Interest Income": "18.097", "Net Interest Income": "18.097", "EBIT": "-134.196", "EBITDA": "-", "Reconciled Cost of Revenue": "675.598", "Reconciled Depreciation": "11.076", "Net Income from Continuing Operation Net Minority Interest": "-116.099", "Total Unusual Items Excluding Goodwill": "-", "Total Unusual Items": "-", "Normalized EBITDA": "-123.12", "Tax Rate for Calcs": "0", "Tax Effect of Unusual Items": "0"}}, "bs": {"12/31/2020": {"Duration": "12/31/2020", "Total Assets": "1,832", "Total Liabilities Net Minority Interest": "285.263", "Total Equity Gross Minority Interest": "1,547", "Total Capitalization": "1,719", "Common Stock Equity": "1,547", "Capital Lease Obligations": "65.388", "Net Tangible Assets": "1,547", "Working Capital": "1,677", "Invested Capital": "1,719", "Tangible Book Value": "1,547", "Total Debt": "237.1", "Share Issued": "4,947", "Ordinary Shares Number": "4,947"}, "12/31/2019": {"Duration": "12/31/2019", "Total Assets": "1,904", "Total Liabilities Net Minority Interest": "156.909", "Total Equity Gross Minority Interest": "1,747", "Total Capitalization": "1,747", "Common Stock Equity": "1,747", "Capital Lease Obligations": "39.641", "Net Tangible Assets": "1,747", "Working Capital": "1,695", "Invested Capital": "1,747", "Tangible Book Value": "1,747", "Total Debt": "39.641", "Share Issued": "4,947", "Ordinary Shares Number": "4,947"}, "12/31/2018": {"Duration": "12/31/2018", "Total Assets": "2,051", "Total Liabilities Net Minority Interest": "97.668", "Total Equity Gross Minority Interest": "1,953", "Total Capitalization": "1,953", "Common Stock Equity": "1,953", "Capital Lease Obligations": "-", "Net Tangible Assets": "1,953", "Working Capital": "1,933", "Invested Capital": "1,953", "Tangible Book Value": "1,953", "Total Debt": "-", "Share Issued": "4,986", "Ordinary Shares Number": "4,986"}}, "cf": {"TTM": {"Duration": "TTM", "Operating Cash Flow": "-278.473", "Investing Cash Flow": "250.001", "Financing Cash Flow": "0", "End Cash Position": "297.906", "Issuance of Debt": "171.712", "Repurchase of Capital Stock": "0", "Free Cash Flow": "-278.473"}, "12/31/2020": {"Duration": "12/31/2020", "Operating Cash Flow": "-288.539", "Investing Cash Flow": "150.001", "Financing Cash Flow": "171.712", "End Cash Position": "308.11", "Issuance of Debt": "171.712", "Repurchase of Capital Stock": "0", "Free Cash Flow": "-288.539"}, "12/31/2019": {"Duration": "12/31/2019", "Operating Cash Flow": "-283.811", "Investing Cash Flow": "250", "Financing Cash Flow": "-14.92", "End Cash Position": "274.936", "Issuance of Debt": "-", "Repurchase of Capital Stock": "-14.92", "Free Cash Flow": "-283.811"}, "12/31/2018": {"Duration": "12/31/2018", "Operating Cash Flow": "15.688", "Investing Cash Flow": "100", "Financing Cash Flow": "-0.121", "End Cash Position": "323.667", "Issuance of Debt": "-", "Repurchase of Capital Stock": "-0.121", "Free Cash Flow": "15.688"}}}}, {"FKWL": {"quote": {"03/20/2021": {"value": "18.00", "Market Cap": "208.373M", "Beta (5Y Monthly)": "0.16", "PE Ratio (TTM)": "10.72", "EPS (TTM)": "1.68", "Earnings Date": "Feb 17, 2021", "Forward Dividend & Yield": "N/A (N/A)", "Ex-Dividend Date": "N/A", "1y Target Est": "28.00"}}, "fin": {"TTM": {"Duration": "TTM", "Total Revenue": "128,771", "Cost of Revenue": "104,596", "Gross Profit": "24,175", "Operating Expense": "8,168", "Operating Income": "16,008", "Net Non Operating Interest Income Expense": "107.613", "Other Income Expense": "10.963", "Pretax Income": "16,126", "Tax Provision": "3,320", "Net Income Common Stockholders": "12,217", "Diluted NI Available to Com Stockholders": "12,217", "Basic EPS": "-", "Diluted EPS": "-", "Basic Average Shares": "-", "Diluted Average Shares": "-", "Total Operating Income as Reported": "15,973", "Total Expenses": "112,764", "Net Income from Continuing & Discontinued Operation": "12,217", "Normalized Income": "12,217", "Interest Income": "107.613", "Net Interest Income": "107.613", "EBIT": "16,008", "EBITDA": "17,079", "Reconciled Cost of Revenue": "104,596", "Reconciled Depreciation": "1,072", "Net Income from Continuing Operation Net Minority Interest": "12,217", "Total Unusual Items Excluding Goodwill": "-", "Total Unusual Items": "-", "Normalized EBITDA": "17,079", "Tax Rate for Calcs": "0", "Tax Effect of Unusual Items": "0"}, "6/30/2020": {"Duration": "6/30/2020", "Total Revenue": "75,072", "Cost of Revenue": "60,548", "Gross Profit": "14,524", "Operating Expense": "7,430", "Operating Income": "7,094", "Net Non Operating Interest Income Expense": "159.749", "Other Income Expense": "44.733", "Pretax Income": "7,299", "Tax Provision": "1,380", "Net Income Common Stockholders": "5,551", "Diluted NI Available to Com Stockholders": "5,551", "Basic EPS": "0.52", "Diluted EPS": "0.52", "Basic Average Shares": "10,581", "Diluted Average Shares": "10,716", "Total Operating Income as Reported": "7,078", "Total Expenses": "67,978", "Net Income from Continuing & Discontinued Operation": "5,551", "Normalized Income": "5,551", "Interest Income": "159.749", "Net Interest Income": "159.749", "EBIT": "7,094", "EBITDA": "-", "Reconciled Cost of Revenue": "60,548", "Reconciled Depreciation": "937.061", "Net Income from Continuing Operation Net Minority Interest": "5,551", "Total Unusual Items Excluding Goodwill": "-", "Total Unusual Items": "-", "Normalized EBITDA": "8,031", "Tax Rate for Calcs": "0", "Tax Effect of Unusual Items": "0"}, "6/30/2019": {"Duration": "6/30/2019", "Total Revenue": "36,469", "Cost of Revenue": "30,729", "Gross Profit": "5,739", "Operating Expense": "7,783", "Operating Income": "-2,043", "Net Non Operating Interest Income Expense": "138.462", "Other Income Expense": "2.291", "Pretax Income": "-1,903", "Tax Provision": "-428.745", "Net Income Common Stockholders": "-1,276", "Diluted NI Available to Com Stockholders": "-1,276", "Basic EPS": "-0.12", "Diluted EPS": "-0.12", "Basic Average Shares": "10,570", "Diluted Average Shares": "10,570", "Total Operating Income as Reported": "-2,107", "Total Expenses": "38,512", "Net Income from Continuing & Discontinued Operation": "-1,276", "Normalized Income": "-1,276", "Interest Income": "138.462", "Net Interest Income": "138.462", "EBIT": "-2,043", "EBITDA": "-", "Reconciled Cost of Revenue": "30,729", "Reconciled Depreciation": "515.144", "Net Income from Continuing Operation Net Minority Interest": "-1,276", "Total Unusual Items Excluding Goodwill": "-", "Total Unusual Items": "-", "Normalized EBITDA": "-1,528", "Tax Rate for Calcs": "0", "Tax Effect of Unusual Items": "0"}, "6/30/2018": {"Duration": "6/30/2018", "Total Revenue": "30,066", "Cost of Revenue": "24,874", "Gross Profit": "5,192", "Operating Expense": "7,553", "Operating Income": "-2,361", "Net Non Operating Interest Income Expense": "10.007", "Other Income Expense": "-8.541", "Pretax Income": "-2,360", "Tax Provision": "-186.973", "Net Income Common Stockholders": "-2,092", "Diluted NI Available to Com Stockholders": "-2,092", "Basic EPS": "-0.20", "Diluted EPS": "-0.20", "Basic Average Shares": "10,539", "Diluted Average Shares": "10,539", "Total Operating Income as Reported": "-2,692", "Total Expenses": "32,427", "Net Income from Continuing & Discontinued Operation": "-2,092", "Normalized Income": "-2,092", "Interest Income": "10.007", "Net Interest Income": "10.007", "EBIT": "-2,361", "EBITDA": "-", "Reconciled Cost of Revenue": "24,874", "Reconciled Depreciation": "607.822", "Net Income from Continuing Operation Net Minority Interest": "-2,092", "Total Unusual Items Excluding Goodwill": "-", "Total Unusual Items": "-", "Normalized EBITDA": "-1,753", "Tax Rate for Calcs": "0", "Tax Effect of Unusual Items": "0"}}, "bs": {"6/30/2020": {"Duration": "6/30/2020", "Total Assets": "65,392", "Total Liabilities Net Minority Interest": "44,256", "Total Equity Gross Minority Interest": "21,136", "Total Capitalization": "20,841", "Common Stock Equity": "20,354", "Capital Lease Obligations": "1,185", "Net Tangible Assets": "18,955", "Working Capital": "18,427", "Invested Capital": "20,841", "Tangible Book Value": "18,955", "Total Debt": "1,672", "Share Issued": "14,078", "Ordinary Shares Number": "10,606", "Treasury Shares Number": "3,472"}, "6/30/2019": {"Duration": "6/30/2019", "Total Assets": "21,195", "Total Liabilities Net Minority Interest": "5,921", "Total Equity Gross Minority Interest": "15,274", "Total Capitalization": "14,785", "Common Stock Equity": "14,785", "Capital Lease Obligations": "-", "Net Tangible Assets": "13,402", "Working Capital": "11,218", "Invested Capital": "14,785", "Tangible Book Value": "13,402", "Total Debt": "-", "Share Issued": "14,042", "Ordinary Shares Number": "10,570", "Treasury Shares Number": "3,472"}, "6/30/2018": {"Duration": "6/30/2018", "Total Assets": "25,137", "Total Liabilities Net Minority Interest": "8,101", "Total Equity Gross Minority Interest": "17,035", "Total Capitalization": "16,114", "Common Stock Equity": "16,114", "Capital Lease Obligations": "-", "Net Tangible Assets": "14,844", "Working Capital": "13,648", "Invested Capital": "16,114", "Tangible Book Value": "14,844", "Total Debt": "-", "Share Issued": "14,042", "Ordinary Shares Number": "10,570", "Treasury Shares Number": "3,472"}}, "cf": {"TTM": {"Duration": "TTM", "Operating Cash Flow": "55,661", "Investing Cash Flow": "-848.198", "Financing Cash Flow": "6,576", "End Cash Position": "70,775", "Income Tax Paid Supplemental Data": "1,941", "Interest Paid Supplemental Data": "-", "Capital Expenditure": "-764.321", "Issuance of Debt": "-", "Repurchase of Capital Stock": "-", "Free Cash Flow": "54,897"}, "6/30/2020": {"Duration": "6/30/2020", "Operating Cash Flow": "22,004", "Investing Cash Flow": "-794.969", "Financing Cash Flow": "520.428", "End Cash Position": "28,162", "Income Tax Paid Supplemental Data": "0.8", "Interest Paid Supplemental Data": "-", "Capital Expenditure": "-718.277", "Issuance of Debt": "487.3", "Repurchase of Capital Stock": "-", "Free Cash Flow": "21,286"}, "6/30/2019": {"Duration": "6/30/2019", "Operating Cash Flow": "775.09", "Investing Cash Flow": "-6,251", "Financing Cash Flow": "0", "End Cash Position": "6,448", "Income Tax Paid Supplemental Data": "0.801", "Interest Paid Supplemental Data": "-", "Capital Expenditure": "-636.154", "Issuance of Debt": "-", "Repurchase of Capital Stock": "-", "Free Cash Flow": "138.936"}, "6/30/2018": {"Duration": "6/30/2018", "Operating Cash Flow": "-2,009", "Investing Cash Flow": "-399.185", "Financing Cash Flow": "67", "End Cash Position": "11,976", "Income Tax Paid Supplemental Data": "0.8", "Interest Paid Supplemental Data": "-", "Capital Expenditure": "-399.185", "Issuance of Debt": "-", "Repurchase of Capital Stock": "-", "Free Cash Flow": "-2,408"}}}}, {"GILT": {"quote": {"03/20/2021": {"value": "12.29", "Market Cap": "693.555M", "Beta (5Y Monthly)": "0.50", "PE Ratio (TTM)": "19.54", "EPS (TTM)": "0.63", "Earnings Date": "May 18, 2017 - May 22, 2017", "Forward Dividend & Yield": "0.99 (7.69%)", "Ex-Dividend Date": "Jan 08, 2021", "1y Target Est": "N/A"}}, "fin": {"TTM": {"Duration": "TTM", "Total Revenue": "227,686", "Cost of Revenue": "158,890", "Gross Profit": "68,796", "Operating Expense": "63,834", "Operating Income": "4,962", "Net Non Operating Interest Income Expense": "-2,543", "Other Income Expense": "53,633", "Pretax Income": "-635", "Tax Provision": "-14,964", "Net Income Common Stockholders": "14,329", "Diluted NI Available to Com Stockholders": "14,329", "Basic EPS": "-", "Diluted EPS": "-", "Basic Average Shares": "-", "Diluted Average Shares": "-", "Total Operating Income as Reported": "2,011", "Total Expenses": "222,724", "Net Income from Continuing & Discontinued Operation": "14,329", "Normalized Income": "14,329", "Interest Income": "399", "Interest Expense": "424", "Net Interest Income": "-2,543", "EBIT": "-211", "EBITDA": "10,357", "Reconciled Cost of Revenue": "158,890", "Reconciled Depreciation": "10,568", "Net Income from Continuing Operation Net Minority Interest": "14,329", "Total Unusual Items Excluding Goodwill": "53,633", "Total Unusual Items": "53,633", "Normalized EBITDA": "10,357", "Tax Rate for Calcs": "0", "Tax Effect of Unusual Items": "0"}, "12/31/2020": {"Duration": "12/31/2020", "Total Revenue": "165,885", "Cost of Revenue": "124,670", "Gross Profit": "41,215", "Operating Expense": "57,237", "Operating Income": "-16,022", "Net Non Operating Interest Income Expense": "-1,731", "Other Income Expense": "53,457", "Pretax Income": "35,704", "Tax Provision": "793", "Net Income Common Stockholders": "34,911", "Diluted NI Available to Com Stockholders": "34,911", "Basic EPS": "-", "Diluted EPS": "-", "Basic Average Shares": "-", "Diluted Average Shares": "-", "Total Operating Income as Reported": "37,611", "Total Expenses": "181,907", "Net Income from Continuing & Discontinued Operation": "34,911", "Normalized Income": "-17,359", "Interest Income": "399", "Interest Expense": "195", "Net Interest Income": "-1,731", "EBIT": "35,899", "EBITDA": "-", "Reconciled Cost of Revenue": "124,670", "Reconciled Depreciation": "10,291", "Net Income from Continuing Operation Net Minority Interest": "34,911", "Total Unusual Items Excluding Goodwill": "53,457", "Total Unusual Items": "53,457", "Normalized EBITDA": "-7,267", "Tax Rate for Calcs": "0", "Tax Effect of Unusual Items": "1,187"}, "12/31/2019": {"Duration": "12/31/2019", "Total Revenue": "263,492", "Cost of Revenue": "167,615", "Gross Profit": "95,877", "Operating Expense": "70,305", "Operating Income": "25,572", "Net Non Operating Interest Income Expense": "-2,514", "Other Income Expense": "-103", "Pretax Income": "22,955", "Tax Provision": "-13,583", "Net Income Common Stockholders": "36,538", "Diluted NI Available to Com Stockholders": "36,538", "Basic EPS": "0.66", "Diluted EPS": "0.65", "Basic Average Shares": "55,369", "Diluted Average Shares": "56,031", "Total Operating Income as Reported": "25,572", "Total Expenses": "237,920", "Net Income from Continuing & Discontinued Operation": "36,538", "Normalized Income": "36,617", "Interest Income": "1,472", "Interest Expense": "395", "Net Interest Income": "-2,514", "EBIT": "23,350", "EBITDA": "-", "Reconciled Cost of Revenue": "167,615", "Reconciled Depreciation": "10,978", "Net Income from Continuing Operation Net Minority Interest": "36,538", "Total Unusual Items Excluding Goodwill": "-103", "Total Unusual Items": "-103", "Normalized EBITDA": "34,431", "Tax Rate for Calcs": "0", "Tax Effect of Unusual Items": "-23.69"}, "12/31/2018": {"Duration": "12/31/2018", "Total Revenue": "266,391", "Cost of Revenue": "172,354", "Gross Profit": "94,037", "Operating Expense": "72,753", "Operating Income": "21,284", "Net Non Operating Interest Income Expense": "-3,224", "Other Income Expense": "-1,074", "Pretax Income": "16,986", "Tax Provision": "-1,423", "Net Income Common Stockholders": "18,409", "Diluted NI Available to Com Stockholders": "18,409", "Basic EPS": "0.34", "Diluted EPS": "0.33", "Basic Average Shares": "54,927", "Diluted Average Shares": "55,753", "Total Operating Income as Reported": "21,284", "Total Expenses": "245,107", "Net Income from Continuing & Discontinued Operation": "18,409", "Normalized Income": "19,236", "Interest Income": "981", "Interest Expense": "614", "Net Interest Income": "-3,224", "EBIT": "17,600", "EBITDA": "-", "Reconciled Cost of Revenue": "172,354", "Reconciled Depreciation": "13,149", "Net Income from Continuing Operation Net Minority Interest": "18,409", "Total Unusual Items Excluding Goodwill": "-1,074", "Total Unusual Items": "-1,074", "Normalized EBITDA": "31,823", "Tax Rate for Calcs": "0", "Tax Effect of Unusual Items": "-247.02"}}, "bs": {"12/31/2020": {"Duration": "12/31/2020", "Total Assets": "393,806", "Total Liabilities Net Minority Interest": "159,996", "Total Equity Gross Minority Interest": "233,810", "Total Capitalization": "233,810", "Common Stock Equity": "233,810", "Capital Lease Obligations": "4,896", "Net Tangible Assets": "189,260", "Working Capital": "86,052", "Invested Capital": "237,810", "Tangible Book Value": "189,260", "Total Debt": "8,896", "Share Issued": "55,560", "Ordinary Shares Number": "55,560"}, "12/31/2019": {"Duration": "12/31/2019", "Total Assets": "391,836", "Total Liabilities Net Minority Interest": "138,248", "Total Equity Gross Minority Interest": "253,588", "Total Capitalization": "257,588", "Common Stock Equity": "253,588", "Capital Lease Obligations": "5,235", "Net Tangible Assets": "208,597", "Working Capital": "102,529", "Invested Capital": "261,684", "Tangible Book Value": "208,597", "Total Debt": "13,331", "Share Issued": "55,493", "Ordinary Shares Number": "55,493"}, "12/31/2018": {"Duration": "12/31/2018", "Total Assets": "394,747", "Total Liabilities Net Minority Interest": "155,675", "Total Equity Gross Minority Interest": "239,072", "Total Capitalization": "247,170", "Common Stock Equity": "239,072", "Capital Lease Obligations": "-", "Net Tangible Assets": "193,170", "Working Capital": "105,765", "Invested Capital": "251,628", "Tangible Book Value": "193,170", "Total Debt": "12,556", "Share Issued": "55,176", "Ordinary Shares Number": "55,176"}}, "cf": {"TTM": {"Duration": "TTM", "Operating Cash Flow": "43,160", "Investing Cash Flow": "-4,716", "Financing Cash Flow": "-24,095", "End Cash Position": "115,958", "Income Tax Paid Supplemental Data": "1,084", "Interest Paid Supplemental Data": "293", "Capital Expenditure": "-4,716", "Issuance of Capital Stock": "-", "Repayment of Debt": "-4,096", "Free Cash Flow": "38,444"}, "12/31/2020": {"Duration": "12/31/2020", "Operating Cash Flow": "43,160", "Investing Cash Flow": "-4,716", "Financing Cash Flow": "-24,095", "End Cash Position": "115,958", "Income Tax Paid Supplemental Data": "1,084", "Interest Paid Supplemental Data": "293", "Capital Expenditure": "-4,716", "Issuance of Capital Stock": "-", "Repayment of Debt": "-4,096", "Free Cash Flow": "38,444"}, "12/31/2019": {"Duration": "12/31/2019", "Operating Cash Flow": "34,782", "Investing Cash Flow": "-7,982", "Financing Cash Flow": "-28,936", "End Cash Position": "101,969", "Income Tax Paid Supplemental Data": "1,580", "Interest Paid Supplemental Data": "509", "Capital Expenditure": "-7,982", "Issuance of Capital Stock": "-", "Repayment of Debt": "-4,447", "Free Cash Flow": "26,800"}, "12/31/2018": {"Duration": "12/31/2018", "Operating Cash Flow": "32,017", "Investing Cash Flow": "-10,759", "Financing Cash Flow": "-2,321", "End Cash Position": "104,204", "Income Tax Paid Supplemental Data": "3,900", "Interest Paid Supplemental Data": "303", "Capital Expenditure": "-10,759", "Issuance of Capital Stock": "0", "Repayment of Debt": "-4,470", "Free Cash Flow": "21,258"}}}}, {"WTT": {"quote": {"03/20/2021": {"value": "1.8500", "Market Cap": "40.072M", "Beta (5Y Monthly)": "0.75", "PE Ratio (TTM)": "N/A", "EPS (TTM)": "-0.1110", "Earnings Date": "Mar 19, 2021", "Forward Dividend & Yield": "N/A (N/A)", "Ex-Dividend Date": "Nov 02, 2005", "1y Target Est": "6.25"}}, "fin": {"TTM": {"Duration": "TTM", "Total Revenue": "42,972", "Cost of Revenue": "21,619", "Gross Profit": "21,353", "Operating Expense": "23,666", "Operating Income": "-2,313", "Net Non Operating Interest Income Expense": "-784", "Other Income Expense": "-23", "Pretax Income": "-3,120", "Tax Provision": "-764", "Net Income Common Stockholders": "-2,356", "Diluted NI Available to Com Stockholders": "-2,356", "Basic EPS": "-", "Diluted EPS": "-", "Basic Average Shares": "-", "Diluted Average Shares": "-", "Total Operating Income as Reported": "-2,313", "Total Expenses": "45,285", "Net Income from Continuing & Discontinued Operation": "-2,356", "Normalized Income": "-2,356", "Interest Expense": "784", "Net Interest Income": "-784", "EBIT": "-2,336", "EBITDA": "-225", "Reconciled Cost of Revenue": "21,619", "Reconciled Depreciation": "2,111", "Net Income from Continuing Operation Net Minority Interest": "-2,356", "Total Unusual Items Excluding Goodwill": "-", "Total Unusual Items": "-", "Normalized EBITDA": "-225", "Tax Rate for Calcs": "0", "Tax Effect of Unusual Items": "0"}, "12/31/2019": {"Duration": "12/31/2019", "Total Revenue": "48,921", "Cost of Revenue": "26,632", "Gross Profit": "22,289", "Operating Expense": "23,768", "Operating Income": "-1,479", "Net Non Operating Interest Income Expense": "-305", "Other Income Expense": "-2", "Pretax Income": "-1,786", "Tax Provision": "-1,372", "Net Income Common Stockholders": "-414", "Diluted NI Available to Com Stockholders": "-414", "Basic EPS": "-0.02", "Diluted EPS": "-0.02", "Basic Average Shares": "21,111", "Diluted Average Shares": "21,111", "Total Operating Income as Reported": "-1,479", "Total Expenses": "50,400", "Net Income from Continuing & Discontinued Operation": "-414", "Normalized Income": "-414", "Interest Expense": "305", "Net Interest Income": "-305", "EBIT": "-1,481", "EBITDA": "-", "Reconciled Cost of Revenue": "26,632", "Reconciled Depreciation": "2,151", "Net Income from Continuing Operation Net Minority Interest": "-414", "Total Unusual Items Excluding Goodwill": "0", "Total Unusual Items": "0", "Normalized EBITDA": "670", "Tax Rate for Calcs": "0", "Tax Effect of Unusual Items": "0"}, "12/31/2018": {"Duration": "12/31/2018", "Total Revenue": "52,788", "Cost of Revenue": "28,621", "Gross Profit": "24,167", "Operating Expense": "22,810", "Operating Income": "1,357", "Net Non Operating Interest Income Expense": "-575", "Other Income Expense": "-699", "Pretax Income": "83", "Tax Provision": "48", "Net Income Common Stockholders": "35", "Diluted NI Available to Com Stockholders": "35", "Basic EPS": "0.00", "Diluted EPS": "0.00", "Basic Average Shares": "20,858", "Diluted Average Shares": "21,566", "Total Operating Income as Reported": "779", "Total Expenses": "51,431", "Net Income from Continuing & Discontinued Operation": "35", "Normalized Income": "456.94", "Interest Expense": "575", "Net Interest Income": "-575", "EBIT": "658", "EBITDA": "-", "Reconciled Cost of Revenue": "28,621", "Reconciled Depreciation": "2,305", "Net Income from Continuing Operation Net Minority Interest": "35", "Total Unusual Items Excluding Goodwill": "-578", "Total Unusual Items": "-578", "Normalized EBITDA": "3,541", "Tax Rate for Calcs": "0", "Tax Effect of Unusual Items": "-156.06"}}, "bs": {"12/31/2019": {"Duration": "12/31/2019", "Total Assets": "42,351", "Total Liabilities Net Minority Interest": "9,660", "Total Equity Gross Minority Interest": "32,691", "Total Capitalization": "32,691", "Common Stock Equity": "32,691", "Capital Lease Obligations": "1,458", "Net Tangible Assets": "20,403", "Working Capital": "11,531", "Invested Capital": "35,387", "Tangible Book Value": "20,403", "Total Debt": "4,154", "Share Issued": "34,488", "Ordinary Shares Number": "21,300", "Treasury Shares Number": "13,188"}, "12/31/2018": {"Duration": "12/31/2018", "Total Assets": "44,167", "Total Liabilities Net Minority Interest": "12,185", "Total Equity Gross Minority Interest": "31,982", "Total Capitalization": "31,982", "Common Stock Equity": "31,982", "Capital Lease Obligations": "-", "Net Tangible Assets": "18,998", "Working Capital": "10,772", "Invested Capital": "33,998", "Tangible Book Value": "18,998", "Total Debt": "2,016", "Share Issued": "34,393", "Ordinary Shares Number": "21,205", "Treasury Shares Number": "13,188"}}, "cf": {"TTM": {"Duration": "TTM", "Operating Cash Flow": "855", "Investing Cash Flow": "-7,470", "Financing Cash Flow": "5,974", "End Cash Position": "2,094", "Income Tax Paid Supplemental Data": "92", "Interest Paid Supplemental Data": "569", "Capital Expenditure": "-281", "Issuance of Debt": "47,013", "Repayment of Debt": "-39,608", "Repurchase of Capital Stock": "-", "Free Cash Flow": "574"}, "12/31/2019": {"Duration": "12/31/2019", "Operating Cash Flow": "80", "Investing Cash Flow": "-818", "Financing Cash Flow": "-212", "End Cash Position": "4,245", "Income Tax Paid Supplemental Data": "108", "Interest Paid Supplemental Data": "185", "Capital Expenditure": "-392", "Issuance of Debt": "36,544", "Repayment of Debt": "-35,864", "Repurchase of Capital Stock": "-", "Free Cash Flow": "-312"}, "12/31/2018": {"Duration": "12/31/2018", "Operating Cash Flow": "3,990", "Investing Cash Flow": "-1,658", "Financing Cash Flow": "476", "End Cash Position": "5,015", "Income Tax Paid Supplemental Data": "41", "Interest Paid Supplemental Data": "176", "Capital Expenditure": "-853", "Issuance of Debt": "37,695", "Repayment of Debt": "-37,507", "Repurchase of Capital Stock": "-", "Free Cash Flow": "3,137"}}}}, {"GTXO": {"quote": {"03/20/2021": {"value": "0.0537", "Market Cap": "7.295M", "Beta (5Y Monthly)": "2.00", "PE Ratio (TTM)": "N/A", "EPS (TTM)": "-0.0050", "Earnings Date": "Nov 17, 2020", "Forward Dividend & Yield": "N/A (N/A)", "Ex-Dividend Date": "N/A", "1y Target Est": "N/A"}}, "fin": {"TTM": {"Duration": "TTM", "Total Revenue": "1,495", "Cost of Revenue": "188.218", "Gross Profit": "1,306", "Operating Expense": "921.751", "Operating Income": "384.653", "Net Non Operating Interest Income Expense": "-211.084", "Other Income Expense": "-196.511", "Pretax Income": "-22.942", "Net Income Common Stockholders": "-222.942", "Diluted NI Available to Com Stockholders": "-222.942", "Basic EPS": "-", "Diluted EPS": "-", "Basic Average Shares": "-", "Diluted Average Shares": "-", "Total Operating Income as Reported": "384.653", "Total Expenses": "1,110", "Net Income from Continuing & Discontinued Operation": "-22.942", "Normalized Income": "238.548", "Interest Expense": "211.084", "Net Interest Income": "-211.084", "EBIT": "188.142", "EBITDA": "214.868", "Reconciled Cost of Revenue": "188.218", "Reconciled Depreciation": "26.726", "Net Income from Continuing Operation Net Minority Interest": "-22.942", "Total Unusual Items Excluding Goodwill": "-261.49", "Total Unusual Items": "-261.49", "Normalized EBITDA": "476.358", "Tax Rate for Calcs": "0", "Tax Effect of Unusual Items": "0"}, "12/31/2019": {"Duration": "12/31/2019", "Total Revenue": "1,501", "Cost of Revenue": "193.49", "Gross Profit": "1,307", "Operating Expense": "1,120", "Operating Income": "187.324", "Net Non Operating Interest Income Expense": "-277.433", "Other Income Expense": "-496.216", "Pretax Income": "-586.325", "Net Income Common Stockholders": "-736.325", "Diluted NI Available to Com Stockholders": "-736.325", "Basic EPS": "-0.01", "Diluted EPS": "-0.01", "Basic Average Shares": "69,473", "Diluted Average Shares": "69,473", "Total Operating Income as Reported": "187.324", "Total Expenses": "1,313", "Net Income from Continuing & Discontinued Operation": "-586.325", "Normalized Income": "-90.109", "Interest Expense": "277.433", "Net Interest Income": "-277.433", "EBIT": "-308.892", "EBITDA": "-", "Reconciled Cost of Revenue": "193.49", "Reconciled Depreciation": "41.244", "Net Income from Continuing Operation Net Minority Interest": "-586.325", "Total Unusual Items Excluding Goodwill": "-496.216", "Total Unusual Items": "-496.216", "Normalized EBITDA": "228.568", "Tax Rate for Calcs": "0", "Tax Effect of Unusual Items": "0"}, "12/31/2018": {"Duration": "12/31/2018", "Total Revenue": "687.043", "Cost of Revenue": "213", "Gross Profit": "474.043", "Operating Expense": "1,493", "Operating Income": "-1,019", "Net Non Operating Interest Income Expense": "-617.45", "Other Income Expense": "-121.58", "Pretax Income": "-1,758", "Net Income Common Stockholders": "-1,758", "Diluted NI Available to Com Stockholders": "-1,758", "Basic EPS": "-0.08", "Diluted EPS": "-0.08", "Basic Average Shares": "21,241", "Diluted Average Shares": "21,241", "Total Operating Income as Reported": "-1,019", "Total Expenses": "1,706", "Net Income from Continuing & Discontinued Operation": "-1,758", "Normalized Income": "-1,884", "Interest Expense": "617.45", "Net Interest Income": "-617.45", "EBIT": "-1,141", "EBITDA": "-", "Reconciled Cost of Revenue": "213", "Reconciled Depreciation": "73.356", "Net Income from Continuing Operation Net Minority Interest": "-1,758", "Total Unusual Items Excluding Goodwill": "125.567", "Total Unusual Items": "125.567", "Normalized EBITDA": "-1,193", "Tax Rate for Calcs": "0", "Tax Effect of Unusual Items": "0"}}, "bs": {"12/31/2019": {"Duration": "12/31/2019", "Total Assets": "312.221", "Total Liabilities Net Minority Interest": "3,910", "Total Equity Gross Minority Interest": "-3,598", "Total Capitalization": "-3,598", "Preferred Stock Equity": "0.101", "Common Stock Equity": "-3,598", "Net Tangible Assets": "-3,613", "Working Capital": "-3,631", "Invested Capital": "-1,306", "Tangible Book Value": "-3,613", "Total Debt": "2,292", "Net Debt": "2,167", "Share Issued": "71,420", "Ordinary Shares Number": "71,420"}, "12/31/2018": {"Duration": "12/31/2018", "Total Assets": "268.466", "Total Liabilities Net Minority Interest": "3,718", "Total Equity Gross Minority Interest": "-3,450", "Total Capitalization": "-3,450", "Preferred Stock Equity": "0.1", "Common Stock Equity": "-3,450", "Net Tangible Assets": "-3,466", "Working Capital": "-3,525", "Invested Capital": "-1,007", "Tangible Book Value": "-3,466", "Total Debt": "2,443", "Net Debt": "2,373", "Share Issued": "63,363", "Ordinary Shares Number": "63,363"}}, "cf": {"TTM": {"Duration": "TTM", "Operating Cash Flow": "-203.963", "Investing Cash Flow": "188.979", "Financing Cash Flow": "82.675", "End Cash Position": "97.406", "Income Tax Paid Supplemental Data": "0", "Interest Paid Supplemental Data": "36.479", "Capital Expenditure": "-", "Issuance of Debt": "292.5", "Repayment of Debt": "-209.825", "Free Cash Flow": "-203.963"}, "12/31/2019": {"Duration": "12/31/2019", "Operating Cash Flow": "-140.934", "Investing Cash Flow": "42.778", "Financing Cash Flow": "153.5", "End Cash Position": "125.2", "Income Tax Paid Supplemental Data": "0", "Interest Paid Supplemental Data": "33.651", "Capital Expenditure": "-", "Issuance of Debt": "305", "Repayment of Debt": "-151.5", "Free Cash Flow": "-140.934"}, "12/31/2018": {"Duration": "12/31/2018", "Operating Cash Flow": "-416.348", "Investing Cash Flow": "-14.25", "Financing Cash Flow": "499", "End Cash Position": "69.856", "Income Tax Paid Supplemental Data": "0", "Interest Paid Supplemental Data": "5.655", "Capital Expenditure": "-14.25", "Issuance of Debt": "560", "Repayment of Debt": "-61", "Free Cash Flow": "-430.598"}}}}, {"HLIT": {"quote": {"03/20/2021": {"value": "8.16", "Market Cap": "822.911M", "Beta (5Y Monthly)": "0.74", "PE Ratio (TTM)": "N/A", "EPS (TTM)": "-0.30", "Earnings Date": "Apr 26, 2021 - Apr 30, 2021", "Forward Dividend & Yield": "N/A (N/A)", "Ex-Dividend Date": "N/A", "1y Target Est": "9.14"}}, "fin": {"TTM": {"Duration": "TTM", "Total Revenue": "378,831", "Cost of Revenue": "183,834", "Gross Profit": "194,997", "Operating Expense": "205,124", "Operating Income": "-10,127", "Net Non Operating Interest Income Expense": "-11,509", "Other Income Expense": "-4,581", "Pretax Income": "-26,217", "Tax Provision": "3,054", "Net Income Common Stockholders": "-29,271", "Diluted NI Available to Com Stockholders": "-29,271", "Basic EPS": "-", "Diluted EPS": "-", "Basic Average Shares": "-", "Diluted Average Shares": "-", "Total Operating Income as Reported": "-12,449", "Total Expenses": "388,958", "Net Income from Continuing & Discontinued Operation": "-29,271", "Normalized Income": "-26,582", "Interest Expense": "11,509", "Net Interest Income": "-11,509", "EBIT": "-14,708", "EBITDA": "999", "Reconciled Cost of Revenue": "171,146", "Reconciled Depreciation": "15,707", "Net Income from Continuing Operation Net Minority Interest": "-29,271", "Total Unusual Items Excluding Goodwill": "-3,684", "Total Unusual Items": "-3,684", "Normalized EBITDA": "4,683", "Tax Rate for Calcs": "0", "Tax Effect of Unusual Items": "-994.68"}, "12/31/2020": {"Duration": "12/31/2020", "Total Revenue": "378,831", "Cost of Revenue": "183,834", "Gross Profit": "194,997", "Operating Expense": "205,124", "Operating Income": "-10,127", "Net Non Operating Interest Income Expense": "-11,509", "Other Income Expense": "-4,581", "Pretax Income": "-26,217", "Tax Provision": "3,054", "Net Income Common Stockholders": "-29,271", "Diluted NI Available to Com Stockholders": "-29,271", "Basic EPS": "-", "Diluted EPS": "-", "Basic Average Shares": "-", "Diluted Average Shares": "-", "Total Operating Income as Reported": "-12,449", "Total Expenses": "388,958", "Net Income from Continuing & Discontinued Operation": "-29,271", "Normalized Income": "-26,582", "Interest Expense": "11,509", "Net Interest Income": "-11,509", "EBIT": "-14,708", "EBITDA": "-", "Reconciled Cost of Revenue": "171,146", "Reconciled Depreciation": "15,707", "Net Income from Continuing Operation Net Minority Interest": "-29,271", "Total Unusual Items Excluding Goodwill": "-3,684", "Total Unusual Items": "-3,684", "Normalized EBITDA": "4,683", "Tax Rate for Calcs": "0", "Tax Effect of Unusual Items": "-994.68"}, "12/31/2019": {"Duration": "12/31/2019", "Total Revenue": "402,874", "Cost of Revenue": "179,862", "Gross Profit": "223,012", "Operating Expense": "206,788", "Operating Income": "16,224", "Net Non Operating Interest Income Expense": "-11,651", "Other Income Expense": "-11,169", "Pretax Income": "-6,596", "Tax Provision": "-672", "Net Income Common Stockholders": "-5,924", "Diluted NI Available to Com Stockholders": "-5,924", "Basic EPS": "-0.07", "Diluted EPS": "-0.07", "Basic Average Shares": "89,575", "Diluted Average Shares": "89,575", "Total Operating Income as Reported": "13,083", "Total Expenses": "386,650", "Net Income from Continuing & Discontinued Operation": "-5,924", "Normalized Income": "2,028", "Interest Expense": "11,651", "Net Interest Income": "-11,651", "EBIT": "5,055", "EBITDA": "-", "Reconciled Cost of Revenue": "163,395", "Reconciled Depreciation": "19,606", "Net Income from Continuing Operation Net Minority Interest": "-5,924", "Total Unusual Items Excluding Goodwill": "-8,836", "Total Unusual Items": "-8,836", "Normalized EBITDA": "33,497", "Tax Rate for Calcs": "0", "Tax Effect of Unusual Items": "-883.6"}, "12/31/2018": {"Duration": "12/31/2018", "Total Revenue": "403,558", "Cost of Revenue": "194,349", "Gross Profit": "209,209", "Operating Expense": "211,302", "Operating Income": "-2,093", "Net Non Operating Interest Income Expense": "-11,401", "Other Income Expense": "-3,454", "Pretax Income": "-16,948", "Tax Provision": "4,087", "Net Income Common Stockholders": "-21,035", "Diluted NI Available to Com Stockholders": "-21,035", "Basic EPS": "-0.25", "Diluted EPS": "-0.25", "Basic Average Shares": "85,615", "Diluted Average Shares": "85,615", "Total Operating Income as Reported": "-5,011", "Total Expenses": "405,651", "Net Income from Continuing & Discontinued Operation": "-21,035", "Normalized Income": "-18,905", "Interest Expense": "11,401", "Net Interest Income": "-11,401", "EBIT": "-5,547", "EBITDA": "-", "Reconciled Cost of Revenue": "176,198", "Reconciled Depreciation": "21,338", "Net Income from Continuing Operation Net Minority Interest": "-21,035", "Total Unusual Items Excluding Goodwill": "-2,918", "Total Unusual Items": "-2,918", "Normalized EBITDA": "18,709", "Tax Rate for Calcs": "0", "Tax Effect of Unusual Items": "-787.86"}}, "bs": {"12/31/2020": {"Duration": "12/31/2020", "Total Assets": "591,523", "Total Liabilities Net Minority Interest": "333,221", "Total Equity Gross Minority Interest": "258,302", "Total Capitalization": "397,895", "Common Stock Equity": "258,302", "Capital Lease Obligations": "33,425", "Net Tangible Assets": "14,120", "Working Capital": "90,740", "Invested Capital": "409,666", "Tangible Book Value": "14,120", "Total Debt": "184,789", "Net Debt": "52,719", "Share Issued": "98,204", "Ordinary Shares Number": "98,204"}, "12/31/2019": {"Duration": "12/31/2019", "Total Assets": "587,327", "Total Liabilities Net Minority Interest": "332,471", "Total Equity Gross Minority Interest": "254,856", "Total Capitalization": "353,974", "Common Stock Equity": "254,856", "Capital Lease Obligations": "34,718", "Net Tangible Assets": "10,615", "Working Capital": "59,463", "Invested Capital": "404,013", "Tangible Book Value": "10,615", "Total Debt": "183,875", "Net Debt": "56,099", "Share Issued": "91,875", "Ordinary Shares Number": "91,875"}, "12/31/2018": {"Duration": "12/31/2018", "Total Assets": "510,835", "Total Liabilities Net Minority Interest": "282,585", "Total Equity Gross Minority Interest": "228,250", "Total Capitalization": "355,742", "Common Stock Equity": "228,250", "Capital Lease Obligations": "-", "Net Tangible Assets": "-25,185", "Working Capital": "60,297", "Invested Capital": "362,917", "Tangible Book Value": "-25,185", "Total Debt": "134,667", "Net Debt": "68,678", "Share Issued": "87,057", "Ordinary Shares Number": "87,057"}}, "cf": {"TTM": {"Duration": "TTM", "Operating Cash Flow": "39,163", "Investing Cash Flow": "-32,205", "Financing Cash Flow": "-2,109", "End Cash Position": "98,645", "Income Tax Paid Supplemental Data": "-", "Interest Paid Supplemental Data": "4,221", "Capital Expenditure": "-32,205", "Issuance of Capital Stock": "5,472", "Issuance of Debt": "9,398", "Repayment of Debt": "-14,645", "Free Cash Flow": "6,958"}, "12/31/2020": {"Duration": "12/31/2020", "Operating Cash Flow": "39,163", "Investing Cash Flow": "-32,205", "Financing Cash Flow": "-2,109", "End Cash Position": "98,645", "Income Tax Paid Supplemental Data": "-", "Interest Paid Supplemental Data": "4,221", "Capital Expenditure": "-32,205", "Issuance of Capital Stock": "5,472", "Issuance of Debt": "9,398", "Repayment of Debt": "-14,645", "Free Cash Flow": "6,958"}, "12/31/2019": {"Duration": "12/31/2019", "Operating Cash Flow": "31,295", "Investing Cash Flow": "-10,328", "Financing Cash Flow": "6,305", "End Cash Position": "93,058", "Income Tax Paid Supplemental Data": "1,138", "Interest Paid Supplemental Data": "4,260", "Capital Expenditure": "-10,328", "Issuance of Capital Stock": "8,406", "Issuance of Debt": "120,184", "Repayment of Debt": "-116,516", "Free Cash Flow": "20,967"}, "12/31/2018": {"Duration": "12/31/2018", "Operating Cash Flow": "12,284", "Investing Cash Flow": "-6,940", "Financing Cash Flow": "2,651", "End Cash Position": "65,989", "Income Tax Paid Supplemental Data": "2,031", "Interest Paid Supplemental Data": "5,273", "Capital Expenditure": "-7,044", "Issuance of Capital Stock": "4,947", "Issuance of Debt": "5,066", "Repayment of Debt": "-7,132", "Free Cash Flow": "5,240"}}}}, {"MFON": {"quote": {"03/20/2021": {"value": "1.8900", "Market Cap": "97.582M", "Beta (5Y Monthly)": "0.93", "PE Ratio (TTM)": "N/A", "EPS (TTM)": "-0.0810", "Earnings Date": "Nov 09, 2020", "Forward Dividend & Yield": "N/A (N/A)", "Ex-Dividend Date": "N/A", "1y Target Est": "N/A"}}, "fin": {"TTM": {"Duration": "TTM", "Total Revenue": "13,220", "Cost of Revenue": "5,296", "Gross Profit": "7,925", "Operating Expense": "11,861", "Operating Income": "-3,936", "Net Non Operating Interest Income Expense": "-253.428", "Other Income Expense": "-5.682", "Pretax Income": "-4,196", "Tax Provision": "0", "Net Income Common Stockholders": "-4,196", "Diluted NI Available to Com Stockholders": "-4,196", "Basic EPS": "-", "Diluted EPS": "-", "Basic Average Shares": "-", "Diluted Average Shares": "-", "Total Operating Income as Reported": "-3,936", "Total Expenses": "17,157", "Net Income from Continuing & Discontinued Operation": "-4,196", "Normalized Income": "-4,190", "Interest Income": "2.726", "Interest Expense": "256.154", "Net Interest Income": "-253.428", "EBIT": "-3,939", "EBITDA": "-3,267", "Reconciled Cost of Revenue": "5,296", "Reconciled Depreciation": "671.952", "Net Income from Continuing Operation Net Minority Interest": "-4,196", "Total Unusual Items Excluding Goodwill": "-5.682", "Total Unusual Items": "-5.682", "Normalized EBITDA": "-3,262", "Tax Rate for Calcs": "0", "Tax Effect of Unusual Items": "0"}, "12/31/2019": {"Duration": "12/31/2019", "Total Revenue": "10,057", "Cost of Revenue": "5,938", "Gross Profit": "4,119", "Operating Expense": "12,506", "Operating Income": "-8,387", "Net Non Operating Interest Income Expense": "-208.546", "Other Income Expense": "-226.333", "Pretax Income": "-8,822", "Tax Provision": "0", "Net Income Common Stockholders": "-8,822", "Diluted NI Available to Com Stockholders": "-8,822", "Basic EPS": "-0.18", "Diluted EPS": "-0.18", "Basic Average Shares": "47,721", "Diluted Average Shares": "47,721", "Total Operating Income as Reported": "-8,387", "Total Expenses": "18,444", "Net Income from Continuing & Discontinued Operation": "-8,822", "Normalized Income": "-8,596", "Interest Income": "28.16", "Interest Expense": "236.706", "Net Interest Income": "-208.546", "EBIT": "-8,585", "EBITDA": "-", "Reconciled Cost of Revenue": "5,938", "Reconciled Depreciation": "600.066", "Net Income from Continuing Operation Net Minority Interest": "-8,822", "Total Unusual Items Excluding Goodwill": "-226.333", "Total Unusual Items": "-226.333", "Normalized EBITDA": "-7,759", "Tax Rate for Calcs": "0", "Tax Effect of Unusual Items": "0"}, "12/31/2018": {"Duration": "12/31/2018", "Total Revenue": "11,557", "Cost of Revenue": "3,932", "Gross Profit": "7,624", "Operating Expense": "12,329", "Operating Income": "-4,705", "Net Non Operating Interest Income Expense": "-206.277", "Other Income Expense": "-2,305", "Pretax Income": "-7,216", "Tax Provision": "0", "Net Income Common Stockholders": "-7,216", "Diluted NI Available to Com Stockholders": "-7,216", "Basic EPS": "-0.17", "Diluted EPS": "-0.17", "Basic Average Shares": "42,133", "Diluted Average Shares": "42,133", "Total Operating Income as Reported": "-6,993", "Total Expenses": "16,261", "Net Income from Continuing & Discontinued Operation": "-7,216", "Normalized Income": "-4,911", "Interest Income": "4.145", "Interest Expense": "210.422", "Net Interest Income": "-206.277", "EBIT": "-7,005", "EBITDA": "-", "Reconciled Cost of Revenue": "3,993", "Reconciled Depreciation": "425.247", "Net Income from Continuing Operation Net Minority Interest": "-7,216", "Total Unusual Items Excluding Goodwill": "-2,305", "Total Unusual Items": "-2,305", "Normalized EBITDA": "-4,214", "Tax Rate for Calcs": "0", "Tax Effect of Unusual Items": "0"}}, "bs": {"12/31/2019": {"Duration": "12/31/2019", "Total Assets": "5,864", "Total Liabilities Net Minority Interest": "7,579", "Total Equity Gross Minority Interest": "-1,714", "Total Capitalization": "-146.816", "Common Stock Equity": "-1,714", "Capital Lease Obligations": "303.803", "Net Tangible Assets": "-3,973", "Working Capital": "-3,209", "Invested Capital": "534.46", "Tangible Book Value": "-3,973", "Total Debt": "2,553", "Net Debt": "1,975", "Share Issued": "51,381", "Ordinary Shares Number": "51,381"}, "12/31/2018": {"Duration": "12/31/2018", "Total Assets": "7,431", "Total Liabilities Net Minority Interest": "7,106", "Total Equity Gross Minority Interest": "324.96", "Total Capitalization": "519.288", "Common Stock Equity": "324.96", "Capital Lease Obligations": "-", "Net Tangible Assets": "-1,994", "Working Capital": "-3,580", "Invested Capital": "1,799", "Tangible Book Value": "-1,994", "Total Debt": "1,474", "Net Debt": "919.663", "Share Issued": "45,998", "Ordinary Shares Number": "45,998"}}, "cf": {"TTM": {"Duration": "TTM", "Operating Cash Flow": "-2,430", "Investing Cash Flow": "109.493", "Financing Cash Flow": "1,871", "End Cash Position": "526.502", "Interest Paid Supplemental Data": "92.163", "Capital Expenditure": "109.493", "Issuance of Capital Stock": "241.7", "Issuance of Debt": "2,060", "Repayment of Debt": "-430.65", "Free Cash Flow": "-2,320"}, "12/31/2019": {"Duration": "12/31/2019", "Operating Cash Flow": "-5,740", "Investing Cash Flow": "-557.233", "Financing Cash Flow": "5,995", "End Cash Position": "273.599", "Interest Paid Supplemental Data": "210.581", "Capital Expenditure": "-557.233", "Issuance of Capital Stock": "2,800", "Issuance of Debt": "3,500", "Repayment of Debt": "-305.345", "Free Cash Flow": "-6,298"}, "12/31/2018": {"Duration": "12/31/2018", "Operating Cash Flow": "-4,549", "Investing Cash Flow": "-3,525", "Financing Cash Flow": "8,098", "End Cash Position": "554.255", "Interest Paid Supplemental Data": "210.422", "Capital Expenditure": "-525.151", "Issuance of Capital Stock": "8,052", "Issuance of Debt": "3,095", "Repayment of Debt": "-3,049", "Free Cash Flow": "-5,074"}}}}, {"UHLN": {"quote": {"03/20/2021": {"value": "", "Net Assets": "N/A", "Beta (5Y Monthly)": "N/A", "Yield": "N/A", "5y Average Return": "N/A", "Holdings Turnover": "N/A", "Last Dividend": "N/A", "Average for Category": "N/A", "Inception Date": "N/A"}}, "fin": {}, "bs": {}, "cf": {}}}, {"QCOM": {"quote": {"03/20/2021": {"value": "131.02", "Market Cap": "148.839B", "Beta (5Y Monthly)": "1.34", "PE Ratio (TTM)": "22.40", "EPS (TTM)": "5.85", "Earnings Date": "Apr 28, 2021", "Forward Dividend & Yield": "2.60 (1.98%)", "Ex-Dividend Date": "Mar 03, 2021", "1y Target Est": "172.16"}}, "fin": {"TTM": {"Duration": "TTM", "Total Revenue": "19,999,000", "Cost of Revenue": "8,607,000", "Gross Profit": "11,392,000", "Operating Expense": "7,889,000", "Operating Income": "3,503,000", "Net Non Operating Interest Income Expense": "-359,000", "Other Income Expense": "-117,000", "Pretax Income": "3,027,000", "Tax Provision": "283,000", "Net Income Common Stockholders": "2,744,000", "Diluted NI Available to Com Stockholders": "2,744,000", "Basic EPS": "-", "Diluted EPS": "-", "Basic Average Shares": "-", "Diluted Average Shares": "-", "Total Operating Income as Reported": "3,503,000", "Total Expenses": "16,496,000", "Net Income from Continuing & Discontinued Operation": "2,744,000", "Normalized Income": "2,823,773", "Interest Income": "227,000", "Interest Expense": "586,000", "Net Interest Income": "-359,000", "EBIT": "3,613,000", "EBITDA": "5,017,000", "Reconciled Cost of Revenue": "8,607,000", "Reconciled Depreciation": "1,404,000", "Net Income from Continuing Operation Net Minority Interest": "2,744,000", "Total Unusual Items Excluding Goodwill": "-88,000", "Total Unusual Items": "-88,000", "Normalized EBITDA": "5,105,000", "Tax Rate for Calcs": "0", "Tax Effect of Unusual Items": "-8,227"}, "9/30/2020": {"Duration": "9/30/2020", "Total Revenue": "23,531,000", "Cost of Revenue": "9,255,000", "Gross Profit": "14,276,000", "Operating Expense": "8,021,000", "Operating Income": "6,255,000", "Net Non Operating Interest Income Expense": "-446,000", "Other Income Expense": "-90,000", "Pretax Income": "5,719,000", "Tax Provision": "521,000", "Net Income Common Stockholders": "5,198,000", "Diluted NI Available to Com Stockholders": "5,198,000", "Basic EPS": "4.58", "Diluted EPS": "4.52", "Basic Average Shares": "1,135,000", "Diluted Average Shares": "1,149,000", "Total Operating Income as Reported": "6,255,000", "Total Expenses": "17,276,000", "Net Income from Continuing & Discontinued Operation": "5,198,000", "Normalized Income": "5,260,790", "Interest Income": "156,000", "Interest Expense": "602,000", "Net Interest Income": "-446,000", "EBIT": "6,321,000", "EBITDA": "-", "Reconciled Cost of Revenue": "9,255,000", "Reconciled Depreciation": "1,393,000", "Net Income from Continuing Operation Net Minority Interest": "5,198,000", "Total Unusual Items Excluding Goodwill": "-69,000", "Total Unusual Items": "-69,000", "Normalized EBITDA": "7,783,000", "Tax Rate for Calcs": "0", "Tax Effect of Unusual Items": "-6,210"}, "9/30/2019": {"Duration": "9/30/2019", "Total Revenue": "24,273,000", "Cost of Revenue": "8,599,000", "Gross Profit": "15,674,000", "Operating Expense": "8,007,000", "Operating Income": "7,667,000", "Net Non Operating Interest Income Expense": "-311,000", "Other Income Expense": "125,000", "Pretax Income": "7,481,000", "Tax Provision": "3,095,000", "Net Income Common Stockholders": "4,386,000", "Diluted NI Available to Com Stockholders": "4,386,000", "Basic EPS": "3.63", "Diluted EPS": "3.59", "Basic Average Shares": "1,210,000", "Diluted Average Shares": "1,220,000", "Total Operating Income as Reported": "7,667,000", "Total Expenses": "16,606,000", "Net Income from Continuing & Discontinued Operation": "4,386,000", "Normalized Income": "4,226,860", "Interest Income": "316,000", "Interest Expense": "627,000", "Net Interest Income": "-311,000", "EBIT": "8,108,000", "EBITDA": "-", "Reconciled Cost of Revenue": "8,599,000", "Reconciled Depreciation": "1,401,000", "Net Income from Continuing Operation Net Minority Interest": "4,386,000", "Total Unusual Items Excluding Goodwill": "218,000", "Total Unusual Items": "218,000", "Normalized EBITDA": "9,291,000", "Tax Rate for Calcs": "0", "Tax Effect of Unusual Items": "58,860"}, "9/30/2018": {"Duration": "9/30/2018", "Total Revenue": "22,732,000", "Cost of Revenue": "10,244,000", "Gross Profit": "12,488,000", "Operating Expense": "11,746,000", "Operating Income": "742,000", "Net Non Operating Interest Income Expense": "-143,000", "Other Income Expense": "-86,000", "Pretax Income": "513,000", "Tax Provision": "5,377,000", "Net Income Common Stockholders": "-4,864,000", "Diluted NI Available to Com Stockholders": "-4,864,000", "Basic EPS": "-3.32", "Diluted EPS": "-3.32", "Basic Average Shares": "1,463,000", "Diluted Average Shares": "1,463,000", "Total Operating Income as Reported": "742,000", "Total Expenses": "21,990,000", "Net Income from Continuing & Discontinued Operation": "-4,864,000", "Normalized Income": "-4,907,070", "Interest Income": "625,000", "Interest Expense": "768,000", "Net Interest Income": "-143,000", "EBIT": "1,281,000", "EBITDA": "-", "Reconciled Cost of Revenue": "10,244,000", "Reconciled Depreciation": "1,561,000", "Net Income from Continuing Operation Net Minority Interest": "-4,864,000", "Total Unusual Items Excluding Goodwill": "59,000", "Total Unusual Items": "59,000", "Normalized EBITDA": "2,783,000", "Tax Rate for Calcs": "0", "Tax Effect of Unusual Items": "15,930"}}, "bs": {"9/30/2020": {"Duration": "9/30/2020", "Total Assets": "35,594,000", "Total Liabilities Net Minority Interest": "29,517,000", "Total Equity Gross Minority Interest": "6,077,000", "Total Capitalization": "21,303,000", "Common Stock Equity": "6,077,000", "Net Tangible Assets": "-1,899,000", "Working Capital": "9,847,000", "Invested Capital": "21,803,000", "Tangible Book Value": "-1,899,000", "Total Debt": "15,726,000", "Net Debt": "9,019,000", "Share Issued": "1,131,000", "Ordinary Shares Number": "1,131,000"}, "9/30/2019": {"Duration": "9/30/2019", "Total Assets": "32,957,000", "Total Liabilities Net Minority Interest": "28,048,000", "Total Equity Gross Minority Interest": "4,909,000", "Total Capitalization": "18,346,000", "Common Stock Equity": "4,909,000", "Net Tangible Assets": "-3,545,000", "Working Capital": "7,830,000", "Invested Capital": "20,842,000", "Tangible Book Value": "-3,545,000", "Total Debt": "15,933,000", "Net Debt": "4,094,000", "Share Issued": "1,145,000", "Ordinary Shares Number": "1,145,000"}, "9/30/2018": {"Duration": "9/30/2018", "Total Assets": "32,686,000", "Total Liabilities Net Minority Interest": "31,758,000", "Total Equity Gross Minority Interest": "928,000", "Total Capitalization": "16,293,000", "Common Stock Equity": "928,000", "Net Tangible Assets": "-8,525,000", "Working Capital": "6,148,000", "Invested Capital": "17,298,000", "Tangible Book Value": "-8,525,000", "Total Debt": "16,370,000", "Net Debt": "4,593,000", "Share Issued": "1,219,000", "Ordinary Shares Number": "1,219,000"}}, "cf": {"TTM": {"Duration": "TTM", "Operating Cash Flow": "5,300,000", "Investing Cash Flow": "-5,262,000", "Financing Cash Flow": "-7,811,000", "End Cash Position": "6,150,000", "Capital Expenditure": "-1,376,000", "Issuance of Capital Stock": "326,000", "Issuance of Debt": "5,456,000", "Repayment of Debt": "-5,964,000", "Repurchase of Capital Stock": "-3,155,000", "Free Cash Flow": "3,924,000"}, "9/30/2020": {"Duration": "9/30/2020", "Operating Cash Flow": "5,814,000", "Investing Cash Flow": "-5,263,000", "Financing Cash Flow": "-5,707,000", "End Cash Position": "6,707,000", "Capital Expenditure": "-1,407,000", "Issuance of Capital Stock": "329,000", "Issuance of Debt": "4,836,000", "Repayment of Debt": "-5,065,000", "Repurchase of Capital Stock": "-2,450,000", "Free Cash Flow": "4,407,000"}, "9/30/2019": {"Duration": "9/30/2019", "Operating Cash Flow": "7,286,000", "Investing Cash Flow": "-806,000", "Financing Cash Flow": "-6,386,000", "End Cash Position": "11,839,000", "Capital Expenditure": "-887,000", "Issuance of Capital Stock": "414,000", "Issuance of Debt": "5,989,000", "Repayment of Debt": "-6,492,000", "Repurchase of Capital Stock": "-1,793,000", "Free Cash Flow": "6,399,000"}, "9/30/2018": {"Duration": "9/30/2018", "Operating Cash Flow": "3,895,000", "Investing Cash Flow": "4,381,000", "Financing Cash Flow": "-31,487,000", "End Cash Position": "11,777,000", "Capital Expenditure": "-784,000", "Issuance of Capital Stock": "603,000", "Issuance of Debt": "11,131,000", "Repayment of Debt": "-16,627,000", "Repurchase of Capital Stock": "-22,580,000", "Free Cash Flow": "3,111,000"}}}}, {"MSI": {"quote": {"03/20/2021": {"value": "183.22", "Market Cap": "30.969B", "Beta (5Y Monthly)": "0.77", "PE Ratio (TTM)": "33.62", "EPS (TTM)": "5.45", "Earnings Date": "May 05, 2021 - May 10, 2021", "Forward Dividend & Yield": "2.84 (1.55%)", "Ex-Dividend Date": "Mar 12, 2021", "1y Target Est": "206.44"}}, "fin": {"TTM": {"Duration": "TTM", "Total Revenue": "7,414,000", "Cost of Revenue": "3,806,000", "Gross Profit": "3,608,000", "Operating Expense": "2,194,000", "Operating Income": "1,414,000", "Net Non Operating Interest Income Expense": "-220,000", "Other Income Expense": "-20,000", "Pretax Income": "1,174,000", "Tax Provision": "221,000", "Net Income Common Stockholders": "949,000", "Diluted NI Available to Com Stockholders": "949,000", "Basic EPS": "-", "Diluted EPS": "-", "Basic Average Shares": "-", "Diluted Average Shares": "-", "Total Operating Income as Reported": "1,383,000", "Total Expenses": "6,000,000", "Net Income from Continuing & Discontinued Operation": "949,000", "Normalized Income": "1,039,132", "Interest Income": "13,000", "Interest Expense": "233,000", "Net Interest Income": "-220,000", "EBIT": "1,407,000", "EBITDA": "1,816,000", "Reconciled Cost of Revenue": "3,612,000", "Reconciled Depreciation": "409,000", "Net Income from Continuing Operation Net Minority Interest": "949,000", "Total Unusual Items Excluding Goodwill": "-111,000", "Total Unusual Items": "-111,000", "Normalized EBITDA": "1,927,000", "Tax Rate for Calcs": "0", "Tax Effect of Unusual Items": "-20,868"}, "12/31/2020": {"Duration": "12/31/2020", "Total Revenue": "7,414,000", "Cost of Revenue": "3,806,000", "Gross Profit": "3,608,000", "Operating Expense": "2,194,000", "Operating Income": "1,414,000", "Net Non Operating Interest Income Expense": "-220,000", "Other Income Expense": "-20,000", "Pretax Income": "1,174,000", "Tax Provision": "221,000", "Net Income Common Stockholders": "949,000", "Diluted NI Available to Com Stockholders": "949,000", "Basic EPS": "-", "Diluted EPS": "-", "Basic Average Shares": "-", "Diluted Average Shares": "-", "Total Operating Income as Reported": "1,383,000", "Total Expenses": "6,000,000", "Net Income from Continuing & Discontinued Operation": "949,000", "Normalized Income": "1,039,132", "Interest Income": "13,000", "Interest Expense": "233,000", "Net Interest Income": "-220,000", "EBIT": "1,407,000", "EBITDA": "-", "Reconciled Cost of Revenue": "3,612,000", "Reconciled Depreciation": "409,000", "Net Income from Continuing Operation Net Minority Interest": "949,000", "Total Unusual Items Excluding Goodwill": "-111,000", "Total Unusual Items": "-111,000", "Normalized EBITDA": "1,927,000", "Tax Rate for Calcs": "0", "Tax Effect of Unusual Items": "-20,868"}, "12/31/2019": {"Duration": "12/31/2019", "Total Revenue": "7,887,000", "Cost of Revenue": "3,956,000", "Gross Profit": "3,931,000", "Operating Expense": "2,298,000", "Operating Income": "1,633,000", "Net Non Operating Interest Income Expense": "-220,000", "Other Income Expense": "-412,000", "Pretax Income": "1,001,000", "Tax Provision": "130,000", "Net Income Common Stockholders": "868,000", "Diluted NI Available to Com Stockholders": "868,000", "Basic EPS": "5.21", "Diluted EPS": "4.95", "Basic Average Shares": "166,600", "Diluted Average Shares": "175,600", "Total Operating Income as Reported": "1,581,000", "Total Expenses": "6,254,000", "Net Income from Continuing & Discontinued Operation": "868,000", "Normalized Income": "1,302,130", "Interest Income": "17,000", "Interest Expense": "237,000", "Net Interest Income": "-220,000", "EBIT": "1,238,000", "EBITDA": "-", "Reconciled Cost of Revenue": "3,770,000", "Reconciled Depreciation": "394,000", "Net Income from Continuing Operation Net Minority Interest": "868,000", "Total Unusual Items Excluding Goodwill": "-499,000", "Total Unusual Items": "-499,000", "Normalized EBITDA": "2,131,000", "Tax Rate for Calcs": "0", "Tax Effect of Unusual Items": "-64,870"}, "12/31/2018": {"Duration": "12/31/2018", "Total Revenue": "7,343,000", "Cost of Revenue": "3,863,000", "Gross Profit": "3,480,000", "Operating Expense": "2,136,000", "Operating Income": "1,344,000", "Net Non Operating Interest Income Expense": "-222,000", "Other Income Expense": "-20,000", "Pretax Income": "1,102,000", "Tax Provision": "133,000", "Net Income Common Stockholders": "966,000", "Diluted NI Available to Com Stockholders": "966,000", "Basic EPS": "5.95", "Diluted EPS": "5.62", "Basic Average Shares": "162,400", "Diluted Average Shares": "172,000", "Total Operating Income as Reported": "1,255,000", "Total Expenses": "5,999,000", "Net Income from Continuing & Discontinued Operation": "966,000", "Normalized Income": "1,062,800", "Interest Income": "18,000", "Interest Expense": "240,000", "Net Interest Income": "-222,000", "EBIT": "1,342,000", "EBITDA": "-", "Reconciled Cost of Revenue": "3,691,000", "Reconciled Depreciation": "360,000", "Net Income from Continuing Operation Net Minority Interest": "966,000", "Total Unusual Items Excluding Goodwill": "-110,000", "Total Unusual Items": "-110,000", "Normalized EBITDA": "1,812,000", "Tax Rate for Calcs": "0", "Tax Effect of Unusual Items": "-13,200"}}, "bs": {"12/31/2020": {"Duration": "12/31/2020", "Total Assets": "10,876,000", "Total Liabilities Net Minority Interest": "11,417,000", "Total Equity Gross Minority Interest": "-541,000", "Total Capitalization": "4,605,000", "Common Stock Equity": "-558,000", "Capital Lease Obligations": "528,000", "Net Tangible Assets": "-4,011,000", "Working Capital": "838,000", "Invested Capital": "4,617,000", "Tangible Book Value": "-4,011,000", "Total Debt": "5,703,000", "Net Debt": "3,921,000", "Share Issued": "170,200", "Ordinary Shares Number": "169,400", "Treasury Shares Number": "800"}, "12/31/2019": {"Duration": "12/31/2019", "Total Assets": "10,642,000", "Total Liabilities Net Minority Interest": "11,325,000", "Total Equity Gross Minority Interest": "-683,000", "Total Capitalization": "4,413,000", "Common Stock Equity": "-700,000", "Capital Lease Obligations": "619,000", "Net Tangible Assets": "-4,094,000", "Working Capital": "739,000", "Invested Capital": "4,429,000", "Tangible Book Value": "-4,094,000", "Total Debt": "5,748,000", "Net Debt": "4,128,000", "Share Issued": "171,000", "Ordinary Shares Number": "170,500", "Treasury Shares Number": "500"}, "12/31/2018": {"Duration": "12/31/2018", "Total Assets": "9,409,000", "Total Liabilities Net Minority Interest": "10,685,000", "Total Equity Gross Minority Interest": "-1,276,000", "Total Capitalization": "3,996,000", "Common Stock Equity": "-1,293,000", "Capital Lease Obligations": "-", "Net Tangible Assets": "-4,037,000", "Working Capital": "1,176,000", "Invested Capital": "4,027,000", "Tangible Book Value": "-4,037,000", "Total Debt": "5,320,000", "Net Debt": "4,074,000", "Share Issued": "164,000", "Ordinary Shares Number": "163,500", "Treasury Shares Number": "500"}}, "cf": {"TTM": {"Duration": "TTM", "Operating Cash Flow": "1,613,000", "Investing Cash Flow": "-437,000", "Financing Cash Flow": "-966,000", "End Cash Position": "1,254,000", "Income Tax Paid Supplemental Data": "181,000", "Interest Paid Supplemental Data": "217,000", "Capital Expenditure": "-217,000", "Issuance of Capital Stock": "108,000", "Issuance of Debt": "1,692,000", "Repayment of Debt": "-1,714,000", "Repurchase of Capital Stock": "-612,000", "Free Cash Flow": "1,396,000"}, "12/31/2020": {"Duration": "12/31/2020", "Operating Cash Flow": "1,613,000", "Investing Cash Flow": "-437,000", "Financing Cash Flow": "-966,000", "End Cash Position": "1,254,000", "Income Tax Paid Supplemental Data": "181,000", "Interest Paid Supplemental Data": "217,000", "Capital Expenditure": "-217,000", "Issuance of Capital Stock": "108,000", "Issuance of Debt": "1,692,000", "Repayment of Debt": "-1,714,000", "Repurchase of Capital Stock": "-612,000", "Free Cash Flow": "1,396,000"}, "12/31/2019": {"Duration": "12/31/2019", "Operating Cash Flow": "1,823,000", "Investing Cash Flow": "-934,000", "Financing Cash Flow": "-1,144,000", "End Cash Position": "1,001,000", "Income Tax Paid Supplemental Data": "138,000", "Interest Paid Supplemental Data": "221,000", "Capital Expenditure": "-248,000", "Issuance of Capital Stock": "114,000", "Issuance of Debt": "1,804,000", "Repayment of Debt": "-2,365,000", "Repurchase of Capital Stock": "-315,000", "Free Cash Flow": "1,575,000"}, "12/31/2018": {"Duration": "12/31/2018", "Operating Cash Flow": "1,075,000", "Investing Cash Flow": "-1,266,000", "Financing Cash Flow": "220,000", "End Cash Position": "1,257,000", "Income Tax Paid Supplemental Data": "119,000", "Interest Paid Supplemental Data": "204,000", "Capital Expenditure": "-197,000", "Issuance of Capital Stock": "168,000", "Issuance of Debt": "1,490,000", "Repayment of Debt": "-892,000", "Repurchase of Capital Stock": "-132,000", "Free Cash Flow": "878,000"}}}}, {"NTGR": {"quote": {"03/20/2021": {"value": "43.08", "Market Cap": "1.318B", "Beta (5Y Monthly)": "0.61", "PE Ratio (TTM)": "22.67", "EPS (TTM)": "1.90", "Earnings Date": "Apr 20, 2021 - Apr 26, 2021", "Forward Dividend & Yield": "N/A (N/A)", "Ex-Dividend Date": "N/A", "1y Target Est": "49.50"}}, "fin": {"TTM": {"Duration": "TTM", "Total Revenue": "1,255,202", "Cost of Revenue": "883,050", "Gross Profit": "372,152", "Operating Expense": "296,608", "Operating Income": "75,544", "Net Non Operating Interest Income Expense": "436", "Other Income Expense": "-5,177", "Pretax Income": "70,803", "Tax Provision": "12,510", "Net Income Common Stockholders": "58,293", "Diluted NI Available to Com Stockholders": "58,293", "Basic EPS": "-", "Diluted EPS": "-", "Basic Average Shares": "-", "Diluted Average Shares": "-", "Total Operating Income as Reported": "75,544", "Total Expenses": "1,179,658", "Net Income from Continuing & Discontinued Operation": "58,293", "Normalized Income": "62,954", "Interest Income": "436", "Net Interest Income": "436", "EBIT": "75,544", "EBITDA": "94,475", "Reconciled Cost of Revenue": "883,050", "Reconciled Depreciation": "18,931", "Net Income from Continuing Operation Net Minority Interest": "58,293", "Total Unusual Items Excluding Goodwill": "-5,663", "Total Unusual Items": "-5,663", "Normalized EBITDA": "100,138", "Tax Rate for Calcs": "0", "Tax Effect of Unusual Items": "-1,002"}, "12/31/2020": {"Duration": "12/31/2020", "Total Revenue": "1,255,202", "Cost of Revenue": "883,050", "Gross Profit": "372,152", "Operating Expense": "296,608", "Operating Income": "75,544", "Net Non Operating Interest Income Expense": "436", "Other Income Expense": "-5,177", "Pretax Income": "70,803", "Tax Provision": "12,510", "Net Income Common Stockholders": "58,293", "Diluted NI Available to Com Stockholders": "58,293", "Basic EPS": "1.95", "Diluted EPS": "1.90", "Basic Average Shares": "29,897", "Diluted Average Shares": "30,640", "Total Operating Income as Reported": "75,544", "Total Expenses": "1,179,658", "Net Income from Continuing & Discontinued Operation": "58,293", "Normalized Income": "62,954", "Interest Income": "436", "Net Interest Income": "436", "EBIT": "75,544", "EBITDA": "-", "Reconciled Cost of Revenue": "883,050", "Reconciled Depreciation": "18,931", "Net Income from Continuing Operation Net Minority Interest": "58,293", "Total Unusual Items Excluding Goodwill": "-5,663", "Total Unusual Items": "-5,663", "Normalized EBITDA": "100,138", "Tax Rate for Calcs": "0", "Tax Effect of Unusual Items": "-1,002"}, "12/31/2019": {"Duration": "12/31/2019", "Total Revenue": "998,763", "Cost of Revenue": "704,535", "Gross Profit": "294,228", "Operating Expense": "268,040", "Operating Income": "26,188", "Net Non Operating Interest Income Expense": "2,539", "Other Income Expense": "844", "Pretax Income": "29,571", "Tax Provision": "3,780", "Net Income Common Stockholders": "25,791", "Diluted NI Available to Com Stockholders": "25,791", "Basic EPS": "0.83", "Diluted EPS": "0.81", "Basic Average Shares": "30,936", "Diluted Average Shares": "31,965", "Total Operating Income as Reported": "26,188", "Total Expenses": "972,575", "Net Income from Continuing & Discontinued Operation": "25,791", "Normalized Income": "25,259", "Interest Income": "2,539", "Net Interest Income": "2,539", "EBIT": "26,188", "EBITDA": "-", "Reconciled Cost of Revenue": "704,535", "Reconciled Depreciation": "19,406", "Net Income from Continuing Operation Net Minority Interest": "25,791", "Total Unusual Items Excluding Goodwill": "610", "Total Unusual Items": "610", "Normalized EBITDA": "44,984", "Tax Rate for Calcs": "0", "Tax Effect of Unusual Items": "78.08"}, "12/31/2018": {"Duration": "12/31/2018", "Total Revenue": "1,058,816", "Cost of Revenue": "717,118", "Gross Profit": "341,698", "Operating Expense": "299,842", "Operating Income": "41,856", "Net Non Operating Interest Income Expense": "3,980", "Other Income Expense": "-2,632", "Pretax Income": "43,204", "Tax Provision": "25,878", "Net Income Common Stockholders": "-9,162", "Diluted NI Available to Com Stockholders": "-9,162", "Basic EPS": "-0.08", "Diluted EPS": "-0.08", "Basic Average Shares": "31,626", "Diluted Average Shares": "33,137", "Total Operating Income as Reported": "38,714", "Total Expenses": "1,016,960", "Net Income from Continuing & Discontinued Operation": "-9,162", "Normalized Income": "27,843", "Interest Income": "3,980", "Net Interest Income": "3,980", "EBIT": "41,856", "EBITDA": "-", "Reconciled Cost of Revenue": "717,118", "Reconciled Depreciation": "18,851", "Net Income from Continuing Operation Net Minority Interest": "26,493", "Total Unusual Items Excluding Goodwill": "-1,849", "Total Unusual Items": "-1,849", "Normalized EBITDA": "62,556", "Tax Rate for Calcs": "0", "Tax Effect of Unusual Items": "-499.23"}}, "bs": {"12/31/2020": {"Duration": "12/31/2020", "Total Assets": "1,106,039", "Total Liabilities Net Minority Interest": "416,655", "Total Equity Gross Minority Interest": "689,384", "Total Capitalization": "689,384", "Common Stock Equity": "689,384", "Capital Lease Obligations": "34,661", "Net Tangible Assets": "604,764", "Working Capital": "528,105", "Invested Capital": "689,384", "Tangible Book Value": "604,764", "Total Debt": "34,661", "Share Issued": "30,399", "Ordinary Shares Number": "30,399"}, "12/31/2019": {"Duration": "12/31/2019", "Total Assets": "955,813", "Total Liabilities Net Minority Interest": "347,120", "Total Equity Gross Minority Interest": "608,693", "Total Capitalization": "608,693", "Common Stock Equity": "608,693", "Capital Lease Obligations": "34,791", "Net Tangible Assets": "517,868", "Working Capital": "445,718", "Invested Capital": "608,693", "Tangible Book Value": "517,868", "Total Debt": "34,791", "Share Issued": "29,925", "Ordinary Shares Number": "29,925"}, "12/31/2018": {"Duration": "12/31/2018", "Total Assets": "1,043,376", "Total Liabilities Net Minority Interest": "415,824", "Total Equity Gross Minority Interest": "627,552", "Total Capitalization": "627,552", "Common Stock Equity": "627,552", "Capital Lease Obligations": "-", "Net Tangible Assets": "529,685", "Working Capital": "473,907", "Invested Capital": "627,552", "Tangible Book Value": "529,685", "Total Debt": "-", "Share Issued": "31,562", "Ordinary Shares Number": "31,562"}}, "cf": {"TTM": {"Duration": "TTM", "Operating Cash Flow": "181,150", "Investing Cash Flow": "-16,836", "Financing Cash Flow": "-8,062", "End Cash Position": "346,460", "Income Tax Paid Supplemental Data": "8,218", "Capital Expenditure": "-10,296", "Repurchase of Capital Stock": "-23,800", "Free Cash Flow": "170,854"}, "12/31/2020": {"Duration": "12/31/2020", "Operating Cash Flow": "181,150", "Investing Cash Flow": "-16,836", "Financing Cash Flow": "-8,062", "End Cash Position": "346,460", "Income Tax Paid Supplemental Data": "8,218", "Capital Expenditure": "-10,296", "Repurchase of Capital Stock": "-23,800", "Free Cash Flow": "170,854"}, "12/31/2019": {"Duration": "12/31/2019", "Operating Cash Flow": "13,525", "Investing Cash Flow": "49,459", "Financing Cash Flow": "-73,823", "End Cash Position": "190,208", "Income Tax Paid Supplemental Data": "8,876", "Capital Expenditure": "-14,230", "Repurchase of Capital Stock": "-75,946", "Free Cash Flow": "-705"}, "12/31/2018": {"Duration": "12/31/2018", "Operating Cash Flow": "-103,211", "Investing Cash Flow": "-43,189", "Financing Cash Flow": "144,577", "End Cash Position": "201,047", "Income Tax Paid Supplemental Data": "23,220", "Capital Expenditure": "-12,251", "Repurchase of Capital Stock": "-30,000", "Free Cash Flow": "-115,462"}}}}, {"SONS": {"quote": {"03/20/2021": {"value": "", "Net Assets": "N/A", "Beta (5Y Monthly)": "N/A", "Yield": "N/A", "5y Average Return": "N/A", "Holdings Turnover": "N/A", "Last Dividend": "N/A", "Average for Category": "N/A", "Inception Date": "N/A"}}, "fin": {}, "bs": {}, "cf": {}}}, {"KVHI": {"quote": {"03/20/2021": {"value": "12.76", "Market Cap": "235.164M", "Beta (5Y Monthly)": "0.82", "PE Ratio (TTM)": "N/A", "EPS (TTM)": "-1.24", "Earnings Date": "Mar 02, 2021", "Forward Dividend & Yield": "N/A (N/A)", "Ex-Dividend Date": "N/A", "1y Target Est": "15.00"}}, "fin": {"TTM": {"Duration": "TTM", "Total Revenue": "172,829", "Cost of Revenue": "108,119", "Gross Profit": "64,710", "Operating Expense": "81,376", "Operating Income": "-16,666", "Net Non Operating Interest Income Expense": "283", "Other Income Expense": "1,118", "Pretax Income": "-15,265", "Tax Provision": "-2,713", "Net Income Common Stockholders": "34,916", "Diluted NI Available to Com Stockholders": "34,916", "Basic EPS": "-", "Diluted EPS": "-", "Basic Average Shares": "-", "Diluted Average Shares": "-", "Total Operating Income as Reported": "-16,666", "Total Expenses": "189,495", "Net Income from Continuing & Discontinued Operation": "34,916", "Normalized Income": "-12,552", "Interest Income": "1,810", "Interest Expense": "1,527", "Net Interest Income": "283", "EBIT": "-13,738", "EBITDA": "-1,469", "Reconciled Cost of Revenue": "108,119", "Reconciled Depreciation": "12,269", "Net Income from Continuing Operation Net Minority Interest": "-12,552", "Total Unusual Items Excluding Goodwill": "1,206", "Total Unusual Items": "1,206", "Normalized EBITDA": "-1,469", "Tax Rate for Calcs": "0", "Tax Effect of Unusual Items": "0"}, "12/31/2020": {"Duration": "12/31/2020", "Total Revenue": "158,733", "Cost of Revenue": "101,125", "Gross Profit": "57,608", "Operating Expense": "70,055", "Operating Income": "-12,447", "Net Non Operating Interest Income Expense": "978", "Other Income Expense": "-10,297", "Pretax Income": "-21,766", "Tax Provision": "174", "Net Income Common Stockholders": "-21,940", "Diluted NI Available to Com Stockholders": "-21,940", "Basic EPS": "-1.24", "Diluted EPS": "-1.24", "Basic Average Shares": "17,669", "Diluted Average Shares": "17,669", "Total Operating Income as Reported": "-22,937", "Total Expenses": "171,180", "Net Income from Continuing & Discontinued Operation": "-21,940", "Normalized Income": "-14,282", "Interest Income": "996", "Interest Expense": "18", "Net Interest Income": "978", "EBIT": "-21,748", "EBITDA": "-", "Reconciled Cost of Revenue": "101,125", "Reconciled Depreciation": "11,663", "Net Income from Continuing Operation Net Minority Interest": "-21,940", "Total Unusual Items Excluding Goodwill": "-10,490", "Total Unusual Items": "-10,490", "Normalized EBITDA": "405", "Tax Rate for Calcs": "0", "Tax Effect of Unusual Items": "-2,832"}, "12/31/2019": {"Duration": "12/31/2019", "Total Revenue": "157,893", "Cost of Revenue": "104,143", "Gross Profit": "53,750", "Operating Expense": "74,846", "Operating Income": "-21,096", "Net Non Operating Interest Income Expense": "983", "Other Income Expense": "101", "Pretax Income": "-20,012", "Tax Provision": "-4,003", "Net Income Common Stockholders": "33,255", "Diluted NI Available to Com Stockholders": "33,255", "Basic EPS": "1.90", "Diluted EPS": "1.90", "Basic Average Shares": "17,459", "Diluted Average Shares": "17,459", "Total Operating Income as Reported": "-21,096", "Total Expenses": "178,989", "Net Income from Continuing & Discontinued Operation": "33,255", "Normalized Income": "-16,009", "Interest Income": "2,003", "Interest Expense": "1,020", "Net Interest Income": "983", "EBIT": "-18,992", "EBITDA": "-", "Reconciled Cost of Revenue": "104,143", "Reconciled Depreciation": "11,487", "Net Income from Continuing Operation Net Minority Interest": "-16,009", "Total Unusual Items Excluding Goodwill": "-", "Total Unusual Items": "-", "Normalized EBITDA": "-7,505", "Tax Rate for Calcs": "0", "Tax Effect of Unusual Items": "0"}, "12/31/2018": {"Duration": "12/31/2018", "Total Revenue": "170,761", "Cost of Revenue": "100,100", "Gross Profit": "70,661", "Operating Expense": "77,825", "Operating Income": "-7,164", "Net Non Operating Interest Income Expense": "-1,158", "Other Income Expense": "655", "Pretax Income": "-7,667", "Tax Provision": "565", "Net Income Common Stockholders": "-8,232", "Diluted NI Available to Com Stockholders": "-8,232", "Basic EPS": "-0.48", "Diluted EPS": "-0.48", "Basic Average Shares": "17,072", "Diluted Average Shares": "17,072", "Total Operating Income as Reported": "-7,164", "Total Expenses": "177,925", "Net Income from Continuing & Discontinued Operation": "-8,232", "Normalized Income": "-8,232", "Interest Income": "635", "Interest Expense": "1,793", "Net Interest Income": "-1,158", "EBIT": "-5,874", "EBITDA": "-", "Reconciled Cost of Revenue": "100,100", "Reconciled Depreciation": "12,857", "Net Income from Continuing Operation Net Minority Interest": "-8,232", "Total Unusual Items Excluding Goodwill": "655", "Total Unusual Items": "655", "Normalized EBITDA": "6,983", "Tax Rate for Calcs": "0", "Tax Effect of Unusual Items": "0"}}, "bs": {"12/31/2020": {"Duration": "12/31/2020", "Total Assets": "183,591", "Total Liabilities Net Minority Interest": "51,707", "Total Equity Gross Minority Interest": "131,884", "Total Capitalization": "133,819", "Common Stock Equity": "131,884", "Capital Lease Obligations": "7,030", "Net Tangible Assets": "123,038", "Working Capital": "60,272", "Invested Capital": "138,811", "Tangible Book Value": "123,038", "Total Debt": "13,957", "Net Debt": "6,927", "Share Issued": "19,863", "Ordinary Shares Number": "18,430", "Treasury Shares Number": "1,433"}, "12/31/2019": {"Duration": "12/31/2019", "Total Assets": "199,391", "Total Liabilities Net Minority Interest": "49,402", "Total Equity Gross Minority Interest": "149,989", "Total Capitalization": "149,989", "Common Stock Equity": "149,989", "Capital Lease Obligations": "6,313", "Net Tangible Assets": "129,638", "Working Capital": "70,884", "Invested Capital": "149,989", "Tangible Book Value": "129,638", "Total Debt": "6,313", "Net Debt": "-", "Share Issued": "19,399", "Ordinary Shares Number": "18,001", "Treasury Shares Number": "1,397"}, "12/31/2018": {"Duration": "12/31/2018", "Total Assets": "187,652", "Total Liabilities Net Minority Interest": "88,137", "Total Equity Gross Minority Interest": "99,515", "Total Capitalization": "118,952", "Common Stock Equity": "99,515", "Capital Lease Obligations": "-", "Net Tangible Assets": "56,784", "Working Capital": "21,730", "Invested Capital": "128,880", "Tangible Book Value": "56,784", "Total Debt": "29,365", "Net Debt": "11,315", "Share Issued": "19,026", "Ordinary Shares Number": "17,744", "Treasury Shares Number": "1,282"}}, "cf": {"TTM": {"Duration": "TTM", "Operating Cash Flow": "-8,027", "Investing Cash Flow": "28,699", "Financing Cash Flow": "3,150", "End Cash Position": "22,601", "Income Tax Paid Supplemental Data": "1,051", "Interest Paid Supplemental Data": "0", "Capital Expenditure": "-13,862", "Issuance of Capital Stock": "0", "Issuance of Debt": "15,000", "Repayment of Debt": "-58,721", "Repurchase of Capital Stock": "-1,687", "Free Cash Flow": "-23,420"}, "12/31/2020": {"Duration": "12/31/2020", "Operating Cash Flow": "-3,079", "Investing Cash Flow": "-9,295", "Financing Cash Flow": "7,129", "End Cash Position": "12,578", "Income Tax Paid Supplemental Data": "1,051", "Interest Paid Supplemental Data": "0", "Capital Expenditure": "-14,141", "Issuance of Capital Stock": "-", "Issuance of Debt": "6,927", "Repayment of Debt": "-624", "Repurchase of Capital Stock": "-390", "Free Cash Flow": "-17,220"}, "12/31/2019": {"Duration": "12/31/2019", "Operating Cash Flow": "-14,165", "Investing Cash Flow": "46,048", "Financing Cash Flow": "-30,756", "End Cash Position": "18,365", "Income Tax Paid Supplemental Data": "424", "Interest Paid Supplemental Data": "929", "Capital Expenditure": "-12,620", "Issuance of Capital Stock": "0", "Issuance of Debt": "10,000", "Repayment of Debt": "-40,159", "Repurchase of Capital Stock": "-1,297", "Free Cash Flow": "-26,785"}, "12/31/2018": {"Duration": "12/31/2018", "Operating Cash Flow": "5,184", "Investing Cash Flow": "-7,647", "Financing Cash Flow": "-13,266", "End Cash Position": "18,050", "Income Tax Paid Supplemental Data": "2,578", "Interest Paid Supplemental Data": "1,679", "Capital Expenditure": "-15,941", "Issuance of Capital Stock": "4,500", "Issuance of Debt": "5,000", "Repayment of Debt": "-23,250", "Repurchase of Capital Stock": "0", "Free Cash Flow": "-10,757"}}}}, {"VSAT": {"quote": {"03/20/2021": {"value": "52.46", "Market Cap": "3.595B", "Beta (5Y Monthly)": "1.15", "PE Ratio (TTM)": "N/A", "EPS (TTM)": "-0.04", "Earnings Date": "May 24, 2021 - May 28, 2021", "Forward Dividend & Yield": "N/A (N/A)", "Ex-Dividend Date": "N/A", "1y Target Est": "72.86"}}, "fin": {"TTM": {"Duration": "TTM", "Total Revenue": "2,252,046", "Cost of Revenue": "1,575,070", "Gross Profit": "676,976", "Operating Expense": "633,755", "Operating Income": "43,221", "Net Non Operating Interest Income Expense": "-35,240", "Other Income Expense": "-", "Pretax Income": "7,981", "Tax Provision": "1,389", "Earnings from Equity Interest Net of Tax": "930", "Net Income Common Stockholders": "-2,080", "Diluted NI Available to Com Stockholders": "-2,080", "Basic EPS": "-", "Diluted EPS": "-", "Basic Average Shares": "-", "Diluted Average Shares": "-", "Total Operating Income as Reported": "43,221", "Total Expenses": "2,208,825", "Net Income from Continuing & Discontinued Operation": "-2,080", "Normalized Income": "-2,080", "Interest Income": "605", "Interest Expense": "35,845", "Net Interest Income": "-35,240", "EBIT": "43,826", "EBITDA": "423,011", "Reconciled Cost of Revenue": "1,201,747", "Reconciled Depreciation": "379,185", "Net Income from Continuing Operation Net Minority Interest": "-2,080", "Total Unusual Items Excluding Goodwill": "-", "Total Unusual Items": "-", "Normalized EBITDA": "423,011", "Tax Rate for Calcs": "0", "Tax Effect of Unusual Items": "0"}, "3/31/2020": {"Duration": "3/31/2020", "Total Revenue": "2,309,238", "Cost of Revenue": "1,609,687", "Gross Profit": "699,551", "Operating Expense": "661,130", "Operating Income": "38,421", "Net Non Operating Interest Income Expense": "-36,993", "Other Income Expense": "-", "Pretax Income": "1,428", "Tax Provision": "-7,915", "Earnings from Equity Interest Net of Tax": "4,470", "Net Income Common Stockholders": "-212", "Diluted NI Available to Com Stockholders": "-212", "Basic EPS": "-0.00", "Diluted EPS": "-0.00", "Basic Average Shares": "61,632", "Diluted Average Shares": "61,632", "Total Operating Income as Reported": "38,421", "Total Expenses": "2,270,817", "Net Income from Continuing & Discontinued Operation": "-212", "Normalized Income": "-212", "Interest Income": "1,648", "Interest Expense": "38,641", "Net Interest Income": "-36,993", "EBIT": "40,069", "EBITDA": "-", "Reconciled Cost of Revenue": "1,275,120", "Reconciled Depreciation": "342,178", "Net Income from Continuing Operation Net Minority Interest": "-212", "Total Unusual Items Excluding Goodwill": "0", "Total Unusual Items": "0", "Normalized EBITDA": "382,247", "Tax Rate for Calcs": "0", "Tax Effect of Unusual Items": "0"}, "3/31/2019": {"Duration": "3/31/2019", "Total Revenue": "2,068,258", "Cost of Revenue": "1,537,721", "Gross Profit": "530,537", "Operating Expense": "591,157", "Operating Income": "-60,620", "Net Non Operating Interest Income Expense": "-49,861", "Other Income Expense": "-", "Pretax Income": "-110,481", "Tax Provision": "-41,014", "Earnings from Equity Interest Net of Tax": "2,998", "Net Income Common Stockholders": "-67,623", "Diluted NI Available to Com Stockholders": "-67,623", "Basic EPS": "-1.12", "Diluted EPS": "-1.13", "Basic Average Shares": "60,550", "Diluted Average Shares": "60,550", "Total Operating Income as Reported": "-60,620", "Total Expenses": "2,128,878", "Net Income from Continuing & Discontinued Operation": "-67,623", "Normalized Income": "-67,623", "Interest Income": "149", "Interest Expense": "50,010", "Net Interest Income": "-49,861", "EBIT": "-60,471", "EBITDA": "-", "Reconciled Cost of Revenue": "1,228,763", "Reconciled Depreciation": "318,613", "Net Income from Continuing Operation Net Minority Interest": "-67,623", "Total Unusual Items Excluding Goodwill": "0", "Total Unusual Items": "0", "Normalized EBITDA": "258,142", "Tax Rate for Calcs": "0", "Tax Effect of Unusual Items": "0"}, "3/31/2018": {"Duration": "3/31/2018", "Total Revenue": "1,594,625", "Cost of Revenue": "1,120,814", "Gross Profit": "473,811", "Operating Expense": "565,998", "Operating Income": "-92,187", "Net Non Operating Interest Income Expense": "-3,066", "Other Income Expense": "-10,217", "Pretax Income": "-105,470", "Tax Provision": "-35,217", "Earnings from Equity Interest Net of Tax": "1,978", "Net Income Common Stockholders": "-67,305", "Diluted NI Available to Com Stockholders": "-67,305", "Basic EPS": "-1.14", "Diluted EPS": "-1.15", "Basic Average Shares": "58,905", "Diluted Average Shares": "58,905", "Total Operating Income as Reported": "-92,187", "Total Expenses": "1,686,812", "Net Income from Continuing & Discontinued Operation": "-67,305", "Normalized Income": "-60,500", "Interest Income": "960", "Interest Expense": "4,026", "Net Interest Income": "-3,066", "EBIT": "-101,444", "EBITDA": "-", "Reconciled Cost of Revenue": "877,393", "Reconciled Depreciation": "255,652", "Net Income from Continuing Operation Net Minority Interest": "-67,305", "Total Unusual Items Excluding Goodwill": "-10,217", "Total Unusual Items": "-10,217", "Normalized EBITDA": "164,425", "Tax Rate for Calcs": "0", "Tax Effect of Unusual Items": "-3,412"}}, "bs": {"3/31/2020": {"Duration": "3/31/2020", "Total Assets": "4,883,868", "Total Liabilities Net Minority Interest": "2,833,726", "Total Equity Gross Minority Interest": "2,050,142", "Total Capitalization": "3,849,450", "Common Stock Equity": "2,027,787", "Capital Lease Obligations": "328,696", "Net Tangible Assets": "1,610,275", "Working Capital": "441,125", "Invested Capital": "3,879,238", "Tangible Book Value": "1,610,275", "Total Debt": "2,180,147", "Net Debt": "1,547,142", "Share Issued": "62,147", "Ordinary Shares Number": "62,147"}, "3/31/2019": {"Duration": "3/31/2019", "Total Assets": "3,915,287", "Total Liabilities Net Minority Interest": "1,999,209", "Total Equity Gross Minority Interest": "1,916,078", "Total Capitalization": "3,300,651", "Common Stock Equity": "1,907,748", "Capital Lease Obligations": "-", "Net Tangible Assets": "1,496,301", "Working Capital": "401,692", "Invested Capital": "3,320,588", "Tangible Book Value": "1,496,301", "Total Debt": "1,412,840", "Net Debt": "1,151,139", "Share Issued": "60,550", "Ordinary Shares Number": "60,550"}, "3/31/2018": {"Duration": "3/31/2018", "Total Assets": "3,414,109", "Total Liabilities Net Minority Interest": "1,566,102", "Total Equity Gross Minority Interest": "1,848,007", "Total Capitalization": "2,815,571", "Common Stock Equity": "1,837,166", "Capital Lease Obligations": "-", "Net Tangible Assets": "1,421,327", "Working Capital": "146,096", "Invested Capital": "2,860,871", "Tangible Book Value": "1,421,327", "Total Debt": "1,023,705", "Net Debt": "952,259", "Share Issued": "58,905", "Ordinary Shares Number": "58,905"}}, "cf": {"TTM": {"Duration": "TTM", "Operating Cash Flow": "700,948", "Investing Cash Flow": "-866,076", "Financing Cash Flow": "433,620", "End Cash Position": "316,270", "Income Tax Paid Supplemental Data": "-", "Interest Paid Supplemental Data": "-", "Capital Expenditure": "-866,076", "Issuance of Capital Stock": "-", "Issuance of Debt": "710,000", "Repayment of Debt": "-447,153", "Repurchase of Capital Stock": "-13,547", "Free Cash Flow": "-165,128"}, "3/31/2020": {"Duration": "3/31/2020", "Operating Cash Flow": "436,936", "Investing Cash Flow": "-758,801", "Financing Cash Flow": "365,185", "End Cash Position": "304,309", "Income Tax Paid Supplemental Data": "10,950", "Interest Paid Supplemental Data": "27,805", "Capital Expenditure": "-761,078", "Issuance of Capital Stock": "-", "Issuance of Debt": "420,000", "Repayment of Debt": "-59,691", "Repurchase of Capital Stock": "-28,802", "Free Cash Flow": "-324,142"}, "3/31/2019": {"Duration": "3/31/2019", "Operating Cash Flow": "327,551", "Investing Cash Flow": "-489,419", "Financing Cash Flow": "354,617", "End Cash Position": "261,701", "Income Tax Paid Supplemental Data": "1,758", "Interest Paid Supplemental Data": "35,119", "Capital Expenditure": "-686,820", "Issuance of Capital Stock": "0", "Issuance of Debt": "1,110,000", "Repayment of Debt": "-732,840", "Repurchase of Capital Stock": "-28,826", "Free Cash Flow": "-359,269"}, "3/31/2018": {"Duration": "3/31/2018", "Operating Cash Flow": "358,633", "Investing Cash Flow": "-584,487", "Financing Cash Flow": "165,776", "End Cash Position": "71,446", "Income Tax Paid Supplemental Data": "4,021", "Interest Paid Supplemental Data": "3,722", "Capital Expenditure": "-584,487", "Issuance of Capital Stock": "0", "Issuance of Debt": "752,503", "Repayment of Debt": "-575,000", "Repurchase of Capital Stock": "-24,206", "Free Cash Flow": "-225,854"}}}}, {"SHOR": {"quote": {"03/20/2021": {"value": "", "Net Assets": "N/A", "Beta (5Y Monthly)": "N/A", "Yield": "N/A", "5y Average Return": "N/A", "Holdings Turnover": "N/A", "Last Dividend": "N/A", "Average for Category": "N/A", "Inception Date": "N/A"}}, "fin": {}, "bs": {}, "cf": {}}}, {"VIAV": {"quote": {"03/20/2021": {"value": "16.51", "Market Cap": "3.776B", "Beta (5Y Monthly)": "0.77", "PE Ratio (TTM)": "128.98", "EPS (TTM)": "0.13", "Earnings Date": "May 04, 2021 - May 10, 2021", "Forward Dividend & Yield": "N/A (N/A)", "Ex-Dividend Date": "N/A", "1y Target Est": "19.63"}}, "fin": {"TTM": {"Duration": "TTM", "Total Revenue": "1,107,400", "Cost of Revenue": "456,500", "Gross Profit": "650,900", "Operating Expense": "521,200", "Operating Income": "129,700", "Net Non Operating Interest Income Expense": "-30,200", "Other Income Expense": "-1,100", "Pretax Income": "98,300", "Tax Provision": "68,200", "Net Income Common Stockholders": "30,100", "Diluted NI Available to Com Stockholders": "30,100", "Basic EPS": "-", "Diluted EPS": "-", "Basic Average Shares": "-", "Diluted Average Shares": "-", "Total Operating Income as Reported": "126,000", "Total Expenses": "977,700", "Net Income from Continuing & Discontinued Operation": "30,100", "Normalized Income": "32,320", "Interest Income": "4,800", "Interest Expense": "35,000", "Net Interest Income": "-30,200", "EBIT": "133,300", "EBITDA": "237,900", "Reconciled Cost of Revenue": "386,100", "Reconciled Depreciation": "104,600", "Net Income from Continuing Operation Net Minority Interest": "30,100", "Total Unusual Items Excluding Goodwill": "-3,700", "Total Unusual Items": "-3,700", "Normalized EBITDA": "241,600", "Tax Rate for Calcs": "0", "Tax Effect of Unusual Items": "-1,480"}, "6/30/2020": {"Duration": "6/30/2020", "Total Revenue": "1,136,300", "Cost of Revenue": "471,000", "Gross Profit": "665,300", "Operating Expense": "543,700", "Operating Income": "121,600", "Net Non Operating Interest Income Expense": "-26,600", "Other Income Expense": "-900", "Pretax Income": "94,000", "Tax Provision": "65,300", "Net Income Common Stockholders": "28,700", "Diluted NI Available to Com Stockholders": "28,700", "Basic EPS": "0.12", "Diluted EPS": "0.12", "Basic Average Shares": "229,400", "Diluted Average Shares": "233,700", "Total Operating Income as Reported": "118,100", "Total Expenses": "1,014,700", "Net Income from Continuing & Discontinued Operation": "28,700", "Normalized Income": "29,722", "Interest Income": "7,100", "Interest Expense": "33,700", "Net Interest Income": "-26,600", "EBIT": "127,700", "EBITDA": "-", "Reconciled Cost of Revenue": "398,300", "Reconciled Depreciation": "107,800", "Net Income from Continuing Operation Net Minority Interest": "28,700", "Total Unusual Items Excluding Goodwill": "-1,400", "Total Unusual Items": "-1,400", "Normalized EBITDA": "236,900", "Tax Rate for Calcs": "0", "Tax Effect of Unusual Items": "-378"}, "6/30/2019": {"Duration": "6/30/2019", "Total Revenue": "1,130,300", "Cost of Revenue": "478,900", "Gross Profit": "651,400", "Operating Expense": "568,600", "Operating Income": "82,800", "Net Non Operating Interest Income Expense": "-26,200", "Other Income Expense": "-17,300", "Pretax Income": "39,300", "Tax Provision": "31,500", "Net Income Common Stockholders": "5,400", "Diluted NI Available to Com Stockholders": "5,400", "Basic EPS": "0.02", "Diluted EPS": "0.02", "Basic Average Shares": "228,100", "Diluted Average Shares": "231,200", "Total Operating Income as Reported": "67,400", "Total Expenses": "1,047,500", "Net Income from Continuing & Discontinued Operation": "5,400", "Normalized Income": "21,524", "Interest Income": "8,100", "Interest Expense": "34,300", "Net Interest Income": "-26,200", "EBIT": "73,600", "EBITDA": "-", "Reconciled Cost of Revenue": "404,800", "Reconciled Depreciation": "112,200", "Net Income from Continuing Operation Net Minority Interest": "7,800", "Total Unusual Items Excluding Goodwill": "-18,800", "Total Unusual Items": "-18,800", "Normalized EBITDA": "204,600", "Tax Rate for Calcs": "0", "Tax Effect of Unusual Items": "-5,076"}, "6/30/2018": {"Duration": "6/30/2018", "Total Revenue": "880,400", "Cost of Revenue": "388,200", "Gross Profit": "492,200", "Operating Expense": "478,800", "Operating Income": "13,400", "Net Non Operating Interest Income Expense": "-31,400", "Other Income Expense": "-14,600", "Pretax Income": "-32,600", "Tax Provision": "13,400", "Net Income Common Stockholders": "-46,000", "Diluted NI Available to Com Stockholders": "-46,000", "Basic EPS": "-0.20", "Diluted EPS": "-0.20", "Basic Average Shares": "227,100", "Diluted Average Shares": "227,100", "Total Operating Income as Reported": "5,100", "Total Expenses": "867,000", "Net Income from Continuing & Discontinued Operation": "-46,000", "Normalized Income": "-35,269", "Interest Income": "15,900", "Interest Expense": "47,300", "Net Interest Income": "-31,400", "EBIT": "14,700", "EBITDA": "-", "Reconciled Cost of Revenue": "325,800", "Reconciled Depreciation": "83,400", "Net Income from Continuing Operation Net Minority Interest": "-46,000", "Total Unusual Items Excluding Goodwill": "-14,700", "Total Unusual Items": "-14,700", "Normalized EBITDA": "112,800", "Tax Rate for Calcs": "0", "Tax Effect of Unusual Items": "-3,969"}}, "bs": {"6/30/2020": {"Duration": "6/30/2020", "Total Assets": "1,776,300", "Total Liabilities Net Minority Interest": "1,064,900", "Total Equity Gross Minority Interest": "711,400", "Total Capitalization": "1,312,300", "Common Stock Equity": "711,400", "Capital Lease Obligations": "56,000", "Net Tangible Assets": "181,900", "Working Capital": "680,800", "Invested Capital": "1,315,100", "Tangible Book Value": "181,900", "Total Debt": "659,700", "Net Debt": "64,700", "Share Issued": "228,000", "Ordinary Shares Number": "228,000"}, "6/30/2019": {"Duration": "6/30/2019", "Total Assets": "1,815,100", "Total Liabilities Net Minority Interest": "1,089,300", "Total Equity Gross Minority Interest": "725,800", "Total Capitalization": "1,304,600", "Common Stock Equity": "725,800", "Capital Lease Obligations": "25,500", "Net Tangible Assets": "133,100", "Working Capital": "632,800", "Invested Capital": "1,304,600", "Tangible Book Value": "133,100", "Total Debt": "604,300", "Net Debt": "57,300", "Share Issued": "229,000", "Ordinary Shares Number": "229,000"}, "6/30/2018": {"Duration": "6/30/2018", "Total Assets": "2,022,600", "Total Liabilities Net Minority Interest": "1,301,900", "Total Equity Gross Minority Interest": "720,700", "Total Capitalization": "1,278,600", "Common Stock Equity": "720,700", "Capital Lease Obligations": "26,800", "Net Tangible Assets": "149,300", "Working Capital": "591,400", "Invested Capital": "1,553,900", "Tangible Book Value": "149,300", "Total Debt": "860,000", "Net Debt": "221,800", "Share Issued": "227,000", "Ordinary Shares Number": "227,000"}}, "cf": {"TTM": {"Duration": "TTM", "Operating Cash Flow": "198,900", "Investing Cash Flow": "-37,100", "Financing Cash Flow": "-82,000", "End Cash Position": "640,000", "Income Tax Paid Supplemental Data": "-", "Interest Paid Supplemental Data": "-", "Capital Expenditure": "-37,100", "Issuance of Capital Stock": "-", "Issuance of Debt": "-", "Repayment of Debt": "-4,300", "Repurchase of Capital Stock": "-57,500", "Free Cash Flow": "161,800"}, "6/30/2020": {"Duration": "6/30/2020", "Operating Cash Flow": "135,600", "Investing Cash Flow": "-29,800", "Financing Cash Flow": "-71,700", "End Cash Position": "547,400", "Income Tax Paid Supplemental Data": "50,600", "Interest Paid Supplemental Data": "11,300", "Capital Expenditure": "-31,900", "Issuance of Capital Stock": "-", "Issuance of Debt": "0", "Repayment of Debt": "-2,700", "Repurchase of Capital Stock": "-44,400", "Free Cash Flow": "103,700"}, "6/30/2019": {"Duration": "6/30/2019", "Operating Cash Flow": "138,800", "Investing Cash Flow": "80,600", "Financing Cash Flow": "-300,400", "End Cash Position": "530,400", "Income Tax Paid Supplemental Data": "29,800", "Interest Paid Supplemental Data": "11,800", "Capital Expenditure": "-45,000", "Issuance of Capital Stock": "-", "Issuance of Debt": "0", "Repayment of Debt": "-278,600", "Repurchase of Capital Stock": "-11,200", "Free Cash Flow": "93,800"}, "6/30/2018": {"Duration": "6/30/2018", "Operating Cash Flow": "66,000", "Investing Cash Flow": "-281,600", "Financing Cash Flow": "-180,500", "End Cash Position": "611,400", "Income Tax Paid Supplemental Data": "24,400", "Interest Paid Supplemental Data": "11,200", "Capital Expenditure": "-42,500", "Issuance of Capital Stock": "-", "Issuance of Debt": "225,000", "Repayment of Debt": "-354,600", "Repurchase of Capital Stock": "-40,800", "Free Cash Flow": "23,500"}}}}, {"RITT": {"quote": {"03/20/2021": {"value": "0.0410", "Market Cap": "310,782", "Beta (5Y Monthly)": "0.53", "PE Ratio (TTM)": "N/A", "EPS (TTM)": "-0.1920", "Earnings Date": "N/A", "Forward Dividend & Yield": "N/A (N/A)", "Ex-Dividend Date": "N/A", "1y Target Est": "0.00"}}, "fin": {}, "bs": {}, "cf": {}}}, {"MITL": {"quote": {"03/20/2021": {"value": "", "Net Assets": "N/A", "Beta (5Y Monthly)": "N/A", "Yield": "N/A", "5y Average Return": "N/A", "Holdings Turnover": "N/A", "Last Dividend": "N/A", "Average for Category": "N/A", "Inception Date": "N/A"}}, "fin": {}, "bs": {}, "cf": {}}}, {"NTIP": {"quote": {"03/20/2021": {"value": "3.3600", "Market Cap": "80.751M", "Beta (5Y Monthly)": "0.27", "PE Ratio (TTM)": "N/A", "EPS (TTM)": "-0.0490", "Earnings Date": "Nov 12, 2020", "Forward Dividend & Yield": "0.10 (2.94%)", "Ex-Dividend Date": "Mar 15, 2021", "1y Target Est": "N/A"}}, "fin": {"TTM": {"Duration": "TTM", "Total Revenue": "5,678", "Cost of Revenue": "2,068", "Gross Profit": "3,610", "Operating Expense": "4,284", "Operating Income": "-674", "Net Non Operating Interest Income Expense": "681", "Other Income Expense": "-17", "Pretax Income": "-10", "Tax Provision": "254", "Earnings from Equity Interest Net of Tax": "-903", "Net Income Common Stockholders": "-1,167", "Diluted NI Available to Com Stockholders": "-1,167", "Basic EPS": "-", "Diluted EPS": "-", "Basic Average Shares": "-", "Diluted Average Shares": "-", "Total Operating Income as Reported": "-674", "Total Expenses": "6,352", "Net Income from Continuing & Discontinued Operation": "-1,167", "Normalized Income": "-1,155", "Interest Income": "681", "Net Interest Income": "681", "EBIT": "-674", "EBITDA": "-293", "Reconciled Cost of Revenue": "1,976", "Reconciled Depreciation": "381", "Net Income from Continuing Operation Net Minority Interest": "-1,167", "Total Unusual Items Excluding Goodwill": "-17", "Total Unusual Items": "-17", "Normalized EBITDA": "-276", "Tax Rate for Calcs": "0", "Tax Effect of Unusual Items": "-4.59"}, "12/31/2019": {"Duration": "12/31/2019", "Total Revenue": "3,037", "Cost of Revenue": "882", "Gross Profit": "2,155", "Operating Expense": "4,509", "Operating Income": "-2,354", "Net Non Operating Interest Income Expense": "1,150", "Other Income Expense": "37", "Pretax Income": "-1,167", "Tax Provision": "21", "Earnings from Equity Interest Net of Tax": "-604", "Net Income Common Stockholders": "-1,792", "Diluted NI Available to Com Stockholders": "-1,792", "Basic EPS": "-0.07", "Diluted EPS": "-0.07", "Basic Average Shares": "23,979", "Diluted Average Shares": "23,979", "Total Operating Income as Reported": "-2,354", "Total Expenses": "5,391", "Net Income from Continuing & Discontinued Operation": "-1,792", "Normalized Income": "-1,819", "Interest Income": "1,150", "Net Interest Income": "1,150", "EBIT": "-2,354", "EBITDA": "-", "Reconciled Cost of Revenue": "755", "Reconciled Depreciation": "412", "Net Income from Continuing Operation Net Minority Interest": "-1,792", "Total Unusual Items Excluding Goodwill": "37", "Total Unusual Items": "37", "Normalized EBITDA": "-1,979", "Tax Rate for Calcs": "0", "Tax Effect of Unusual Items": "9.99"}, "12/31/2018": {"Duration": "12/31/2018", "Total Revenue": "22,106", "Cost of Revenue": "8,072", "Gross Profit": "14,034", "Operating Expense": "4,867", "Operating Income": "9,167", "Net Non Operating Interest Income Expense": "876", "Other Income Expense": "-29", "Pretax Income": "10,014", "Tax Provision": "2,308", "Earnings from Equity Interest Net of Tax": "-", "Net Income Common Stockholders": "7,706", "Diluted NI Available to Com Stockholders": "7,706", "Basic EPS": "0.32", "Diluted EPS": "0.30", "Basic Average Shares": "23,764", "Diluted Average Shares": "25,355", "Total Operating Income as Reported": "9,167", "Total Expenses": "12,939", "Net Income from Continuing & Discontinued Operation": "7,706", "Normalized Income": "7,728", "Interest Income": "876", "Net Interest Income": "876", "EBIT": "9,167", "EBITDA": "-", "Reconciled Cost of Revenue": "8,072", "Reconciled Depreciation": "290", "Net Income from Continuing Operation Net Minority Interest": "7,706", "Total Unusual Items Excluding Goodwill": "-29", "Total Unusual Items": "-29", "Normalized EBITDA": "9,486", "Tax Rate for Calcs": "0", "Tax Effect of Unusual Items": "-6.6845"}}, "bs": {"12/31/2019": {"Duration": "12/31/2019", "Total Assets": "55,076", "Total Liabilities Net Minority Interest": "1,569", "Total Equity Gross Minority Interest": "53,507", "Total Capitalization": "53,507", "Common Stock Equity": "53,507", "Capital Lease Obligations": "41", "Net Tangible Assets": "51,688", "Working Capital": "47,189", "Invested Capital": "53,507", "Tangible Book Value": "51,688", "Total Debt": "41", "Share Issued": "24,036", "Ordinary Shares Number": "24,036"}, "12/31/2018": {"Duration": "12/31/2018", "Total Assets": "60,266", "Total Liabilities Net Minority Interest": "2,061", "Total Equity Gross Minority Interest": "58,205", "Total Capitalization": "58,205", "Common Stock Equity": "58,205", "Capital Lease Obligations": "-", "Net Tangible Assets": "56,216", "Working Capital": "53,486", "Invested Capital": "58,205", "Tangible Book Value": "56,216", "Total Debt": "-", "Share Issued": "23,736", "Ordinary Shares Number": "23,736"}}, "cf": {"TTM": {"Duration": "TTM", "Operating Cash Flow": "890", "Investing Cash Flow": "9,802", "Financing Cash Flow": "-3,208", "End Cash Position": "24,221", "Income Tax Paid Supplemental Data": "0", "Interest Paid Supplemental Data": "0", "Capital Expenditure": "-110", "Repurchase of Capital Stock": "-764", "Free Cash Flow": "780"}, "12/31/2019": {"Duration": "12/31/2019", "Operating Cash Flow": "-605", "Investing Cash Flow": "3,048", "Financing Cash Flow": "-3,619", "End Cash Position": "22,587", "Income Tax Paid Supplemental Data": "0", "Interest Paid Supplemental Data": "0", "Capital Expenditure": "-115", "Repurchase of Capital Stock": "-1,310", "Free Cash Flow": "-720"}, "12/31/2018": {"Duration": "12/31/2018", "Operating Cash Flow": "8,093", "Investing Cash Flow": "-28,197", "Financing Cash Flow": "-4,567", "End Cash Position": "18,680", "Income Tax Paid Supplemental Data": "1,986", "Interest Paid Supplemental Data": "0", "Capital Expenditure": "-110", "Repurchase of Capital Stock": "-2,153", "Free Cash Flow": "7,983"}}}}, {"WSTL": {"quote": {"03/20/2021": {"value": "0.8383", "Market Cap": "9.227M", "Beta (5Y Monthly)": "0.89", "PE Ratio (TTM)": "N/A", "EPS (TTM)": "-0.3790", "Earnings Date": "Aug 14, 2020", "Forward Dividend & Yield": "N/A (N/A)", "Ex-Dividend Date": "N/A", "1y Target Est": "N/A"}}, "fin": {"TTM": {"Duration": "TTM", "Total Revenue": "29,055", "Cost of Revenue": "18,600", "Gross Profit": "10,455", "Operating Expense": "15,549", "Operating Income": "-5,094", "Other Income Expense": "-1,029", "Pretax Income": "-6,123", "Tax Provision": "-29", "Net Income Common Stockholders": "-6,094", "Diluted NI Available to Com Stockholders": "-6,094", "Basic EPS": "-", "Diluted EPS": "-", "Basic Average Shares": "-", "Diluted Average Shares": "-", "Total Operating Income as Reported": "-6,335", "Total Expenses": "34,149", "Net Income from Continuing & Discontinued Operation": "-6,094", "Normalized Income": "-6,094", "EBIT": "-5,094", "EBITDA": "-3,464", "Reconciled Cost of Revenue": "18,038", "Reconciled Depreciation": "1,630", "Net Income from Continuing Operation Net Minority Interest": "-6,094", "Total Unusual Items Excluding Goodwill": "-1,007", "Total Unusual Items": "-1,007", "Normalized EBITDA": "-3,464", "Tax Rate for Calcs": "0", "Tax Effect of Unusual Items": "0"}, "3/31/2020": {"Duration": "3/31/2020", "Total Revenue": "29,956", "Cost of Revenue": "20,309", "Gross Profit": "9,647", "Operating Expense": "18,928", "Operating Income": "-9,281", "Other Income Expense": "-785", "Pretax Income": "-10,066", "Tax Provision": "36", "Net Income Common Stockholders": "-10,102", "Diluted NI Available to Com Stockholders": "-10,102", "Basic EPS": "-0.65", "Diluted EPS": "-0.65", "Basic Average Shares": "15,530", "Diluted Average Shares": "15,530", "Total Operating Income as Reported": "-10,522", "Total Expenses": "39,237", "Net Income from Continuing & Discontinued Operation": "-10,102", "Normalized Income": "-9,196", "EBIT": "-9,281", "EBITDA": "-", "Reconciled Cost of Revenue": "19,642", "Reconciled Depreciation": "1,900", "Net Income from Continuing Operation Net Minority Interest": "-10,102", "Total Unusual Items Excluding Goodwill": "-1,241", "Total Unusual Items": "-1,241", "Normalized EBITDA": "-6,140", "Tax Rate for Calcs": "0", "Tax Effect of Unusual Items": "-335.07"}, "3/31/2019": {"Duration": "3/31/2019", "Total Revenue": "43,570", "Cost of Revenue": "25,206", "Gross Profit": "18,364", "Operating Expense": "25,266", "Operating Income": "-6,902", "Other Income Expense": "-4,096", "Pretax Income": "-10,998", "Tax Provision": "39", "Net Income Common Stockholders": "-11,382", "Diluted NI Available to Com Stockholders": "-11,382", "Basic EPS": "-0.73", "Diluted EPS": "-0.73", "Basic Average Shares": "15,517", "Diluted Average Shares": "15,517", "Total Operating Income as Reported": "-11,624", "Total Expenses": "50,472", "Net Income from Continuing & Discontinued Operation": "-11,382", "Normalized Income": "-7,590", "EBIT": "-6,902", "EBITDA": "-", "Reconciled Cost of Revenue": "24,615", "Reconciled Depreciation": "4,026", "Net Income from Continuing Operation Net Minority Interest": "-11,037", "Total Unusual Items Excluding Goodwill": "-4,722", "Total Unusual Items": "-4,722", "Normalized EBITDA": "1,846", "Tax Rate for Calcs": "0", "Tax Effect of Unusual Items": "-1,275"}, "3/31/2018": {"Duration": "3/31/2018", "Total Revenue": "58,577", "Cost of Revenue": "33,410", "Gross Profit": "25,167", "Operating Expense": "26,456", "Operating Income": "-1,289", "Other Income Expense": "723", "Pretax Income": "-566", "Tax Provision": "-597", "Net Income Common Stockholders": "31", "Diluted NI Available to Com Stockholders": "31", "Basic EPS": "0.00", "Diluted EPS": "0.00", "Basic Average Shares": "15,497", "Diluted Average Shares": "15,707", "Total Operating Income as Reported": "-1,454", "Total Expenses": "59,866", "Net Income from Continuing & Discontinued Operation": "31", "Normalized Income": "151.45", "EBIT": "-1,289", "EBITDA": "-", "Reconciled Cost of Revenue": "32,642", "Reconciled Depreciation": "4,957", "Net Income from Continuing Operation Net Minority Interest": "31", "Total Unusual Items Excluding Goodwill": "-165", "Total Unusual Items": "-165", "Normalized EBITDA": "3,833", "Tax Rate for Calcs": "0", "Tax Effect of Unusual Items": "-44.55"}}, "bs": {"3/31/2020": {"Duration": "3/31/2020", "Total Assets": "37,526", "Total Liabilities Net Minority Interest": "5,865", "Total Equity Gross Minority Interest": "31,661", "Total Capitalization": "31,661", "Common Stock Equity": "31,661", "Capital Lease Obligations": "339", "Net Tangible Assets": "28,933", "Working Capital": "27,721", "Invested Capital": "31,661", "Tangible Book Value": "28,933", "Total Debt": "339", "Share Issued": "20,924", "Ordinary Shares Number": "15,709", "Treasury Shares Number": "5,215"}, "3/31/2019": {"Duration": "3/31/2019", "Total Assets": "48,897", "Total Liabilities Net Minority Interest": "7,717", "Total Equity Gross Minority Interest": "41,180", "Total Capitalization": "41,180", "Common Stock Equity": "41,180", "Capital Lease Obligations": "-", "Net Tangible Assets": "37,902", "Working Capital": "36,732", "Invested Capital": "41,180", "Tangible Book Value": "37,902", "Total Debt": "-", "Share Issued": "20,517", "Ordinary Shares Number": "15,394", "Treasury Shares Number": "5,122"}, "3/31/2018": {"Duration": "3/31/2018", "Total Assets": "60,459", "Total Liabilities Net Minority Interest": "8,164", "Total Equity Gross Minority Interest": "52,295", "Total Capitalization": "52,295", "Common Stock Equity": "52,295", "Capital Lease Obligations": "-", "Net Tangible Assets": "40,860", "Working Capital": "39,568", "Invested Capital": "52,295", "Tangible Book Value": "40,860", "Total Debt": "-", "Share Issued": "20,264", "Ordinary Shares Number": "15,630", "Treasury Shares Number": "4,634"}}, "cf": {"TTM": {"Duration": "TTM", "Operating Cash Flow": "-1,442", "Investing Cash Flow": "-145", "Financing Cash Flow": "-5,647", "End Cash Position": "14,756", "Income Tax Paid Supplemental Data": "-", "Capital Expenditure": "-145", "Repurchase of Capital Stock": "-7,284", "Free Cash Flow": "-1,587"}, "3/31/2020": {"Duration": "3/31/2020", "Operating Cash Flow": "-2,272", "Investing Cash Flow": "-2,124", "Financing Cash Flow": "-192", "End Cash Position": "20,869", "Income Tax Paid Supplemental Data": "-", "Capital Expenditure": "-2,135", "Repurchase of Capital Stock": "-192", "Free Cash Flow": "-4,407"}, "3/31/2019": {"Duration": "3/31/2019", "Operating Cash Flow": "-760", "Investing Cash Flow": "2,489", "Financing Cash Flow": "-1,233", "End Cash Position": "25,457", "Income Tax Paid Supplemental Data": "15", "Capital Expenditure": "-290", "Repurchase of Capital Stock": "-1,233", "Free Cash Flow": "-1,050"}, "3/31/2018": {"Duration": "3/31/2018", "Operating Cash Flow": "6,945", "Investing Cash Flow": "-3,185", "Financing Cash Flow": "-574", "End Cash Position": "24,963", "Income Tax Paid Supplemental Data": "28", "Capital Expenditure": "-408", "Repurchase of Capital Stock": "-574", "Free Cash Flow": "6,537"}}}}, {"TESS": {"quote": {"03/20/2021": {"value": "7.29", "Market Cap": "64.357M", "Beta (5Y Monthly)": "1.08", "PE Ratio (TTM)": "N/A", "EPS (TTM)": "-2.30", "Earnings Date": "Feb 02, 2021", "Forward Dividend & Yield": "N/A (N/A)", "Ex-Dividend Date": "Feb 11, 2020", "1y Target Est": "N/A"}}, "fin": {"TTM": {"Duration": "TTM", "Total Revenue": "521,731", "Cost of Revenue": "439,072", "Gross Profit": "82,659", "Operating Expense": "105,284", "Operating Income": "-22,625", "Net Non Operating Interest Income Expense": "-572.4", "Other Income Expense": "-", "Pretax Income": "-34,875", "Tax Provision": "-7,414", "Net Income Common Stockholders": "-19,889", "Diluted NI Available to Com Stockholders": "-19,889", "Basic EPS": "-", "Diluted EPS": "-", "Basic Average Shares": "-", "Diluted Average Shares": "-", "Total Operating Income as Reported": "-34,303", "Total Expenses": "544,356", "Net Income from Continuing & Discontinued Operation": "-19,889", "Normalized Income": "-18,266", "Interest Expense": "572.4", "Net Interest Income": "-572.4", "EBIT": "-34,303", "EBITDA": "-30,012", "Reconciled Cost of Revenue": "439,072", "Reconciled Depreciation": "4,291", "Net Income from Continuing Operation Net Minority Interest": "-27,461", "Total Unusual Items Excluding Goodwill": "-11,678", "Total Unusual Items": "-11,678", "Normalized EBITDA": "-18,334", "Tax Rate for Calcs": "0", "Tax Effect of Unusual Items": "-2,482"}, "3/31/2020": {"Duration": "3/31/2020", "Total Revenue": "540,298", "Cost of Revenue": "448,475", "Gross Profit": "91,823", "Operating Expense": "107,815", "Operating Income": "-15,992", "Net Non Operating Interest Income Expense": "-1,116", "Other Income Expense": "-12,166", "Pretax Income": "-29,274", "Tax Provision": "-7,705", "Net Income Common Stockholders": "-21,569", "Diluted NI Available to Com Stockholders": "-21,569", "Basic EPS": "-2.53", "Diluted EPS": "-2.53", "Basic Average Shares": "8,527", "Diluted Average Shares": "8,527", "Total Operating Income as Reported": "-28,157", "Total Expenses": "556,290", "Net Income from Continuing & Discontinued Operation": "-21,569", "Normalized Income": "-12,603", "Interest Expense": "1,116", "Net Interest Income": "-1,116", "EBIT": "-28,157", "EBITDA": "-", "Reconciled Cost of Revenue": "448,475", "Reconciled Depreciation": "4,026", "Net Income from Continuing Operation Net Minority Interest": "-21,569", "Total Unusual Items Excluding Goodwill": "-12,166", "Total Unusual Items": "-12,166", "Normalized EBITDA": "-11,966", "Tax Rate for Calcs": "0", "Tax Effect of Unusual Items": "-3,200"}, "3/31/2019": {"Duration": "3/31/2019", "Total Revenue": "606,814", "Cost of Revenue": "485,455", "Gross Profit": "121,359", "Operating Expense": "113,214", "Operating Income": "8,145", "Net Non Operating Interest Income Expense": "-853.8", "Other Income Expense": "-", "Pretax Income": "7,291", "Tax Provision": "1,745", "Net Income Common Stockholders": "5,546", "Diluted NI Available to Com Stockholders": "5,546", "Basic EPS": "0.66", "Diluted EPS": "0.65", "Basic Average Shares": "8,403", "Diluted Average Shares": "8,532", "Total Operating Income as Reported": "8,145", "Total Expenses": "598,669", "Net Income from Continuing & Discontinued Operation": "5,546", "Normalized Income": "5,546", "Interest Expense": "853.8", "Net Interest Income": "-853.8", "EBIT": "8,145", "EBITDA": "-", "Reconciled Cost of Revenue": "485,455", "Reconciled Depreciation": "3,619", "Net Income from Continuing Operation Net Minority Interest": "5,546", "Total Unusual Items Excluding Goodwill": "0", "Total Unusual Items": "0", "Normalized EBITDA": "11,764", "Tax Rate for Calcs": "0", "Tax Effect of Unusual Items": "0"}, "3/31/2018": {"Duration": "3/31/2018", "Total Revenue": "580,275", "Cost of Revenue": "460,046", "Gross Profit": "120,228", "Operating Expense": "112,327", "Operating Income": "7,902", "Net Non Operating Interest Income Expense": "-429.1", "Other Income Expense": "-", "Pretax Income": "7,473", "Tax Provision": "2,277", "Net Income Common Stockholders": "5,195", "Diluted NI Available to Com Stockholders": "5,195", "Basic EPS": "0.56", "Diluted EPS": "0.55", "Basic Average Shares": "8,304", "Diluted Average Shares": "8,455", "Total Operating Income as Reported": "7,902", "Total Expenses": "572,373", "Net Income from Continuing & Discontinued Operation": "5,195", "Normalized Income": "5,195", "Interest Expense": "429.1", "Net Interest Income": "-429.1", "EBIT": "7,902", "EBITDA": "-", "Reconciled Cost of Revenue": "460,046", "Reconciled Depreciation": "3,993", "Net Income from Continuing Operation Net Minority Interest": "5,195", "Total Unusual Items Excluding Goodwill": "0", "Total Unusual Items": "0", "Normalized EBITDA": "11,894", "Tax Rate for Calcs": "0", "Tax Effect of Unusual Items": "0"}}, "bs": {"3/31/2020": {"Duration": "3/31/2020", "Total Assets": "208,709", "Total Liabilities Net Minority Interest": "125,006", "Total Equity Gross Minority Interest": "83,703", "Total Capitalization": "83,703", "Common Stock Equity": "83,703", "Capital Lease Obligations": "14,060", "Net Tangible Assets": "72,545", "Working Capital": "51,165", "Invested Capital": "109,267", "Tangible Book Value": "72,545", "Total Debt": "39,624", "Net Debt": "25,514", "Share Issued": "14,354", "Ordinary Shares Number": "8,578", "Treasury Shares Number": "5,777"}, "3/31/2019": {"Duration": "3/31/2019", "Total Assets": "206,496", "Total Liabilities Net Minority Interest": "97,709", "Total Equity Gross Minority Interest": "108,787", "Total Capitalization": "108,787", "Common Stock Equity": "108,787", "Capital Lease Obligations": "-", "Net Tangible Assets": "97,110", "Working Capital": "74,636", "Invested Capital": "123,165", "Tangible Book Value": "97,110", "Total Debt": "14,378", "Net Debt": "14,348", "Share Issued": "14,190", "Ordinary Shares Number": "8,469", "Treasury Shares Number": "5,721"}, "3/31/2018": {"Duration": "3/31/2018", "Total Assets": "199,424", "Total Liabilities Net Minority Interest": "91,372", "Total Equity Gross Minority Interest": "108,052", "Total Capitalization": "108,054", "Common Stock Equity": "108,052", "Capital Lease Obligations": "-", "Net Tangible Assets": "96,374", "Working Capital": "74,789", "Invested Capital": "118,917", "Tangible Book Value": "96,374", "Total Debt": "10,865", "Net Debt": "10,846", "Share Issued": "14,112", "Ordinary Shares Number": "8,397", "Treasury Shares Number": "5,715"}}, "cf": {"TTM": {"Duration": "TTM", "Operating Cash Flow": "4,314", "Investing Cash Flow": "-661.2", "Financing Cash Flow": "-3,420", "End Cash Position": "234.2", "Capital Expenditure": "-9,863", "Issuance of Capital Stock": "228.1", "Issuance of Debt": "-3,355", "Repayment of Debt": "0", "Repurchase of Capital Stock": "-121.6", "Free Cash Flow": "-5,548"}, "3/31/2020": {"Duration": "3/31/2020", "Operating Cash Flow": "908.2", "Investing Cash Flow": "-6,846", "Financing Cash Flow": "5,957", "End Cash Position": "50", "Capital Expenditure": "-6,846", "Issuance of Capital Stock": "262.4", "Issuance of Debt": "11,186", "Repayment of Debt": "-2.3", "Repurchase of Capital Stock": "-882.1", "Free Cash Flow": "-5,937"}, "3/31/2019": {"Duration": "3/31/2019", "Operating Cash Flow": "8,247", "Investing Cash Flow": "-5,165", "Financing Cash Flow": "-3,071", "End Cash Position": "30.3", "Capital Expenditure": "-5,165", "Issuance of Capital Stock": "279", "Issuance of Debt": "3,543", "Repayment of Debt": "-27.3", "Repurchase of Capital Stock": "-111.1", "Free Cash Flow": "3,082"}, "3/31/2018": {"Duration": "3/31/2018", "Operating Cash Flow": "-9,247", "Investing Cash Flow": "-3,539", "Financing Cash Flow": "4,266", "End Cash Position": "19.4", "Capital Expenditure": "-3,539", "Issuance of Capital Stock": "148.7", "Issuance of Debt": "10,835", "Repayment of Debt": "-26.7", "Repurchase of Capital Stock": "-65.4", "Free Cash Flow": "-12,786"}}}}, {"TEVE": {"quote": {"03/20/2021": {"value": "", "Net Assets": "N/A", "Beta (5Y Monthly)": "N/A", "Yield": "N/A", "5y Average Return": "N/A", "Holdings Turnover": "N/A", "Last Dividend": "N/A", "Average for Category": "N/A", "Inception Date": "N/A"}}, "fin": {}, "bs": {}, "cf": {}}}, {"ITI": {"quote": {"03/20/2021": {"value": "6.55", "Market Cap": "272.746M", "Beta (5Y Monthly)": "1.34", "PE Ratio (TTM)": "25.29", "EPS (TTM)": "0.26", "Earnings Date": "Feb 02, 2021", "Forward Dividend & Yield": "N/A (N/A)", "Ex-Dividend Date": "N/A", "1y Target Est": "9.20"}}, "fin": {"TTM": {"Duration": "TTM", "Total Revenue": "121,053", "Cost of Revenue": "70,311", "Gross Profit": "50,742", "Operating Expense": "52,175", "Operating Income": "-1,433", "Net Non Operating Interest Income Expense": "189", "Other Income Expense": "-470", "Pretax Income": "-1,714", "Tax Provision": "180", "Net Income Common Stockholders": "10,766", "Diluted NI Available to Com Stockholders": "10,766", "Basic EPS": "-", "Diluted EPS": "-", "Basic Average Shares": "-", "Diluted Average Shares": "-", "Total Operating Income as Reported": "-2,052", "Rent Expense Supplemental": "-", "Total Expenses": "122,486", "Net Income from Continuing & Discontinued Operation": "10,766", "Normalized Income": "-1,894", "Interest Income": "-", "Net Interest Income": "189", "EBIT": "-1,433", "EBITDA": "1,246", "Reconciled Cost of Revenue": "68,698", "Reconciled Depreciation": "2,679", "Net Income from Continuing Operation Net Minority Interest": "-1,894", "Total Unusual Items Excluding Goodwill": "-", "Total Unusual Items": "-", "Normalized EBITDA": "1,246", "Tax Rate for Calcs": "0", "Tax Effect of Unusual Items": "0"}, "3/31/2020": {"Duration": "3/31/2020", "Total Revenue": "114,117", "Cost of Revenue": "66,356", "Gross Profit": "47,761", "Operating Expense": "53,737", "Operating Income": "-5,976", "Net Non Operating Interest Income Expense": "229", "Other Income Expense": "297", "Pretax Income": "-5,450", "Tax Provision": "160", "Net Income Common Stockholders": "-5,610", "Diluted NI Available to Com Stockholders": "-5,610", "Basic EPS": "-0.14", "Diluted EPS": "-0.14", "Basic Average Shares": "39,012", "Diluted Average Shares": "39,012", "Total Operating Income as Reported": "-5,976", "Rent Expense Supplemental": "-", "Total Expenses": "120,093", "Net Income from Continuing & Discontinued Operation": "-5,610", "Normalized Income": "-5,610", "Interest Income": "229", "Net Interest Income": "229", "EBIT": "-5,976", "EBITDA": "-", "Reconciled Cost of Revenue": "64,773", "Reconciled Depreciation": "2,340", "Net Income from Continuing Operation Net Minority Interest": "-5,610", "Total Unusual Items Excluding Goodwill": "-", "Total Unusual Items": "-", "Normalized EBITDA": "-3,636", "Tax Rate for Calcs": "0", "Tax Effect of Unusual Items": "0"}, "3/31/2019": {"Duration": "3/31/2019", "Total Revenue": "99,123", "Cost of Revenue": "60,517", "Gross Profit": "38,606", "Operating Expense": "46,565", "Operating Income": "-7,959", "Net Non Operating Interest Income Expense": "129", "Other Income Expense": "50", "Pretax Income": "-7,780", "Tax Provision": "36", "Net Income Common Stockholders": "-7,816", "Diluted NI Available to Com Stockholders": "-7,816", "Basic EPS": "-0.23", "Diluted EPS": "-0.23", "Basic Average Shares": "33,266", "Diluted Average Shares": "33,266", "Total Operating Income as Reported": "-7,959", "Rent Expense Supplemental": "-", "Total Expenses": "107,082", "Net Income from Continuing & Discontinued Operation": "-7,816", "Normalized Income": "-7,816", "Interest Income": "-", "Net Interest Income": "129", "EBIT": "-7,959", "EBITDA": "-", "Reconciled Cost of Revenue": "58,813", "Reconciled Depreciation": "1,979", "Net Income from Continuing Operation Net Minority Interest": "-7,816", "Total Unusual Items Excluding Goodwill": "0", "Total Unusual Items": "0", "Normalized EBITDA": "-5,980", "Tax Rate for Calcs": "0", "Tax Effect of Unusual Items": "0"}, "3/31/2018": {"Duration": "3/31/2018", "Total Revenue": "103,729", "Cost of Revenue": "63,898", "Gross Profit": "39,831", "Operating Expense": "45,433", "Operating Income": "-5,602", "Net Non Operating Interest Income Expense": "32", "Other Income Expense": "-16", "Pretax Income": "-5,586", "Tax Provision": "-1,818", "Net Income Common Stockholders": "-3,526", "Diluted NI Available to Com Stockholders": "-3,526", "Basic EPS": "-0.11", "Diluted EPS": "-0.11", "Basic Average Shares": "32,776", "Diluted Average Shares": "32,776", "Total Operating Income as Reported": "-5,602", "Rent Expense Supplemental": "-", "Total Expenses": "109,331", "Net Income from Continuing & Discontinued Operation": "-3,526", "Normalized Income": "-3,768", "Interest Income": "-", "Net Interest Income": "32", "EBIT": "-5,602", "EBITDA": "-", "Reconciled Cost of Revenue": "62,441", "Reconciled Depreciation": "1,545", "Net Income from Continuing Operation Net Minority Interest": "-3,768", "Total Unusual Items Excluding Goodwill": "0", "Total Unusual Items": "0", "Normalized EBITDA": "-4,057", "Tax Rate for Calcs": "0", "Tax Effect of Unusual Items": "0"}}, "bs": {"3/31/2020": {"Duration": "3/31/2020", "Total Assets": "101,957", "Total Liabilities Net Minority Interest": "38,830", "Total Equity Gross Minority Interest": "63,127", "Total Capitalization": "63,127", "Common Stock Equity": "63,127", "Capital Lease Obligations": "11,995", "Net Tangible Assets": "36,400", "Working Capital": "32,514", "Invested Capital": "63,127", "Tangible Book Value": "36,400", "Total Debt": "11,995", "Share Issued": "40,713", "Ordinary Shares Number": "40,713"}, "3/31/2019": {"Duration": "3/31/2019", "Total Assets": "57,955", "Total Liabilities Net Minority Interest": "23,900", "Total Equity Gross Minority Interest": "34,055", "Total Capitalization": "34,055", "Common Stock Equity": "34,055", "Capital Lease Obligations": "-", "Net Tangible Assets": "15,619", "Working Capital": "13,475", "Invested Capital": "34,055", "Tangible Book Value": "15,619", "Total Debt": "-", "Share Issued": "33,377", "Ordinary Shares Number": "33,377"}, "3/31/2018": {"Duration": "3/31/2018", "Total Assets": "62,886", "Total Liabilities Net Minority Interest": "23,365", "Total Equity Gross Minority Interest": "39,521", "Total Capitalization": "39,521", "Common Stock Equity": "39,521", "Capital Lease Obligations": "-", "Net Tangible Assets": "20,620", "Working Capital": "17,402", "Invested Capital": "39,521", "Tangible Book Value": "20,620", "Total Debt": "-", "Share Issued": "33,186", "Ordinary Shares Number": "33,186"}}, "cf": {"TTM": {"Duration": "TTM", "Operating Cash Flow": "262", "Investing Cash Flow": "2,488", "Financing Cash Flow": "1,683", "End Cash Position": "14,661", "Income Tax Paid Supplemental Data": "103", "Interest Paid Supplemental Data": "-", "Capital Expenditure": "-1,205", "Issuance of Capital Stock": "0", "Repurchase of Capital Stock": "-", "Free Cash Flow": "-943"}, "3/31/2020": {"Duration": "3/31/2020", "Operating Cash Flow": "-3,827", "Investing Cash Flow": "-16,243", "Financing Cash Flow": "27,362", "End Cash Position": "14,363", "Income Tax Paid Supplemental Data": "63", "Interest Paid Supplemental Data": "-", "Capital Expenditure": "-1,101", "Issuance of Capital Stock": "26,751", "Repurchase of Capital Stock": "-", "Free Cash Flow": "-4,928"}, "3/31/2019": {"Duration": "3/31/2019", "Operating Cash Flow": "-5,828", "Investing Cash Flow": "2,345", "Financing Cash Flow": "402", "End Cash Position": "7,071", "Income Tax Paid Supplemental Data": "4", "Interest Paid Supplemental Data": "0", "Capital Expenditure": "-1,146", "Issuance of Capital Stock": "-", "Repurchase of Capital Stock": "-", "Free Cash Flow": "-6,974"}, "3/31/2018": {"Duration": "3/31/2018", "Operating Cash Flow": "-268", "Investing Cash Flow": "-8,823", "Financing Cash Flow": "1,042", "End Cash Position": "10,152", "Income Tax Paid Supplemental Data": "130", "Interest Paid Supplemental Data": "0", "Capital Expenditure": "-4,015", "Issuance of Capital Stock": "-", "Repurchase of Capital Stock": "0", "Free Cash Flow": "-4,283"}}}}, {"ARRS": {"fin": {}, "bs": {}, "cf": {}}}, {"HIVE": {"fin": {}, "bs": {}, "cf": {}}}, {"HRS": {"fin": {}, "bs": {}, "cf": {}}}, {"IIJI": {"fin": {}, "bs": {}, "cf": {}}}, {"PNTR": {"fin": {}, "bs": {}, "cf": {}}}, {"IDSY": {"fin": {}, "bs": {}, "cf": {}}}, {"ZOOM": {"fin": {}, "bs": {}, "cf": {}}}, {"CMRO": {"fin": {}, "bs": {}, "cf": {}}}, {"CWRL": {"fin": {}, "bs": {}, "cf": {}}}, {"PTSC": {"fin": {}, "bs": {}, "cf": {}}}]